3267 5259
522 424 565 471 X
574 424 615 471 X
626 424 665 471 X
674 424 695 471 l
703 424 727 471 Ι
1092 459 1097 463 ·
1351 438 1597 489 Apparatus
1624 438 1840 479 Historico
1861 463 1910 469 —
1928 440 2178 481 Chronicus.

520 614 736 688 μενος(;
784 618 937 695 quod
992 616 1246 692 Vulgata
1304 618 1590 677 reddidit:
1646 624 1774 677 erat
1837 617 2127 695 incipiens
2179 620 2344 695 quasi
2397 638 2688 677 annorum
2737 618 3010 693 triginta.

518 720 630 778 Sed
678 722 856 779 etiam
902 741 975 779 ex
1022 721 1115 779 his
1152 724 1366 793 verbiS‚
1416 721 1607 801 quae¹
1659 744 1845 781 unum
1895 722 2053 781 istud
2099 722 2468 797 significant:
2517 743 2636 781 non
2679 723 2936 780 multum
2977 743 3014 780 a

520 825 810 883 tricesimo
842 826 1050 883 aetatis
1096 845 1247 883 anno
1279 827 1549 898 abfuisse,
1598 828 1839 905 quidam
1885 828 2016 903 plus
2047 827 2333 901 colligunt-
2363 846 2541 905 quam
2569 828 2636 884 in
2684 828 2755 883 iis
2801 827 3008 884 iaceat.

518 928 900 1003 Evangelista
946 950 1064 987 non
1111 930 1255 987 dicit
1298 934 1501 988 utrum
1548 930 1842 989 tricesimo
1888 933 2180 1003 absoluto,
2238 938 2297 989 et
2339 932 2525 989 altero
2575 951 2642 989 ac
2689 933 3010 989 tricessimo

519 1034 791 1103 ineunte;
840 1054 916 1091 an
961 1038 1091 1108 post
1138 1036 1514 1105 tricesimum,
1564 1035 1808 1093 ineunte
1839 1036 2133 1094 tricesimo
2173 1038 2362 1111 primo
2407 1036 2469 1093 id
2515 1036 2826 1093 accederit:
2873 1054 3010 1093 cum

518 1138 759 1212 perinde
804 1138 1094 1213 particula
1143 1133 1312 1213 ,ὡσεὶι
1360 1158 1515 1197 anno
1560 1141 2010 1197 undetricesimo
2057 1140 2310 1215 explete,
2357 1159 2424 1197 ac
2473 1140 2765 1198 tricesimo
2812 1142 3008 1215 primo

523 1242 795 1299 inchoato
837 1242 1258 1300 accommodari
1290 1242 1492 1318 possit3
1540 1248 1599 1301 et
1629 1244 1922 1301 tricesimo
1964 1264 2084 1302 non
2111 1245 2349 1302 omnino
2379 1249 2684 1320 repugnet.
2743 1242 3010 1305 Quarum

517 1347 1073 1422 interpretationum
1112 1365 1374 1424 quaeque
1427 1349 1515 1404 uti
1560 1366 1694 1405 cum
1739 1349 1794 1406 d.
1829 1348 2023 1405 Lucae
2068 1350 2265 1407 verbis
2313 1348 2615 1405 conciliari
2657 1354 2870 1423 potaet3
2921 1348 3010 1405 ita

517 1450 684 1507 nulla
730 1452 901 1507 unice
940 1470 1080 1508 vera
1126 1456 1229 1508 est.
1276 1452 1586 1509 Praeterea
1630 1473 1677 1509 s.
1719 1452 1906 1510 Lucas
1951 1472 2069 1510 non
2114 1452 2425 1529 scripserat
2466 1452 2504 1509 J
2505 1472 2668 1510 esum
2705 1452 3005 1509 Christum

517 1574 671 1611 anno
694 1554 829 1611 XV.
857 1554 1080 1611 Tiberii
1110 1555 1291 1629 egisse
1315 1576 1495 1613 annos
1519 1557 1796 1629 triginta3
1833 1557 2019 1631 posito
2047 1558 2223 1614 etiam
2249 1577 2294 1613 s,
2318 1557 2536 1614 Lucam
2560 1557 2844 1632 perfectos
2867 1575 3008 1613 con-

520 1664 945 1736 summatosque
978 1660 1227 1717 tricenos
1258 1679 1439 1717 annos
1470 1659 1859 1717 intellexisse:
1893 1662 1993 1717 sed
2021 1661 2059 1718 J
2060 1680 2308 1718 oannem
2337 1662 2405 1719 B.
2437 1682 2482 1719 s.
2502 1660 2760 1735 Spiritus
2791 1659 3006 1717 afflatu

520 1762 593 1818 ad
624 1764 1072 1837 praedicandam
1102 1764 1525 1839 poenitentiam
1558 1764 1856 1839 prodiisse.
1925 1764 2164 1821 Etenim
2193 1764 2325 1821 fieri
2355 1767 2566 1841 potuit,
2615 1770 2684 1822 ut
2712 1764 3006 1839 Baptistes

519 1886 672 1924 anno
704 1866 927 1925 Tiberii
957 1866 1093 1925 XV.
1126 1872 1395 1938 exeunte,
1446 1868 1654 1925 relicta
1697 1868 2013 1927 solitudine
2044 1870 2440 1926 ministerium
2471 1888 2642 1927 suum
2673 1870 3006 1944 auspicatus

518 1971 727 2040 fuerit;
776 1977 836 2028 et
869 1992 1023 2029 anno
1053 1977 1327 2049 sequente
1358 1972 1581 2029 Tiberii
1612 1971 1786 2029 XVI.
1821 1972 2152 2047 baptizatus
2189 1975 2263 2030 ab
2303 1975 2500 2030 eodem
2539 1972 2594 2029 J.
2628 1973 2900 2047 Baptista
2927 1972 3010 2029 sit

520 2075 806 2133 Christus.
831 2074 1026 2137 Quare
1050 2095 1156 2133 nec
1172 2096 1254 2133 ex
1276 2076 1385 2134 hoc
1407 2076 1755 2146 charactere,
1783 2075 1833 2132 si
1857 2078 2094 2133 seorsim
2119 2076 2533 2146 consideretur,
2569 2076 2788 2133 Christi
2815 2096 3006 2133 annus

518 2179 731 2236 natalis
762 2180 959 2253 colligi
991 2186 1197 2254 potest.
1248 2180 1393 2237 Cum
1440 2182 1583 2238 haec
1612 2186 1671 2237 et
1700 2200 1848 2259 quae
1879 2182 1953 2238 ab
1983 2180 2116 2238 aliis
2136 2177 2163 2218 2
2192 2182 2506 2238 adhibetur
2536 2180 2756 2237 Christi
2787 2180 3006 2238 natalis

518 2282 915 2357 investigandi
948 2286 1127 2342 ratio:
1175 2304 1210 2340 a
1242 2290 1497 2360 tempore
1522 2282 1563 2355 ³,
1606 2304 1720 2362 quo
1750 2286 2057 2359 Magorum
2088 2285 2318 2343 stellam
2349 2286 2684 2361 apparuisse
2717 2284 3003 2353 inferunt,

520 2386 727 2444 saltem
781 2388 1056 2461 ambigua
1077 2386 1101 2425 ⁴
1172 2408 1289 2445 esse
1355 2388 1708 2464 reperiatur3
1782 2389 1901 2446 iam
1955 2388 2021 2446 in
2075 2390 2318 2446 tertium
2369 2409 2576 2448 eumve
2625 2388 3004 2465 praecipuum

518 2491 749 2548 Natalis
778 2492 1074 2551 Dominici
1106 2493 1501 2551 characterem
1532 2493 1928 2571 inquiramus:
1976 2494 2356 2551 emortualem
2387 2492 2638 2551 Herodis
2669 2513 2912 2551 annum.

726 2600 822 2653 25.
873 2598 1059 2681 Natus
1112 2604 1191 2651 est
1242 2598 1407 2652 Jesus
1468 2597 1714 2652 Christus
1768 2606 1892 2653 ante
1945 2607 2166 2653 mortem
2220 2600 2463 2653 Herodis
2517 2600 2596 2655 M.
2693 2598 2880 2655 Nemo
2937 2597 3002 2653 in

517 2700 800 2757 Historiis
846 2720 890 2757 s.
934 2700 1370 2779 aliquantulum
1418 2703 1774 2759 exercitatus
1819 2702 2152 2774 mirabitur,
2205 2704 2510 2774 credimus,
2559 2702 2711 2780 quod
2758 2702 3004 2759 tertium

516 2823 763 2881 eumque
794 2806 1173 2879 praecipuum
1204 2805 1435 2863 Natalis
1468 2804 1709 2863 Domini
1757 2806 2150 2864 characterem
2194 2807 2482 2864 dicamus:
2529 2825 2618 2862 an
2637 2826 2810 2863 num
2857 2826 2951 2883 qu
2971 2826 3004 2863 o

518 2908 873 2965 Herodes
916 2910 999 2965 M.
1048 2909 1231 2967 vita
1273 2909 1598 2967 functus
1645 2914 1780 2967 est.
1845 2912 1972 2967 Hoc
2002 2912 2160 2968 enim
2192 2916 2422 2986 reperto
2453 2909 2624 2967 facile
2653 2910 2792 2967 licet
2823 2910 3003 2983 figere

518 3016 763 3086 tempus,
800 3010 962 3069 ultra
984 3014 1136 3089 quod
1159 3012 1379 3069 Christi
1404 3012 1625 3070 natales
1649 3020 1942 3090 nequeant
1971 3016 2290 3089 prorogari,
2327 3019 2526 3089 utpote
2557 3014 2658 3091 qui
2688 3016 3003 3088 superstite

515 3114 749 3172 Herode
801 3115 1191 3188 contigerunt.
1260 3115 1500 3173 Etenim
1560 3116 1920 3189 Evangelica
1977 3116 2091 3173 fide
2151 3118 2466 3175 credimus:
2533 3118 2734 3191 Magos
2793 3122 3000 3174 nat-um

516 3218 816 3277 Christum
850 3221 1190 3277 adoraturos
1219 3220 1459 3277 vivente
1488 3220 1722 3277 Herode
1749 3220 1786 3277 J
1789 3219 2140 3297 erosolymas
2180 3222 2406 3279 venisse
2425 3219 2478 3290 ⁵3
2520 3220 2768 3277 eundem
2805 3240 3000 3292 regem

514 3322 953 3380 infanticidium
995 3344 1099 3400 per
1138 3343 1426 3380 summam
1467 3324 1775 3382 saevitiam
1819 3326 2160 3399 imperasse;
2204 3327 2440 3403 eiusque
2483 3324 2640 3383 caedi
2675 3324 2996 3394 Christum,

515 3433 811 3484 maturata
832 3429 893 3483 in
919 3430 1259 3505 Aegyptum
1284 3428 1441 3501 fuga,
1469 3429 1820 3487 subductum
1843 3429 2039 3486 fuisse.
2086 3429 2158 3486 In
2181 3429 2504 3487 subsidium
2531 3430 2728 3507 itaque
2753 3429 2998 3486 vocandi

514 3539 653 3589 sunt
697 3552 772 3587 ex
817 3532 1117 3589 Herodum
1162 3532 1446 3590 Historiis
1498 3532 1654 3591 varii
1707 3539 1979 3604 eventus,
2035 3554 2110 3590 ex
2163 3553 2410 3611 quorum
2463 3533 2683 3608 epocha
2735 3532 2872 3589 dein
2925 3534 2998 3589 ad

513 3634 752 3693 fatalem
776 3635 1025 3693 Herodis
1048 3637 1368 3693 terminum
1400 3636 1742 3694 concludere
1774 3637 1992 3695 licebit.
2034 3637 2073 3693 J
2073 3656 2168 3693 am
2200 3642 2396 3695 autem
2428 3638 2540 3694 duo
2569 3637 2688 3693 huc
2717 3636 3000 3694 facientia

513 3744 781 3795 constant
820 3758 893 3795 ex
936 3740 1277 3813 Evangelio.
1345 3744 1419 3797 A.
1466 3740 1764 3798 Christum
1807 3746 2013 3798 natum
2045 3761 2163 3797 esse
2206 3760 2323 3797 non
2365 3739 2551 3797 multo
2583 3746 2719 3797 ante
2749 3748 2998 3797 mortem

514 3842 763 3900 Herodis
816 3844 927 3914 M„
992 3844 1171 3901 totius
1229 3844 1484 3902 Judaeae
1544 3845 1698 3919 regis
1727 3843 1769 3903 ⁸.
1855 3844 2022 3903 Unde
2076 3846 2429 3922 quicumque
2483 3846 2551 3902 dc
2603 3864 2756 3902 anno
2811 3843 2996 3901 natali

724 4085 759 4151 ¹)
798 4086 871 4135 Ut
907 4086 1039 4135 scite
1074 4086 1181 4134 iam
1216 4087 1423 4135 monuit
1459 4086 1526 4135 D.
1564 4086 1833 4145 Petavius,
1873 4084 2103 4134 animad.
2141 4084 2208 4133 ad
2249 4084 2393 4133 haer.
2431 4086 2515 4134 51.
2553 4083 2652 4149 Op.
2691 4084 2888 4149 Epiph.
2925 4084 2996 4145 11,

516 4176 627 4222 108.
689 4173 773 4223 De
824 4173 1068 4223 doctrina
1104 4178 1398 4236 temporum
1436 4172 1565 4233 XII,
1604 4174 1654 4221 ὃ.
1703 4172 1782 4235 11,
1821 4174 1940 4221 226.
2015 4171 2056 4236 2)
2101 4171 2244 4220 Frid.
2283 4171 2516 4233 Mflnter,
2567 4170 2661 4219 der
2699 4170 2858 4221 Stern
2905 4172 2999 4220 der

514 4260 743 4308 Weiscn.
806 4258 1289 4323 Uutersuchungen
1335 4258 1467 4308 fiber
1516 4258 1613 4307 das
1661 4257 2012 4322 Geburtsjahr
2062 4257 2274 4308 Christi.
2337 4256 2696 4322 copenhagen
2747 4259 2898 4307 1827.
2945 4275 2996 4323 p.

514 4348 593 4394 70.
630 4361 670 4394 s.
720 4346 780 4393 F.
816 4346 992 4410 Piper,
1032 4345 1097 4394 de
1137 4348 1358 4394 externa
1391 4346 1535 4393 vitae
1572 4344 1704 4393 Jesu
1743 4344 2090 4409 chronologia
2125 4349 2270 4393 recte
2307 4343 2694 4393 constituenda.
2757 4342 2996 4409 Gotting.

513 4432 664 4481 1835.
704 4447 752 4495 p.
792 4433 874 4481 20.
912 4446 952 4480 s.
1014 4431 1290 4494 Wieseler,
1337 4431 1531 4480 Chron.
1571 4430 1799 4497 Synops.
1847 4447 1900 4496 p.
1938 4432 2021 4479 57.
2059 4446 2101 4480 s.
2176 4430 2216 4493 ³)
2256 4430 2442 4481 Matth.
2481 4434 2529 4491 2,
2571 4431 2755 4479 1—22.
2830 4430 2872 4494 ⁴)
2911 4430 2996 4479 Ex

510 4517 687 4566 causis
710 4518 765 4565 in
789 4519 947 4567 Dion.
976 4520 1199 4581 Patavii,
1225 4519 1498 4568 Rationar.
1525 4518 1595 4580 ΙΙ,
1621 4520 1670 4581 4,
1699 4520 1746 4568 3.
1774 4517 1854 4567 ed.
1883 4532 1927 4566 c.
1954 4533 2004 4582 p.
2035 4520 2150 4566 151.
2189 4518 2439 4567 recitatis.
2467 4515 2546 4565 cf.
2575 4532 2619 4565 c.
2647 4516 2710 4565 L.
2737 4517 2810 4567 M.
2836 4516 2996 4577 Roth,

508 4603 575 4653 de
600 4602 757 4653 stella
792 4618 825 4653 a
848 4605 1021 4669 Magis
1056 4609 1360 4670 conspecta..
1397 4604 1539 4670 Mog.
1569 4606 1719 4654 1865.
1749 4620 1801 4669 p.
1831 4606 1912 4653 19.
1938 4619 1980 4652 s.
2045 4604 2086 4667 ⁵)
2129 4604 2188 4652 V.
2215 4620 2266 4668 p.
2297 4606 2376 4653 12.
2403 4618 2444 4652 ι.
2507 4602 2548 4668 ⁶)
2585 4601 2773 4653 Matth.
2802 4605 2850 4665 2,
2881 4607 2926 4652 1.
2954 4618 2996 4652 s.
