3267 5259
992 404 1045 445 D.
1074 403 1257 446 Joanuis
1286 404 1335 445 Α.
1367 405 1559 445 extrema
1588 404 1680 445 rata
1705 405 1753 445 et
1779 404 1961 455 scripta.
2581 391 2705 455 497

226 686 284 765 §-
336 686 480 750 102.
550 681 616 747 S.
650 682 987 748 Joannis
1032 684 1359 764 car-itae,
1418 685 1734 765 itinera,
1792 682 2328 769 praedicatiO,
2389 682 2706 749 exilium

1172 806 1414 883 atque
1470 796 1750 861 obitus.

434 993 571 1051 Non
600 994 786 1051 multo
816 1000 944 1069 post
975 994 1033 1051 S.
1059 995 1223 1052 Petri
1254 994 1319 1051 in
1342 996 1488 1051 Asia
1516 994 1695 1065 sedeS‚
1730 1014 1794 1052 eo
1824 1014 1942 1051 sese
1975 994 2288 1053 contulisse
2319 996 2374 1052 d.
2399 994 2434 1051 J
2438 1016 2704 1066 oannem,

226 1104 497 1156 constans
518 1098 809 1156 Ecclesiae
832 1098 1075 1156 traditio
1104 1099 1283 1155 habet
1302 1096 1338 1156 ¹.
1372 1098 1557 1155 Plura
1586 1102 1922 1170 narrantur,
1958 1117 2104 1177 quae
2127 1099 2165 1155 J
2166 1102 2370 1158 oannis
2402 1084 2706 1158 caritatem

226 1208 512 1278 spectant.
554 1203 794 1261 Celeber
823 1208 911 1261 est
939 1223 1101 1261 amor
1132 1204 1187 1260 d.
1220 1203 1255 1261 J
1258 1204 1462 1261 oannis
1493 1223 1634 1277 erga
1662 1204 1937 1261 iuvenem
1968 1206 2276 1281 quendam,
2310 1204 2413 1282 qui
2445 1204 2510 1261 in
2539 1206 2706 1262 varia

225 1307 441 1365 scelera
456 1313 515 1366 et
530 1307 842 1365 latrocinia
858 1307 1085 1377 incidit,
1112 1309 1209 1365 sed
1226 1309 1301 1365 ab
1318 1308 1595 1384 Apostolo
1616 1308 1904 1381 singulari
1921 1311 2135 1367 amoris
2159 1310 2384 1367 ratione
2407 1310 2478 1365 ad
2495 1309 2708 1366 bonam

230 1412 461 1486 frugem
492 1417 795 1471 revocatus
818 1408 992 1469 fuit2.
1038 1414 1242 1490 Neque
1272 1414 1570 1470 reticenda
1598 1418 1754 1485 sunt,
1790 1433 1936 1491 quae
1965 1434 2011 1471 s.
2031 1414 2429 1491 Hieronymus
2459 1410 2707 1471 tradit3:

230 1536 385 1585 ,cum
413 1518 633 1593 Ephesi
664 1523 993 1575 moraretur
1036 1537 1219 1595 usque
1262 1518 1333 1575 ad
1374 1518 1648 1575 ultimam
1691 1523 2073 1588 senectutem,
2125 1522 2183 1575 et
2211 1518 2320 1576 vix
2349 1520 2508 1576 inter
2538 1518 2709 1575 disci-

227 1621 503 1698 pulorum
536 1641 743 1679 manus
772 1623 845 1679 ad
876 1620 1195 1679 Ecclesiam
1226 1623 1568 1694 deferretur,
1618 1642 1726 1679 nec
1770 1627 1958 1697 posset
1995 1623 2060 1679 in
2099 1622 2272 1697 plura
2301 1642 2500 1682 vocem
2530 1624 2712 1681 verba

226 1730 555 1796 contexere,
589 1726 745 1783 nihil
775 1726 937 1784 aliud
968 1746 1072 1802 per
1100 1726 1363 1801 singulas
1386 1726 1607 1785 solebat
1627 1726 1890 1802 proferre
1913 1724 2180 1785 collectas
2203 1728 2318 1784 nisi
2341 1728 2476 1785 hoc:
2507 1725 2710 1785 Filioli

225 1831 458 1904 diligite
488 1832 863 1889 alterutrum.
918 1831 1175 1889 Tandem
1206 1831 1477 1907 discipuli
1510 1837 1569 1890 et
1597 1831 1808 1889 fratres
1839 1830 2031 1889 taedio
2060 1831 2274 1903 affecti,
2327 1832 2479 1909 quod
2510 1832 2708 1888 eadem

224 1954 451 2010 semper
469 1936 761 2006 audirent,
795 1937 1103 1994 dixerunt:
1134 1936 1415 2009 Magister
1438 1954 1617 2014 quare
1640 1955 1864 2011 semper
1886 1935 1996 1994 hoc
2018 1934 2302 2013 loqueris?
2331 1935 2448 1999 Qui
2472 1954 2706 2011 respon-

226 2040 315 2097 dit
350 2040 595 2113 dignam
632 2040 667 2096 J
670 2059 856 2098 oanne
893 2041 1273 2099 sententiam:
1320 2040 1461 2119 quia
1504 2045 1876 2117 praeceptum
1909 2039 2150 2097 Domini
2193 2048 2294 2110 est,
2340 2046 2400 2097 et
2441 2040 2492 2097 si
2523 2039 2710 2097 solum

226 2144 347 2213 fiat,
382 2142 646 2200 sufficit.‘
698 2144 949 2219 Ephesi
982 2150 1127 2201 tres
1172 2144 1404 2202 edidit
1444 2144 1821 2219 epistolas,
1867 2163 2014 2222 quae
2044 2150 2385 2220 perpetuam
2414 2144 2705 2202 Ecclesiae

226 2248 413 2305 lucem
446 2249 811 2306 ministrant.
844 2248 1219 2307 Domitianus
1250 2250 1417 2307 ferox
1448 2268 1516 2307 ac
1536 2248 1812 2305 immanis
1840 2247 1906 2305 in
1931 2247 2151 2305 Christi
2181 2254 2487 2307 sectatores
2518 2248 2712 2324 palam

226 2353 508 2424 saeviens,
529 2374 574 2410 s.
592 2353 627 2409 J
631 2372 877 2411 oannem
894 2352 1189 2429 imprimis
1204 2352 1315 2410 Dei
1332 2353 1485 2411 Filio
1502 2354 1782 2411 dilectum
1797 2372 2022 2425 exosus,
2041 2353 2270 2428 Epheso
2286 2354 2629 2429 proscripsit
2645 2372 2711 2411 ac

226 2456 473 2514 Romam
503 2458 745 2514 ductum
776 2458 841 2514 in
872 2456 1156 2516 ferventis
1179 2458 1291 2515 olei
1316 2458 1539 2515 dolium
1570 2458 1826 2532 demergi
1858 2458 2059 2527 iussit3
2095 2478 2168 2515 ex
2191 2478 2306 2537 quo
2331 2477 2462 2515 cum
2485 2460 2714 2532 integer

225 2561 575 2639 illa-esusque
606 2563 859 2634 abiisset,
894 2564 959 2619 in
982 2562 1297 2620 Pathmum
1312 2560 1353 2635 4,
1396 2562 1734 2641 Cycladum,
1769 2564 1951 2637 Aegei
1977 2564 2154 2621 maris
2185 2563 2455 2634 insulam,
2487 2562 2708 2637 relega-

226 2666 332 2737 vit,
364 2667 471 2725 ubi
504 2670 609 2743 Ap
624 2667 1013 2745 ocalypsim
1044 2668 1371 2726 innumeris
1408 2668 1744 2726 futurorum
1775 2667 2072 2746 mysteriis
2107 2668 2384 2725 refertam
2416 2668 2650 2743 scripsit·
2668 2666 2709 2725 5.

226 2954 542 3013 canonicae,
580 2953 754 3017 potuit
778 2950 1005 3017 Spiritus
1031 2968 1075 3001 s.
1101 2952 1286 3002 eadem
1314 2952 1536 3003 diversis
1562 2952 1939 3018 hagiographis
1975 2968 2278 3019 suggerere,
2315 2958 2713 3018 suppetuntque

224 3040 278 3087 in
315 3039 513 3088 divinis
550 3038 696 3088 libris
732 3039 799 3089 U.
831 3040 893 3089 Τ.
931 3038 1075 3088 haud
1112 3054 1287 3105 pauca
1324 3040 1567 3105 exempla
1604 3039 1892 3089 earundem
1929 3039 2039 3089 sere
2075 3040 2477 3091 sententiarum.
2516 3040 2714 3089 Verum

228 3126 291 3175 de
328 3126 411 3176 his
450 3142 499 3174 v.
540 3125 804 3190 protheor.

440 3214 477 3275 ¹)
514 3213 702 3277 Neque
727 3218 905 3262 tamen
929 3213 1008 3262 ita
1032 3212 1082 3262 d.
1108 3212 1373 3263 «Ioannem
1404 3212 1711 3279 Ephesinae
1737 3214 2016 3264 Ecclesiae
2042 3213 2260 3263 affixum
2290 3214 2479 3279 filisse3
2516 3218 2576 3263 ut
2604 3229 2712 3263 non

227 3299 343 3349 aliis
370 3314 585 3365 quoque
609 3300 792 3359 verbo,
832 3300 1027 3365 scripto
1054 3303 1108 3349 et
1132 3300 1373 3366 exemplo
1400 3300 1672 3366 profuerit,
1712 3302 1816 3350 iam
1844 3300 1972 3351 alibi
2009 3302 2324 3351 monuimus.
2363 3302 2426 3350 V.
2453 3318 2504 3366 p.
2526 3302 2644 3351 293.
2669 3316 2711 3350 s.

228 3384 306 3435 Ad
344 3392 553 3435 ceteras
581 3386 769 3436 saltem
801 3386 961 3436 Asiae
987 3385 1262 3437 Ecclesias
1297 3402 1479 3437 curam
1509 3386 1561 3436 S.
1588 3387 1833 3450 hannis,
1866 3389 2044 3453 potius
2075 3392 2136 3438 ut
2168 3388 2426 3453 Apostoli,
2466 3402 2623 3453 quam
2653 3392 2715 3437 ut

227 3474 465 3539 episcopi
490 3473 825 3539 pertinuisse,
866 3478 1012 3538 patet
1038 3490 1101 3523 ex
1128 3490 1210 3539 ep.
1235 3473 1308 3523 11.
1336 3491 1384 3523 v.
1413 3477 1494 3524 12.
1522 3479 1575 3523 et
1599 3474 1698 3523 ΙΙΙ.
1725 3492 1777 3524 v.
1804 3478 1885 3525 13.
1925 3479 1980 3524 et
2012 3477 2119 3540 14.;
2162 3490 2270 3525 non
2294 3476 2467 3525 minus
2495 3490 2656 3540 quam
2682 3490 2710 3523 e

226 3559 391 3609 literis
418 3559 823 3625 apocalyptici&
862 3560 923 3609 Id
949 3560 1089 3610 idem
1116 3559 1166 3609 S.
1188 3562 1247 3610 P.
1268 3562 1327 3610 P.
1349 3566 1401 3610 et
1420 3560 1471 3610 S.
1495 3562 1557 3611 E.
1585 3561 1866 3611 affirmant.
1909 3561 1986 3611 Cf.
2010 3561 2311 3628 Origenetn,
2340 3562 2483 3627 apud
2509 3562 2710 3611 Euseb.

228 3646 293 3695 H.
319 3647 383 3695 E.
420 3647 521 3709 111,
560 3650 607 3696 1.
646 3664 695 3711 p.
732 3649 813 3696 71.
864 3646 1191 3697 Clementem
1226 3648 1377 3697 Alex.
1411 3648 1483 3697 ib.
1522 3650 1603 3697 23.
1641 3665 1694 3714 p.
1731 3651 1814 3698 91.
1851 3652 1898 3697 2.
1946 3648 2350 3710 Tertullianum,
2388 3648 2508 3698 adv.
2544 3648 2710 3698 Marc.

227 3733 316 3795 IV,
362 3736 413 3783 5.
462 3750 514 3798 p.
559 3734 675 3783 151.
738 3733 791 3783 S.
830 3734 1095 3783 Joannem
1143 3733 1601 3799 Chrysostomum,
1651 3750 1849 3800 argum.
1889 3736 1940 3784 in
1980 3750 2062 3800 ep.
2101 3734 2172 3784 ad
2205 3734 2404 3801 Ephes.
2447 3735 2539 3796 XI,
2581 3739 2625 3786 1.
2671 3750 2711 3784 s.

230 3820 633 3884 Hieronymum,
672 3819 739 3869 de
774 3821 871 3872 vir.
900 3820 1088 3871 illustr.
1116 3836 1161 3869 c.
1189 3822 1235 3870 9.
1262 3838 1313 3886 p.
1340 3823 1424 3870 57.
1462 3822 1721 3886 aliosque.
1785 3820 1824 3887 ²)
1861 3821 2148 3870 Memoriae
2180 3821 2416 3871 studiose
2453 3836 2713 3872 commen-

228 3907 375 3957 davit
410 3906 517 3956 hoc
554 3907 754 3956 factum
794 3906 1041 3957 Clemens
1077 3906 1243 3969 Alex„
1283 3909 1401 3973 quis
1439 3907 1587 3957 dives
1625 3907 1862 3957 salvetur
1897 3924 1948 3956 n.
1985 3909 2068 3957 42.
2108 3924 2158 3973 p.
2196 3909 2342 3971 959.;
2391 3912 2444 3957 et
2479 3908 2532 3957 in
2571 3924 2710 3957 com-

225 3994 423 4059 pendio
465 3993 687 4043 eandem
726 3994 997 4044 historiam
1036 3993 1249 4043 exhibet
1284 3994 1338 4044 S.
1364 3995 1603 4044 Joannes
1645 3994 2066 4059 chrysostomus,
2105 4008 2320 4060 paraen.
2358 3994 2396 4044 Ι.
2435 3994 2503 4045 ad
2539 3994 2712 4045 Theo-

227 4081 415 4130 dorum
451 4080 589 4145 laps.
616 4096 668 4130 n.
697 4083 777 4130 16.
815 4080 857 4141 Ι,
886 4082 969 4131 31.
1020 4080 1099 4130 cf.
1136 4082 1357 4147 Lampe,
1394 4081 1540 4131 Com.
1575 4082 1676 4130 Ev.
1713 4097 1818 4131 sec.
1845 4082 2042 4131 Joann.
2066 4081 2286 4132 Amstel.
2314 4083 2465 4131 1724.
2491 4082 2533 4144 I,
2562 4083 2643 4131 73.
2669 4098 2711 4132 s.

226 4168 265 4233 ³)
305 4168 512 4217 Comm.
536 4168 595 4216 in
621 4182 703 4232 ep.
731 4166 800 4216 ad
826 4166 946 4216 Gal.
972 4168 1020 4229 6,
1052 4171 1131 4218 10.
1170 4168 1289 4229 VII,
1315 4170 1434 4218 528.
1460 4171 1508 4218 9.
1572 4169 1614 4233 ⁴)
1654 4170 1718 4217 D.
1746 4169 2012 4218 Joannem
2035 4168 2092 4217 in
2116 4167 2339 4217 Pathmo
2367 4183 2473 4218 non
2505 4167 2711 4217 exulem

224 4256 373 4305 iussu
410 4268 661 4317 roman03
710 4254 805 4304 sed
846 4256 1146 4304 securitatis
1183 4255 1271 4303 vel
1316 4255 1600 4320 Evangelii
1636 4254 1984 4321 praedicandi
2033 4268 2200 4305 causa
2243 4259 2511 4306 versatum
2548 4255 2712 4305 fiiisse

224 4348 423 4391 temere
475 4341 835 4391 arbitrabatur
884 4340 946 4390 G.
984 4341 1054 4390 Μ.
1093 4340 1512 4404 Schwollmann‚
1563 4357 1748 4391 comm.
1797 4343 1862 4392 de
1907 4342 2134 4392 Joannis
2173 4343 2230 4391 in
2268 4341 2490 4392 Pathmo
2537 4342 2712 4392 exilio.

222 4428 349 4479 Hal.
388 4429 543 4478 1757.
580 4444 632 4493 p.
666 4428 714 4476 8.
753 4444 795 4477 s.
869 4429 911 4492 ⁵)
957 4428 1182 4490 Primus,
1230 4428 1323 4493 qui
1368 4428 1507 4477 hanc
1552 4444 1664 4479 rem
1698 4456 1763 4464 —
1801 4444 1960 4495 quam
1996 4428 2283 4494 Apostolus
2321 4444 2418 4494 pro
2457 4434 2715 4479 consueta

225 4516 327 4567 sibi
364 4514 633 4565 modestia
675 4515 864 4580 paucis
900 4514 1074 4565 innuit
1122 4516 1284 4578 Apoc.
1323 4517 1369 4577 1,
1404 4518 1453 4564 9.
1491 4542 1557 4551 —-
1592 4520 1791 4579 narrat,
1831 4520 1912 4566 est
1950 4514 2003 4565 S.
2037 4514 2318 4578 Irenaeus,
2356 4517 2413 4564 in
2451 4516 2712 4569 Chronico

226 4602 451 4651 Eusebii
488 4618 566 4667 gr.
594 4601 663 4651 ad
688 4616 735 4651 a.
763 4602 904 4650 XIV.
931 4602 1241 4663 Domitiani,
1270 4601 1349 4651 ed.
1374 4601 1511 4651 Van.
1532 4602 1682 4666 VIII,
1709 4604 1828 4653 689.
1865 4602 2151 4665 Eusebius,
2181 4604 2317 4653 Hist.
2346 4603 2476 4652 eccl.
2501 4603 2600 4665 ΙΙΙ,
2631 4604 2710 4653 18.

332 4694 541 4741 Danko.
572 4694 687 4735 nist.
714 4694 1006 4735 &velationis
1029 4694 1219 4735 divinae.
1250 4694 1307 4735 11.
2337 4692 2402 4739 32
