3267 5259
1062 421 1105 460 S.
1128 418 1246 459 Petri
1272 416 1459 459 Laliores
1486 416 1732 468 apostolici.
2515 403 2640 467 337

194 602 439 656 veretur.
509 597 739 656 Petrus
786 592 939 655 data
982 593 1239 657 interim
1264 591 1409 655 ·sibi
1453 614 1573 677 per
1618 590 1928 676 Spiritum
1975 588 2040 655 S.
2073 588 2220 655 luce
2260 600 2641 675 agnoverat,

194 706 403 787 visum,
452 704 629 790 quod
676 707 1030 791 spectavit,
1079 704 1457 789 designare:
1514 714 1744 789 gentes
1792 725 2054 790 quoque
2102 702 2357 768 Christo
2415 703 2640 768 adiun-

193 817 437 901 gendus,
494 817 779 903 ideoque
836 828 991 882 voto
1052 816 1403 883 obsecutus
1464 826 1732 904 postera
1787 816 1930 881 die¹
1989 817 2134 881 viae
2183 839 2253 881 se
2301 819 2638 881 commisit.

192 930 509 995 Venientes
582 930 967 995 Cornelius²
1036 932 1415 995 convocatis
1482 932 1707 995 amicis
1776 942 1842 994 et
1904 931 2290 995 necessariis
2360 932 2640 1016 excepit.

194 1043 322 1107 Mox
375 1043 459 1107 ad
502 1043 712 1129 pedes
760 1046 897 1107 eius
943 1043 1293 1130 procidens
1348 1066 1593 1129 pronus
1658 1042 2131 1126 venerabatur3
2195 1043 2312 1109 sed
2375 1065 2641 1129 surgere

192 1154 329 1220 illico
374 1158 821 1221 centurionem
865 1158 1051 1221 iussit
1078 1156 1313 1221 Petrus
1338 1160 1381 1238 3,
1430 1178 1789 1241 omnesque
1837 1156 2027 1220 simul
2070 1155 2339 1221 domum
2369 1158 2641 1241 ingressi

194 1280 327 1332 sunt.
386 1268 573 1333 Tunc
604 1269 839 1333 Petrus
872 1268 955 1333 ad
989 1279 1426 1354 congregatos
1460 1268 1696 1333 multos
1731 1268 1821 1332 de
1871 1268 2182 1334 Christo
2231 1268 2642 1334 Salvatore

192 1384 385 1446 unico
419 1392 490 1447 et
522 1381 775 1448 salute
811 1384 1148 1447 omnium
1172 1384 1247 1446 in
1274 1405 1439 1447 eum
1473 1381 1956 1447 credentium
1989 1384 2372 1447 concionem
2398 1382 2642 1448 habuit.

192 1494 393 1559 Adhuc
440 1518 590 1559 cum
634 1494 1045 1581 loquebatur,
1094 1518 1251 1559 ecce
1298 1494 1575 1582 Spiritus
1622 1493 1902 1558 Sanctus
1941 1496 2010 1558 in
2050 1492 2424 1561 Cornelium
2473 1506 2644 1561 cete-

192 1628 391 1692 rosque
438 1607 779 1672 audientes
824 1606 993 1672 ultro
1043 1607 1348 1694 delapsus
1396 1617 1521 1690 est3
1582 1609 1690 1693 qui
1737 1606 1952 1671 subito
2013 1617 2227 1673 oestro
2275 1607 2531 1695 abrepti
2575 1611 2644 1673 in

192 1716 382 1784 landes
434 1720 563 1783 Dei
618 1721 947 1784 variarum
1002 1718 1369 1805 linguarum
1428 1742 1589 1784 sono
1651 1741 1953 1805 erupere,
2009 1742 2144 1784 non
2197 1722 2336 1784 sine
2393 1744 2647 1785 summa

192 1830 581 1897 admiratione
636 1831 958 1915 fidelium,
1021 1834 1128 1920 qui
1188 1842 1383 1897 antea
1436 1832 1678 1897 Judaei
1733 1832 2010 1897 fuerant.
2087 1832 2176 1897 At
2220 1833 2454 1897 Petrus
2511 1856 2643 1919 eos,

192 1944 277 2026 qui
328 1943 633 2031 Spiritum
690 1943 757 2010 S.
814 1955 1211 2032 acceperant
1270 1944 1593 2031 baptismo
1660 1948 1869 2009 arceri
1932 1969 2065 2012 non
2117 1968 2311 2032 posse
2372 1948 2642 2029 censuit,

193 2078 513 2143 omnesque
565 2058 785 2122 sacris·
828 2060 1013 2143 aquis
1074 2057 1283 2123 elutos
1327 2060 1394 2122 in
1437 2056 1810 2122 Ecclesiam
1871 2057 2156 2141 admisit3
2215 2068 2414 2145 atque
2467 2058 2645 2145 apud

192 2190 301 2249 eos,
329 2180 395 2233 ut
422 2169 677 2256 plenius
708 2172 1212 2252 instituerentur,
1246 2169 1644 2257 aliquamdiu
1676 2172 1911 2235 mansit
1928 2172 1973 2234 ⁴.
2033 2170 2246 2235 Huius
2275 2173 2371 2236 rei
2401 2171 2645 2236 famam

190 2279 581 2368 Jerosolymis
636 2304 963 2368 sparsam,
1023 2281 1251 2347 fideles
1306 2305 1345 2346 a
1400 2282 1739 2347 Judaismo
1802 2282 1888 2346 ad
1942 2280 2269 2348 Christum
2325 2285 2644 2368 conversi,

192 2416 300 2457 non
341 2418 546 2480 aequo
590 2397 805 2460 animo
856 2404 1279 2481 exceperunt,
1328 2397 1569 2482 quippe
1591 2399 1616 2437 ⁵
1661 2394 1939 2481 gentiles
1985 2396 2070 2460 ad
2104 2395 2342 2462 Christi
2390 2398 2642 2463 caulam

190 2518 420 2589 praeter
460 2510 561 2572 ius
609 2508 927 2572 admissos
977 2510 1337 2593 conquesti.
1400 2508 1609 2593 Igitur
1640 2508 1837 2573 Petro
1879 2507 2108 2574 reduci
2145 2507 2326 2574 litem
2357 2520 2644 2595 movent,

191 2621 342 2703 quod
390 2644 536 2685 cum
581 2622 1049 2687 incircumcisis
1106 2620 1323 2685 cibum
1386 2644 1624 2712 capere
1673 2620 1973 2706 religioni
2018 2624 2282 2687 minime
2331 2622 2643 2688 duxisset.

190 2730 413 2798 Turbas
470 2733 825 2821 Apostolus
888 2736 1323 2820 compescuit,
1386 2734 1498 2799 ubi
1556 2736 1806 2799 visione
1870 2736 2097 2800 ordine
2160 2738 2460 2823 exposita
2515 2737 2645 2802 Dei

190 2841 623 2930 benignitatem
650 2846 907 2929 extulit3
940 2846 1097 2911 nihil
1122 2847 1511 2933 Judaeoque
1539 2846 1934 2933 Graecoque
1957 2850 2293 2932 interesse,
2317 2849 2646 2915 Christum

190 2961 442 3024 omnium
480 2960 891 3025 Salvatorem
924 2969 1216 3025 testatus.
1263 2959 1384 3024 His
1418 2959 1652 3025 auditis
1683 2984 1722 3024 a
1755 2984 1802 3025 s.
1821 2960 2040 3045 Petro,
2078 2962 2188 3049 qui
2221 2972 2414 3027 antea
2446 2963 2648 3028 offen-

368 3224 405 3287 ι)
442 3225 708 3275 Assumtis
746 3225 907 3273 etiam
945 3222 1215 3273 nonnullis
1250 3222 1523 3275 fratribus.
1584 3222 1625 3290 2)
1662 3224 1966 3274 Cornelium
2001 3230 2258 3290 tanquam
2289 3227 2646 3293 „proselytum

190 3306 439 3361 domicilii“
478 3312 813 3362 Judaeorum
852 3326 1009 3361 sacra
1044 3312 1259 3375 cognita
1294 3310 1547 3361 habuisse
1586 3310 1808 3362 docent:
1853 3311 2126 3375 Fechtins,
2167 3312 2300 3379 disp.
2339 3314 2405 3363 de
2444 3316 2644 3380 pietate

190 3392 393 3447 Cornelii
430 3399 779 3449 centurionis.
828 3392 1065 3448 R‘ostock
1106 3399 1254 3448 1701.
1292 3397 1540 3463 Deyling‚
1582 3398 1710 3448 Obs.
1739 3398 1791 3448 S.
1815 3399 1888 3449 ΙΙ.
1915 3401 1997 3462 38,
2029 3402 2108 3449 11.
2146 3416 2197 3465 p.
2225 3402 2343 3451 357.
2393 3401 2552 3464 Wolf,
2591 3403 2646 3453 in
2727 3446 2731 3451 .

188 3481 285 3533 Act.
316 3502 363 3551 p.
400 3488 551 3537 1115.
610 3486 889 3551 Negamnt
926 3485 1017 3534 alii
1054 3502 1099 3534 e.
1138 3501 1188 3551 g.
1225 3484 1587 3548 Fromondus,
1638 3485 1837 3535 Comm.
1876 3488 1930 3535 in
1965 3487 2084 3537 Act.
2129 3487 2181 3550 1,
2221 3490 2338 3538 245.
2399 3476 2646 3553 Kuino'el,

190 3568 359 3621 Comm.
393 3589 445 3639 p.
482 3575 602 3624 365.
660 3572 929 3633 Mandat,
968 3570 1161 3621 Gesch.
1201 3572 1249 3621 d.
1289 3572 1488 3622 Pflanz.
1532 3572 1574 3633 1,
1613 3574 1696 3622 85.
1749 3572 1949 3638 Meyer,
1988 3574 2390 3639 Apostelgesch.
2437 3592 2488 3641 p.
2532 3578 2646 3627 196.

188 3654 449 3726 Dssllingen
490 3658 889 3711 Christenthum
926 3676 977 3724 p.
1011 3660 1095 3708 49.
1158 3659 1445 3709 Pensitatis
1482 3674 1613 3709 sane
1649 3660 1969 3709 famulorum
2013 3666 2174 3726 atque
2212 3661 2356 3711 Petri
2393 3664 2644 3713 sermoni-

186 3742 283 3807 bus,
316 3747 557 3814 colligere
595 3762 822 3813 pronum
860 3750 968 3795 est:
1008 3746 1311 3795 Cornelium
1349 3762 1536 3796 revera
1574 3746 1842 3797 ethnicum
1879 3747 2060 3808 fuisse,
2099 3748 2194 3797 sed
2222 3750 2313 3813 qui
2351 3763 2384 3797 a
2419 3749 2644 3800 Judaeis

188 3846 343 3883 verum
374 3836 549 3885 Deum
586 3834 657 3884 sit
692 3834 930 3895 edoctus,
977 3848 1205 3898 eumque
1251 3835 1531 3897 agnoverit
1567 3839 1620 3883 et
1658 3834 1726 3883 ad
1765 3833 2074 3899 ampliorem
2125 3836 2238 3883 eius
2285 3837 2644 3899 cognitionem

191 3918 458 3985 adspirant.
522 3922 603 3972 Cf.
641 3922 1005 3985 Baumgarten
1042 3921 1084 3981 1,
1112 3922 1229 3969 239.
1288 3920 1356 3970 Η.
1394 3920 1457 3971 V.
1498 3922 1557 3969 T.
1598 3939 1649 3987 p.
1684 3923 1802 3970 587.
1865 3920 2020 3971 Unde
2059 3937 2123 3970 ex
2168 3920 2268 3971 hac
2305 3920 2540 3971 Cornelii
2578 3922 2646 3973 ad

192 4002 425 4058 Christum
451 4010 807 4059 conversione
832 4007 941 4057 alia
963 4022 1177 4073 quoque
1202 4008 1579 4073 praerogativa
1604 4024 1645 4057 s.
1659 4008 1850 4058 Petrus
1878 4012 2112 4069 ornatur,
2141 4008 2384 4058 nimirum
2410 4010 2646 4073 gentium

190 4094 505 4154 primitiarum
541 4097 969 4158 conversionem,
1017 4096 1305 4160 praecipuo
1346 4095 1577 4159 quodam
1626 4096 1840 4144 divinae
1877 4095 2246 4160 providentiae
2283 4095 2505 4144 consilio
2542 4096 2650 4160 ipsi

188 4176 327 4231 fuisse
360 4188 700 4234 reservatam.
753 4182 832 4233 Cf.
872 4181 931 4232 O.
966 4181 1248 4247 Passaglia
1281 4181 1334 4231 S.
1369 4182 1440 4244 J„
1480 4195 1666 4231 comm.
1703 4182 1768 4231 de
1802 4182 2190 4247 praerogativis
2225 4182 2286 4231 B.
2321 4182 2464 4231 Petri
2497 4182 2559 4231 A.
2585 4183 2646 4233 P.

192 4262 366 4318 Ratinb.
392 4272 543 4321 1850.
578 4286 629 4335 p.
660 4272 776 4320 174.
803 4286 846 4319 s.
903 4269 944 4334 ³)
972 4267 1041 4319 Se
1075 4268 1208 4317 nihil
1242 4282 1407 4333 supra
1438 4268 1706 4319 hominem
1731 4282 1849 4318 esse
1877 4272 2216 4333 protestatus.
2278 4268 2320 4333 ⁴)
2346 4268 2462 4317 Act.
2490 4282 2534 4318 c.
2563 4271 2647 4318 10.

190 4348 262 4400 Cf.
283 4352 329 4403 S.
352 4355 529 4421 cyrilli
562 4356 730 4418 Hier„
759 4360 863 4405 cat.
888 4355 1059 4417 XVII,
1086 4357 1167 4405 27.
1204 4372 1255 4420 p.
1282 4357 1400 4404 277.
1446 4355 1508 4405 G.
1535 4355 1604 4404 H.
1632 4354 1857 4416 Goetzii,
1885 4354 1950 4404 de
1977 4352 2204 4421 Spiritus
2232 4353 2284 4404 S.
2311 4354 2568 4405 effusione
2592 4356 2650 4405 in

192 4436 373 4491 domum
409 4443 659 4493 Cornelii.
722 4444 861 4491 Lub.
898 4444 1049 4493 1712.
1098 4442 1287 4492 Eiusd.
1327 4442 1393 4491 de
1429 4443 1696 4508 baptismo
1733 4444 1788 4491 in
1827 4440 1984 4491 domo
2023 4441 2255 4491 Cornelii
2291 4448 2528 4508 peracto,
2573 4440 2647 4492 ib.

194 4525 322 4575 1713.
355 4545 402 4593 p.
428 4532 475 4579 3.
502 4544 550 4579 s.
599 4529 653 4579 J.
680 4530 741 4579 C.
766 4529 1078 4591 Valkenari,
1117 4544 1238 4579 ann.
1275 4530 1389 4578 crit.
1429 4531 1484 4578 in
1520 4530 1656 4580 loca.
1694 4530 1760 4579 N.
1795 4529 1857 4579 Τ.
1892 4528 2068 4594 Lugd.
2105 4528 2223 4579 Bat.
2263 4530 2414 4579 1794.
2451 4545 2502 4594 p.
2529 4529 2648 4579 382.

190 4608 264 4659 Cf.
286 4628 327 4661 e.
345 4614 557 4677 Beelen‚
596 4615 800 4666 Comm.
827 4632 879 4683 p.
906 4618 1025 4667 219.
1052 4632 1103 4665 n.
1132 4619 1178 4665 1.
1253 4617 1295 4679 ὗ)
1335 4616 1469 4666 0011.
1491 4616 1609 4667 Aet.
1641 4620 1721 4677 11,
1752 4618 1832 4665 19.

283 4702 473 4755 Bake,
502 4708 621 4749 nist.
650 4708 955 4750 &velationis
981 4708 1168 4750 divinus.
1198 4708 1253 4749 11.
2273 4704 2340 4751 22
