3267 5259
1057 432 1280 483 spatum
1309 434 1354 472 S.
1375 430 1501 472 rann
1525 432 1606 481 Ap.
1638 430 1695 471 ui
1722 429 1983 472 corintffioa.
2639 415 2767 480 395

271 610 651 677 Corinthios
697 609 931 693 arguit,
977 606 1158 692 quod
1201 607 1415 670 minus
1459 614 1641 668 recte
1688 626 1770 668 ea
1811 614 2227 689 peragerent,
2277 624 2445 689 quae
2493 602 2579 667 ad
2610 625 2763 689 aga-

271 746 397 810 pas
441 724 876 809 pertinerent3
925 717 1162 784 Christi
1208 718 1292 782 de
1335 716 1751 781 Eucharistia
1779 718 2249 782 institutionem
2278 717 2534 801 repetit,
2568 723 2763 802 atque

273 836 362 901 ob
411 833 638 899 oculos
682 834 868 919 ponit
910 831 1380 895 immanitatem
1428 829 1695 894 sceleris
1742 851 2001 911 eorum,
2078 830 2189 914 qui
2236 830 2765 894 communionem

270 948 547 1033 indigne
607 967 866 1010 sumere
927 944 1176 1010 audent
1205 947 1242 1009 ¹.
1319 944 1536 1008 Etiam
1583 944 1761 1007 circa
1806 941 2326 1007 extraordinaria
2370 940 2647 1027 Spiritus
2694 939 2763 1005 S.

272 1060 456 1126 dona
497 1060 741 1124 abusus
787 1060 1202 1144 irrepserant.
1263 1056 1444 1123 Vitia
1485 1054 1653 1121 haec
1696 1054 2116 1141 reprehendit
2132 1058 2177 1120 2.
2224 1056 2519 1141 Exponit
2563 1054 2764 1118 dono-

269 1196 420 1238 rum
467 1170 893 1260 spiritualium
938 1180 1276 1235 auctorem
1323 1190 1464 1234 esse
1512 1167 1825 1255 Spiritum
1870 1167 1969 1251 S.;
2015 1166 2243 1254 pandit
2300 1166 2595 1253 regulam
2654 1164 2765 1230 illa

272 1284 724 1371 cognoscendi
741 1333 758 1367 ,
847 1281 1366 1370 praescribitque
1442 1281 1801 1367 legitimum
1876 1303 2066 1346 usum
2084 1285 2127 1345 3.
2228 1278 2532 1345 Caritatis
2604 1301 2763 1343 vero

271 1397 738 1463 excellentiam
785 1395 1204 1462 commendat
1248 1417 1374 1460 ceu
1415 1394 1784 1481 linguarum
1816 1402 1885 1459 et
1912 1393 2297 1480 prophetiae
2331 1392 2528 1476 dono,
2558 1392 2763 1457 bono-

265 1534 420 1576 rum
463 1511 622 1576 item
667 1509 1046 1595 erogatione
1091 1509 1380 1595 potioriS,
1429 1518 1494 1573 et
1535 1509 1707 1573 inter
1752 1528 1834 1572 ea
1875 1506 2052 1573 bona
2098 1528 2268 1593 quae
2298 1506 2366 1571 in
2396 1505 2601 1571 altera
2630 1507 2766 1569 vita

270 1622 640 1689 manebunt
683 1623 1174 1709 praestantioris
1190 1624 1236 1686 ⁴.
1285 1620 1526 1686 Cetera
1570 1622 1739 1684 inter
1783 1619 1958 1685 dona
2003 1619 2281 1705 Spiritus
2328 1618 2394 1683 S.
2441 1641 2601 1705 prae
2646 1618 2762 1683 lin-

269 1737 420 1823 guis
489 1734 894 1821 sequendam
963 1734 1122 1799 dicit
1191 1733 1639 1821 prophetiam,
1714 1742 1941 1818 utpote
2013 1755 2143 1819 qua
2201 1732 2497 1797 homines
2556 1734 2765 1817 magis

269 1849 736 1932 aedificantur3
784 1848 942 1935 quid
970 1870 1130 1913 vero
1165 1846 1248 1913 de
1281 1845 1582 1913 omnibus
1615 1844 2017 1911 censendum
2049 1848 2151 1927 sit,
2195 1868 2331 1910 non
2362 1847 2501 1911 sine
2534 1844 2763 1909 aculeo

267 1960 490 2027 tradit.
537 1960 863 2027 Absoluta
906 1960 1344 2047 disputatione
1385 1958 1467 2024 de
1502 1958 1691 2025 donis
1736 1958 2270 2025 extraordinariis
2318 1958 2595 2044 Spiritus
2629 1957 2695 2022 S.
2720 1960 2763 2039 ⁵,

269 2075 414 2159 agit
458 2073 540 2139 de
583 2074 1062 2139 resurrectione
1106 2082 1530 2139 mortuorum.
1579 2070 1886 2137 Ostendit
1918 2070 2245 2136 Christum
2275 2094 2433 2135 vere
2475 2092 2759 2135 resurre-

267 2189 472 2268 xisse,
519 2197 586 2253 et
627 2186 714 2252 ad
739 2188 878 2253 eius
906 2188 1112 2252 instar
1139 2209 1260 2252 nos
1285 2209 1512 2251 omnes
1541 2195 2043 2251 resurrecturos.
2090 2184 2517 2266 Quaerebant
2544 2183 2763 2270 aliqui,

568 2305 692 2312 *-

267 2348 340 2398 de
367 2352 470 2397 vet.
497 2346 618 2397 Chr.
645 2347 847 2413 agapis.
887 2346 1032 2396 Witt.
1062 2347 1212 2397 1673.
1261 2346 1324 2396 F.
1351 2346 1601 2409 Creitlov,
1641 2346 1707 2396 de
1732 2347 1899 2395 veteri
1924 2360 2217 2411 agaparum
2254 2346 2372 2395 ritu.
2423 2345 2574 2411 Lips²
2602 2346 2757 2395 1690.

266 2434 498 2496 Suiceri,
530 2433 688 2484 Thes.
719 2434 765 2495 I,
799 2434 883 2483 24.
917 2450 958 2483 s.
1006 2433 1059 2483 J.
1094 2433 1191 2483 Th.
1227 2432 1287 2482 F.
1320 2432 1601 2496 Drescher,
1643 2432 1707 2482 de
1744 2438 1847 2482 vet.
1874 2432 2145 2482 christian.
2171 2434 2377 2499 agapis.
2403 2430 2573 2483 Giess.
2604 2433 2756 2482 1821.

265 2523 333 2571 A.
375 2522 616 2583 Kestner,
650 2520 736 2570 die
767 2518 970 2586 Agape,
1004 2520 1124 2571 Jen.
1161 2520 1327 2583 1819„
1366 2536 1520 2586 quem
1545 2520 1800 2570 refutavit
1828 2520 2127 2582 Eichstiidt,
2166 2520 2291 2570 diss.
2326 2521 2599 2570 Lucianus
2635 2535 2758 2569 num

267 2610 485 2675 scriptis
522 2608 633 2659 suis
671 2608 930 2657 adiuvare
965 2606 1196 2662 voluerit
1231 2607 1326 2657 rel.
1352 2607 1460 2657 chr.
1497 2607 1619 2657 Jen.
1650 2609 1801 2657 1820.
1849 2606 2121 2667 mutarim,
2158 2606 2243 2656 die
2275 2606 2510 2672 νοτ-21131.
2536 2606 2761 2656 ΒΘιιῙζνν.

267 2696 322 2745 d.
353 2695 462 2745 chr.
489 2694 634 2744 kath.
661 2694 874 2746 Kirche.
901 2693 970 2743 11.
997 2694 1044 2757 2,
1071 2696 1119 2743 3.
1147 2708 1188 2743 s.
1228 2692 1292 2743 G.
1317 2693 1566 2756 Btihmer,
1592 2694 1677 2744 die
1704 2694 1813 2744 chr.
1840 2694 1892 2743 k.
1920 2693 2389 2745 Alterthumswiss.
2416 2692 2584 2743 Bresl.
2613 2694 2762 2743 1839.

263 2784 343 2846 11,
374 2784 490 2831 390.
541 2780 793 2843 Guerike,
829 2780 1026 2830 Lehrb.
1049 2780 1100 2830 d.
1127 2780 1236 2834 chr.
1263 2781 1315 2830 k.
1351 2780 1504 2831 Arch.
1531 2798 1583 2846 p.
1609 2782 1727 2831 283.
1755 2797 1796 2831 s.
1846 2781 1917 2830 M.
1944 2780 2005 2829 F.
2033 2780 2243 2846 Rumpf,
2280 2781 2374 2831 der
2398 2780 2551 2830 Brief
2570 2778 2762 2830 Judae.

268 2869 456 2920 Sulzb.
499 2868 649 2918 1854.
688 2884 739 2933 p.
778 2869 896 2918 394.
934 2882 978 2916 s.
1024 2867 1086 2917 A.
1111 2868 1172 2917 F.
1212 2867 1408 2930 Kiefer‚
1446 2883 1538 2917 sur
1573 2867 1653 2917 les
1690 2882 1905 2934 agapes.
1945 2866 2047 2917 Str.
2089 2868 2239 2919 1835.

487 2956 525 3019 ¹)
564 2956 644 3017 11,
685 2955 905 3005 17-34,
942 2953 1006 3003 V.
1045 2971 1096 3019 p.
1137 2956 1254 3004 112.
1293 2970 1334 3004 s.
1408 2954 1450 3018 ²)
1491 2954 1551 3005 C.
1592 2956 1812 3005 12—14.
1848 2972 1899 3021 p.
1929 2959 1975 3005 1.
2050 2955 2091 3020 ³)
2132 2954 2487 3005 Similitudine
2525 2957 2763 3020 corporis

268 3042 608 3093 demonstrat
650 3056 745 3108 per
791 3040 1113 3091 charismata
1155 3041 1458 3092 Ecclesiam
1504 3042 1537 3090 i.
1575 3058 1621 3091 e.
1668 3057 1867 3107 corpus
1914 3040 2111 3092 Christi
2160 3058 2265 3093 non
2310 3042 2507 3105 scindi,
2554 3042 2647 3093 sed
2694 3041 2765 3092 ad

263 3129 407 3179 :illud
444 3144 608 3179 unum
643 3126 1026 3195 perficiendum
1062 3128 1218 3193 dirigi
1255 3128 1466 3179 debere.
1541 3128 1582 3193 ⁴)
1620 3128 1779 3179 Nunc
1821 3145 1921 3180 nos
1958 3129 2125 3180 veluti
2159 3131 2215 3180 in
2251 3129 2497 3196 speculo,
2536 3129 2763 3179 obscure
2822 3174 2829 3180 .

263 3216 640 3265 tantummodo
678 3214 862 3265 divina
895 3216 1108 3278 intueri,
1146 3214 1240 3265 ubi
1275 3220 1456 3265 autem
1492 3214 1788 3277 advenerit,
1827 3215 1970 3281 quod
2003 3218 2145 3266 omni
2181 3232 2244 3266 ex
2280 3222 2431 3282 parte
2468 3216 2764 3283 perfectum

265 3308 382 3365 est,
428 3307 557 3353 tunc
601 3303 884 3369 perspicue
934 3306 1096 3368 atque
1143 3307 1328 3368 aperte
1379 3303 1557 3353 omnia
1610 3318 2009 3369 cognoscemus.
2083 3302 2269 3353 Sumta
2320 3301 2635 3367 metaphora
2684 3307 2765 3352 est

267 3392 360 3451 13,
388 3392 468 3439 12.
507 3404 541 3439 a
575 3388 826 3455 speculis,
866 3404 1004 3454 quae
1040 3404 1149 3439 non
1185 3405 1296 3449 rem
1332 3391 1504 3455 ipsam
1529 3389 1624 3441 sed
1651 3390 1763 3440 eius
1800 3390 2084 3456 imaginem
2118 3391 2448 3441 intuentibus
2487 3390 2761 3440 obiiciunt.

262 3477 596 3542 Interpretes
645 3476 854 3541 antiqui
903 3492 1086 3527 omnes
1138 3493 1187 3525 v.
1238 3471 1472 3543 ἐσόπτρου
1518 3476 1797 3542 speculum
1849 3477 2253 3539 intellexerunt,
2310 3477 2481 3528 donec
2528 3478 2591 3527 L.
2635 3477 2761 3538 Bos,

264 3579 446 3612 exerc.
471 3563 598 3629 phil.
629 3563 686 3613 in
721 3564 784 3613 N.
809 3563 872 3613 T.
897 3562 1130 3628 Franeq.
1160 3565 1309 3613 1713.
1345 3580 1397 3629 p.
1428 3564 1542 3614 14⁷.
1580 3565 1807 3630 eiusque
1844 3565 2071 3630 vestigia
2104 3563 2289 3629 legens
2324 3565 2377 3615 J.
2404 3563 2527 3614 chr.
2554 3564 2761 3615 Haren-

262 3652 431 3715 berg,
479 3648 545 3699 de
581 3649 949 3715 specularibus
986 3650 1238 3700 Veterum
1276 3652 1332 3701 in
1367 3649 1526 3701 Thes.
1561 3668 1613 3702 n.
1650 3668 1701 3717 p.
1737 3652 1855 3701 829.
1892 3668 1931 3702 s.
1971 3650 2170 3717 aliique
2205 3652 2451 3718 permulti
2495 3655 2763 3703 sumerent

263 3736 502 3802 lapidem
541 3736 900 3803 specularem,
938 3736 1118 3787 radios
1152 3739 1612 3800 transmittentem,
1652 3737 2001 3803 pellucidum,
2040 3754 2147 3804 quo
2183 3740 2389 3805 antiqui
2426 3740 2510 3790 usi
2546 3744 2672 3789 sunt
2704 3740 2761 3786 in

265 3821 621 3874 conficiendis
656 3823 921 3886 fenestris,
959 3829 1019 3874 ut
1053 3828 1202 3873 trans
1239 3838 1306 3875 ea
1342 3826 1730 3890 conspicerent,
1769 3840 1907 3891 quae
1943 3830 2124 3877 essent
2158 3826 2287 3876 foris
2324 3827 2514 3890 posita.
2563 3825 2761 3874 Verum

265 3906 508 3977 ἔσοπτρον
544 3915 854 3963 constanter
889 3911 1034 3977 apud
1073 3910 1311 3963 Graecos
1347 3916 1401 3962 et
1432 3912 1675 3963 Judaeos
1712 3928 1905 3977 graece
1940 3914 2235 3964 scribentes
2272 3912 2537 3978 significat
2572 3926 2761 3976 specu·

263 3998 410 4059 lum,
447 3998 676 4047 materia
708 3996 984 4063 pellucida
1018 3996 1280 4065 appellari
1317 3998 1456 4049 solet
1497 3996 1738 4066 διαφανές.
1801 3999 1882 4050 Cf.
1916 3999 2117 4061 Ikenii,
2156 3999 2282 4050 diss.
2316 3999 2443 4065 phil.
2478 3998 2551 4049 th.
2586 3996 2759 4063 Lugd.

262 4085 330 4134 B.
375 4085 526 4134 1749.
562 4084 606 4147 Ι,
640 4084 758 4135 555.
791 4102 836 4135 s.
882 4084 948 4135 A.
983 4084 1047 4135 G.
1081 4085 1370 4149 Holmann‚
1409 4085 1673 4137 animadv,
1710 4087 1779 4137 ad
1814 4103 1861 4137 c.
1894 4089 1944 4137 3.
1980 4090 2035 4136 et
2068 4088 2149 4137 13.
2187 4104 2269 4153 ep.
2309 4088 2368 4136 P.
2396 4086 2437 4135 1.
2464 4086 2584 4136 Cor.
2610 4084 2759 4149 Lips.

267 4172 426 4221 1819.
461 4173 544 4221 39.
592 4171 658 4222 1..
694 4170 757 4222 G.
793 4172 1019 4235 Pareau,
1055 4187 1243 4223 comm.
1277 4188 1349 4223 cr.
1388 4178 1444 4223 et
1475 4188 1554 4223 ex.
1589 4174 1647 4223 in
1680 4174 1833 4224 Paul.
1868 4190 1949 4240 ep.
1986 4190 2065 4239 pr.
2100 4173 2169 4223 ad
2205 4174 2323 4224 Cor.
2359 4188 2406 4223 c.
2430 4172 2577 4222 xm.
2614 4172 2759 4221 Trai.

263 4257 340 4307 ad
365 4256 467 4307 1311.
493 4258 644 4308 1826.
680 4274 732 4324 p.
759 4260 875 4309 337.
903 4274 946 4309 s.
995 4259 1196 4325 Meyer,
1220 4258 1292 4309 ad
1316 4259 1366 4309 h.
1391 4260 1426 4310 l.
1451 4277 1502 4325 p.
1530 4262 1648 4311 288.
1700 4260 1916 4324 Grimm,
1952 4260 2135 4311 Clavis
2168 4262 2232 4312 N.
2257 4262 2319 4311 T.
2345 4276 2397 4326 p.
2426 4262 2539 4309 172.
2589 4258 2763 4309 Erant

265 4348 452 4394 autem
485 4345 758 4396 veteribus
795 4346 1017 4413 specula
1051 4362 1162 4396 non
1185 4362 1216 4397 e
1239 4348 1376 4397 vitro
1413 4347 1508 4397 sed
1547 4364 1576 4397 e
1611 4349 1857 4411 metallis,
1896 4349 2205 4414 praesertim
2244 4364 2309 4399 ex
2334 4362 2475 4410 aere,
2513 4346 2758 4412 chalybe,

262 4428 536 4493 confecta,
572 4446 714 4496 quae
747 4431 886 4483 adeo
923 4434 1081 4483 etiam
1105 4435 1150 4484 si
1176 4448 1313 4499 pura
1342 4439 1520 4485 essent
1555 4436 1729 4487 minus
1771 4436 1969 4486 claram
2008 4452 2183 4502 neque
2219 4435 2547 4487 luculentam
2582 4450 2758 4485 rerum

261 4518 555 4582 imaginem
591 4519 863 4569 referrent.
913 4520 976 4569 V.
1000 4520 1052 4570 J.
1077 4520 1240 4583 Jahn,
1276 4520 1415 4571 Bibl.
1442 4521 1815 4588 Archaologie.
1851 4524 2027 4573 Wien.
2054 4525 2205 4573 1796.
2243 4524 2285 4586 1,
2312 4526 2361 4573 2.
2390 4526 2506 4574 155.
2556 4523 2758 4583 Winer,

259 4605 330 4655 R.
371 4604 457 4654 W.
494 4604 566 4667 11,
605 4608 722 4655 496.
799 4606 840 4670 ⁵)
880 4606 940 4656 C.
979 4608 1059 4657 15.
