3267 5259
668 423 753 488 62
1344 436 1461 479 mat.
1492 435 1598 479 nov.
1630 436 1719 479 div.
1750 437 1803 479 n.
1833 437 1882 479 Τ.
1913 438 2080 481 Parios.
2111 438 2146 480 1.
2167 449 2261 491 cap.
2283 437 2483 489 primm.

666 702 725 781 ξ.
778 702 876 767 15.
930 698 1325 784 Leprosus
1382 709 1459 763 et
1512 722 1794 763 servus
1855 700 2360 763 centurionis
2415 710 2809 765 curantur.
2893 701 3102 765 Filius

666 811 947 875 viduae
1008 810 1260 875 Naimi
1320 812 1869 877 resuscitatur.
1961 812 2326 896 Baptista
2387 810 2704 896 legatos
2751 813 2840 877 ad
2881 814 3104 878 Jesum

666 926 927 989 mittit.
960 924 1381 987 Peccatrix
1412 946 1718 1009 ungens
1747 922 2161 989 Christum.
2191 924 2772 989 Daemoniacus
2815 938 3108 990 sanatus,

665 1037 1275 1101 Pharisaeorum
1308 1038 1732 1100 temeritas.
1761 1036 2096 1123 Cognati
2121 1038 2384 1101 Jesum
2415 1039 2840 1103 insaniisse
2863 1038 3108 1101 dicunt.

666 1150 1051 1214 Diversae
1126 1147 1589 1213 Parabolae.
1683 1149 2262 1235 Apostolorum
2331 1152 2618 1215 missio.
2705 1150 3107 1215 Decollatio

1634 1286 1684 1325 s.
1732 1262 2065 1327 Joannis
2110 1263 2187 1326 B.

876 1452 935 1515 E
984 1463 1227 1534 monte,
1274 1454 1341 1515 in
1388 1475 1516 1537 quo
1566 1476 1900 1516 sermones
1946 1451 2088 1517 illos
2148 1452 2234 1515 ad
2291 1452 2648 1539 Apostolos
2709 1453 3108 1539 populumque

666 1565 953 1650 undique
998 1564 1437 1629 confluentem
1482 1564 1665 1647 dixit,
1711 1564 2040 1649 digressus
2081 1564 2541 1651 Capharnaum
2587 1568 2653 1629 in
2677 1568 2784 1629 via
2826 1566 3110 1652 leprosum

666 1676 1045 1763 suppliciter
1088 1676 1388 1741 mundari
1434 1676 1902 1763 deprecantem
1935 1679 2204 1761 curavit,
2259 1680 2671 1764 praecipiens
2715 1690 2788 1743 ut
2831 1678 3112 1743 sacerdoti

666 1813 735 1853 se
768 1792 1043 1873 sisteret,
1078 1799 1142 1854 et
1173 1813 1407 1853 munus
1438 1791 1621 1853 iuxta
1645 1789 1896 1875 Legem
1929 1788 2220 1853 debitum
2267 1791 2531 1855 offerret
2555 1796 2592 1855 ¹.
2639 1790 2728 1855 Et
2772 1790 3027 1855 verbis
3066 1800 3113 1852 et

666 1901 1047 1989 operibus
1096 1902 1329 1967 Christi
1379 1904 1672 1966 centurio
1717 1924 2060 1985 romanuS,
2123 1904 2232 1987 qui
2281 1902 2786 1989 Capharnaumo
2833 1912 3112 1989 praeerat.

667 2015 1092 2101 stupefactus,
1127 2038 1387 2079 servum
1421 2014 1561 2077 dira
1590 2014 1874 2100 paralysi
1909 2017 2286 2097 cruciatum,
2319 2039 2397 2080 ac
2425 2026 2678 2079 tantum
2710 2038 2840 2081 non
2874 2018 3113 2079 animam

667 2138 975 2213 agentem
1022 2126 1276 2191 Christo
1327 2126 1623 2210 exhibet,
1681 2150 1876 2213 quem
1925 2127 2382 2192 commendata
2427 2128 2556 2192 fide
2601 2130 2736 2193 voti
2786 2139 3113 2214 compotem

667 2240 960 2304 dimisit2.
1010 2238 1183 2319 Quin
1231 2250 1296 2303 et
1341 2239 1467 2303 alia
1512 2239 1690 2304 faeta
1735 2251 1884 2304 sunt
1928 2238 2034 2305 illo
2081 2250 2399 2327 tempore,
2451 2265 2580 2327 quo
2627 2242 2812 2307 Deus
2874 2244 2936 2305 in
2988 2262 3112 2303 vero

664 2352 926 2417 homine
969 2363 1281 2438 quantum
1316 2362 1417 2417 sat
1448 2363 1588 2416 erat
1618 2350 1988 2417 hominibus
2033 2353 2399 2437 apparebat
2417 2358 2458 2417 3.
2514 2353 2790 2419 Postero
2823 2354 2925 2419 die
2955 2353 3114 2418 Jesus

662 2465 911 2530 Naimis
937 2468 962 2507 ⁴
1026 2464 1515 2529 adolescentem
1560 2464 1762 2529 filium
1809 2467 2074 2529 unicum
2118 2464 2396 2549 viduae,
2453 2468 2564 2552 qui
2611 2466 2695 2531 ad
2743 2465 3114 2553 sepulchrum

667 2692 865 2743 Christi
912 2692 1199 2744 iustificare
1246 2693 1512 2742 hominem
1558 2709 1666 2742 non
1713 2698 1912 2758 posset.
1985 2696 2088 2757 Qui
2137 2700 2314 2745 autem
2365 2711 2430 2744 ex
2473 2696 2724 2760 gentibus
2775 2696 2842 2745 ad
2891 2695 3116 2744 Christum

666 2779 1085 2841 adducebantur,
1112 2778 1166 2827 hi
1208 2778 1359 2829 nulla
1400 2781 1606 2828 ratione
1643 2781 1992 2831 caerimonias
2033 2780 2156 2831 illas
2184 2782 2504 2831 tenebantur
2557 2783 2873 2845 observare3
2929 2782 3014 2831 sed
3057 2779 3116 2827 uti

665 2863 913 2915 libertate
949 2871 1221 2930 poterant,
1248 2881 1405 2931 quam
1442 2866 1686 2915 Christus
1721 2868 1980 2931 sanguine
2017 2884 2112 2917 suo
2149 2868 2331 2918 electis
2367 2869 2478 2918 suis
2514 2870 2869 2934 comparavit,
2895 2868 3038 2933 idque
3066 2864 3119 2913 ad

664 2951 1105 3013 aedificationem,
1132 2968 1198 3002 ac
1221 2968 1331 3002 non
1356 2952 1425 3001 ad
1452 2952 1895 3002 destructionem:
1932 2958 2090 3019 prout
2113 2970 2198 3004 res
2227 2970 2408 3005 omnes
2433 2955 2635 3005 medias
2660 2957 2774 3005 sive
2799 2954 3119 3004 indifferentes

666 3052 699 3087 a
734 3040 837 3103 piis
875 3039 1332 3104 prudentibusque
1374 3040 1502 3089 viris
1544 3055 1767 3090 necesse
1805 3044 1888 3089 est
1929 3042 2198 3105 occupari.
2261 3042 2397 3091 Nam
2433 3041 2536 3090 hac
2577 3043 2787 3091 ratione
2824 3040 3118 3091 Timotheum

665 3126 998 3176 circumcidit
1038 3125 1241 3175 Paulus
1282 3130 1343 3175 ut
1382 3124 1716 3189 aedificaret3
1767 3127 1944 3176 Titum
1985 3143 2114 3176 vero
2164 3128 2402 3191 minime,
2445 3142 2512 3177 ne
2558 3128 2681 3193 plus
2723 3128 2826 3177 hoc
2873 3145 2966 3179 suo
3005 3128 3119 3175 sacto

664 3212 975 3262 destrueret.
1014 3211 1261 3261 Ceterum
1280 3212 1437 3278 plura
1461 3212 1526 3263 de
1552 3212 1656 3261 hac
1681 3214 1990 3277 quaestione
2015 3218 2259 3264 aventem
2285 3215 2345 3264 B.
2361 3216 2423 3263 L.
2437 3216 2724 3265 invitamus
2749 3216 2818 3264 ad
2843 3215 2904 3264 F.
2919 3213 3118 3279 Spanhe-

662 3300 849 3361 mium,
886 3298 1109 3347 Dubior.
1135 3297 1449 3363 Evangelic.
1484 3298 1592 3360 ΙΙΙ,
1630 3300 1747 3348 539.
1784 3315 1825 3349 s.
1869 3300 2114 3349 Natalem
2146 3300 2532 3363 Alexandrum,
2567 3302 2706 3351 Hist.
2733 3302 2883 3352 Eccl.
2917 3301 2992 3350 ed.
3023 3300 3119 3348 Ρη.

662 3385 713 3446 1,
752 3387 871 3434 402.
906 3402 947 3435 s.
997 3386 1220 3435 Dissert.
1256 3385 1355 3447 111,
1384 3384 1447 3434 de
1475 3400 1772 3435 caeremon.
1807 3386 1986 3451 Legis.
2020 3387 2155 3437 Mos.
2195 3392 2460 3453 praecept.
2501 3404 2602 3438 rec.
2643 3390 2700 3437 in
2733 3390 2791 3438 P.
2827 3389 2877 3438 J.
2911 3388 3120 3451 Rieggen

662 3476 799 3536 synt.
828 3472 954 3521 diss.
980 3470 1109 3521 eccl.
1130 3471 1361 3520 vindob.
1390 3472 1540 3521 1766.
1566 3472 1609 3533 Ι,
1641 3475 1689 3521 1.
1715 3488 1755 3521 s.
1797 3472 2086 3536 Becanum,
2112 3473 2338 3539 Analog.
2359 3476 2476 3524 Vct.
2502 3490 2566 3523 ac
2593 3475 2731 3523 Novi
2757 3476 2901 3526 Test.
2926 3492 2972 3539 p.
2997 3476 3066 3523 71.
3088 3488 3120 3521 s..

662 3556 714 3605 S.
741 3558 775 3607 J
782 3559 989 3619 unium,
1016 3558 1083 3607 de
1114 3558 1335 3623 politiae
1358 3558 1526 3608 Mosis
1561 3559 1953 3609 observatione.
2003 3550 2254 3625 Lugduni
2281 3562 2342 3610 B.
2371 3562 2518 3611 1693.
2571 3560 2628 3610 C.
2655 3560 2718 3610 F.
2747 3560 3046 3619 sartoriam,
3069 3558 3120 3605 de

660 3644 879 3693 immota
910 3646 1231 3694 auctoritate
1263 3644 1445 3710 Legis.
1480 3646 1617 3695 Tub.
1656 3646 1806 3695 1777.
1856 3645 1916 3695 C.
1953 3646 2022 3696 Η.
2057 3646 2120 3695 F.
2153 3646 2556 3711 Bialoblotzky‚
2593 3647 2660 3697 de
2691 3648 2854 3712 Legis
2885 3648 3122 3696 mosaicae

662 3730 1024 3795 abrogatione.
1066 3730 1207 3781 Gott.
1238 3733 1389 3783 1824.
1430 3732 1494 3781 A.
1528 3732 1802 3782 Tholuck:
1841 3732 1928 3797 ph.
1967 3732 2040 3782 th.
2078 3732 2390 3799 Auslegung
2427 3733 2520 3783 der
2553 3732 2908 3799 Bergpredigt
2941 3732 3120 3781 Christi.

662 3816 859 3865 Hamb.
891 3819 1041 3867 1833.
1068 3835 1118 3883 p.
1148 3821 1263 3868 130.
1289 3832 1331 3869 s.
1380 3818 1452 3869 M.
1479 3818 1864 3883 Baumgarten,
1908 3819 2170 3869 Doctrina
2203 3819 2338 3868 «lesu
2376 3818 2570 3869 Christi
2613 3819 2678 3869 ‹le
2715 3820 2863 3885 Lege
2905 3820 3122 3869 mosaica.

660 3902 838 3952 Berol.
866 3906 1015 3954 1838.
1065 3904 1129 3954 A.
1156 3904 1752 3967 Soetbrood-Piccardt,
1788 3905 1922 3970 disq.
1953 3906 2019 3955 de
2055 3906 2404 3969 legislationis
2438 3906 2706 3956 mosaicae
2739 3907 2918 3957 indole
2949 3904 3123 3955 morali.

659 3991 803 4040 Trai.
833 3991 984 4041 1841.
1011 4008 1062 4057 p.
1092 3994 1208 4042 182.
1234 4008 1277 4042 s.
1324 3992 1621 4057 Dollinger,
1651 3991 2046 4047 Christenthum
2071 3992 2181 4041 und
2213 3992 2426 4042 Kirche.
2449 3992 2717 4057 Regensb.
2747 3995 2899 4043 1860.
2923 4011 2971 4059 p.
2995 3996 3066 4041 25.
3091 4006 3122 4039 s.

663 4078 777 4126 184.
806 4094 848 4128 s.
900 4076 960 4128 C.
984 4078 1047 4128 A.
1074 4078 1363 4139 Auberlen‚
1398 4079 1485 4129 die
1519 4079 1672 4143 gottl.
1709 4078 2091 4143 Offenbarung.
2123 4078 2250 4129 Bas.
2289 4081 2439 4129 1861.
2473 4096 2523 4145 p.
2561 4082 2674 4129 104.
2703 4096 2747 4130 s.
2794 4080 2882 4130 Fr.
2909 4080 3124 4140 Kossing.

659 4164 755 4215 das
792 4164 906 4215 chr.
944 4164 1154 4215 Gesetz.
1182 4164 1271 4214 ub.
1306 4164 1423 4213 Jac.
1451 4166 1499 4227 2,
1536 4165 1724 4215 8-12,
1777 4164 2024 4214 Heidelb.
2066 4166 2216 4215 1862.
2255 4182 2306 4230 p.
2347 4168 2462 4215 126.
2497 4182 2538 4216 s.
2597 4166 2768 4231 Sepp,
2805 4166 3006 4217 Thaten
3035 4160 3124 4213 und

658 4251 870 4301 Lehren
895 4252 1046 4302 Jesu.
1080 4268 1131 4317 p.
1170 4253 1287 4301 180.
1324 4267 1365 4301 s.
1416 4249 1474 4300 C.
1502 4250 1569 4299 H.
1598 4250 1662 4301 A.
1689 4252 1920 4316 Burger,
1948 4252 2034 4301 die
2067 4252 2402 4317 Evangelien
2437 4252 2571 4302 nach
2607 4252 2908 4315 Matthiius,
2941 4253 3124 4301 Marcus

660 4338 769 4387 und
794 4338 972 4389 Lucas
998 4339 1049 4388 d.
1076 4337 1207 4387 erkl.
1234 4336 1508 4402 Nordling.
1538 4339 1688 4387 1865.
1714 4354 1767 4403 p.
1793 4340 1875 4387 63.
1903 4354 1946 4387 s.

871 4425 907 4489 ¹)
946 4424 1133 4475 Matth.
1167 4428 1215 4487 8,
1253 4428 1300 4475 1.
1348 4441 1391 4475 s.
1426 4424 1591 4474 Marc.
1630 4429 1657 4474 1
1678 4460 1693 4487 ‚
1728 4426 1811 4475 40.
1839 4440 1880 4475 s.
1929 4425 2062 4474 Luc.
2097 4426 2145 4486 5,
2185 4427 2264 4475 12.
2299 4441 2345 4475 s.
2405 4424 2446 4489 ²)
2483 4425 2672 4475 Matth.
2697 4428 2746 4490 8,
2782 4430 2832 4476 5.
2857 4444 2900 4477 s.
2947 4426 3066 4475 Luc.
3089 4422 3124 4481 7,

658 4512 706 4561 2.
742 4526 785 4561 s.
835 4510 876 4575 ³)
912 4512 966 4559 S.
992 4511 1349 4575 Augustinus,
1382 4510 1449 4561 de
1488 4510 1716 4561 utilitate
1755 4510 2006 4560 credendi
2042 4526 2089 4560 c.
2127 4510 2270 4561 XVI.
2309 4526 2362 4560 n.
2399 4514 2484 4561 35.
2523 4511 2672 4574 vm,
2713 4516 2796 4563 68.
2857 4516 2900 4577 ⁴)
2933 4513 2993 4561 V.
3025 4512 3126 4561 Not.

656 4612 837 4663 geogr.
864 4614 917 4661 p.
942 4596 1007 4647 L.
