3267 5259
568 428 700 493 410
1300 442 1415 483 uisi..
1444 442 1551 483 sev.
1582 442 1672 483 div.
1708 442 1876 484 Parios.
1907 442 1960 483 11.
1991 454 2084 493 cap.
2119 442 2316 493 prinum.

500 668 505 671 .
570 616 1040 700 cuiuscumque
1086 616 1347 699 generis
1395 624 1508 679 aut
1550 616 1832 680 nationis
1877 616 2022 698 sint,
2069 615 2268 701 idque
2317 617 2455 679 sine
2504 614 2818 701 operibus
2849 614 3060 699 Legis.

568 726 659 791 Et
717 749 874 791 sane
936 749 1103 792 unus
1164 737 1363 813 atque
1422 726 1599 791 idem
1659 726 1846 791 Deus
1907 737 2036 809 est,
2106 728 2216 814 qui
2285 730 2707 793 circumcisos
2769 750 2858 792 ex
2919 727 3058 807 fide,

568 861 685 904 eos
731 850 969 921 autem,
1018 840 1130 924 qui
1176 840 1674 904 circumcisione
1711 850 1958 923 carent,
2005 861 2126 925 per
2155 839 2438 905 eandem
2465 840 2666 905 fidem
2695 840 3008 905 iustificat
3029 846 3057 904 ¹.

568 949 661 1014 Ut
690 951 1080 1016 beneficium
1113 950 1562 1015 Redemtionis
1595 973 1718 1037 per
1745 951 1832 1015 D.
1857 950 1934 1016 N.
1962 951 2024 1016 J.
2053 950 2128 1017 C.
2159 952 2369 1037 magis
2399 952 2674 1017 illustret
2705 952 2773 1017 S.
2797 952 3058 1033 Paulus,

571 1066 923 1151 origines
958 1063 1173 1148 prodit
1192 1064 1217 1107 ²
1247 1065 1565 1148 peccati
1594 1064 1664 1127 in
1693 1085 1939 1149 genere
1969 1063 2290 1147 human03
2325 1075 2520 1150 atque
2545 1066 2687 1129 eius
2716 1066 3060 1151 imperium

570 1176 881 1241 describit
901 1179 943 1239 3.
1020 1175 1344 1239 Enarrata
1395 1176 1523 1239 iam
1586 1174 1998 1261 probataque
2061 1175 2358 1241 doctrina
2417 1176 2924 1259 iustificationis,
2989 1177 3058 1241 de

569 1290 830 1371 effectu,
864 1290 1001 1352 sive
1034 1286 1117 1351 de
1148 1285 1467 1351 fructibus
1496 1285 1666 1351 illius
1697 1288 2038 1361 δικαιώσεως
2069 1289 2342 1373 exponit
2360 1292 2406 1351 ⁴.
2462 1270 2810 1375 Prop‘osito
2843 1311 3058 1353 amore

569 1402 718 1483 Dei,
750 1402 817 1464 in
848 1411 1057 1464 morte
1091 1397 1329 1463 Christi
1362 1400 1742 1485 conspicuo,
1773 1398 2132 1484 Apostolus
2161 1399 2316 1464 inde
2350 1399 2636 1483 deducit,
2669 1402 2830 1487 quid
2851 1424 2898 1465 a
2921 1401 3058 1465 Deo

568 1513 765 1577 Patre
795 1523 932 1576 tam
966 1509 1249 1595 benigno
1284 1520 1676 1596 exspectare
1708 1508 1919 1575 liceat.
1965 1510 2486 1596 Magnitudinem
2517 1513 3060 1579 reconciliationis

524 1668 533 1677 ,
572 1634 1082 1690 commonstrat:
1140 1624 1431 1687 instituta
1492 1624 2002 1709 oppositione
2058 1624 2265 1687 inter
2307 1623 2688 1690 Adamum
2735 1628 3060 1712 primum

568 1758 821 1802 noxae
870 1746 944 1799 et
988 1736 1292 1817 mortis,
1330 1744 1406 1799 et
1434 1733 1820 1799 Adamum
1865 1735 2290 1800 secundum
2337 1737 2645 1819 gratiae
2679 1747 2755 1802 et
2785 1737 3058 1823 salutis

570 1860 1005 1929 auctorem3
1056 1847 1387 1934 efficitque
1420 1847 1660 1913 Christi
1703 1849 1981 1932 gratiam
2014 1846 2160 1935 plus
2207 1847 2408 1913 multo
2457 1848 2792 1914 hominum
2840 1852 3060 1935 generi

568 1962 887 2048 profuisse
903 2010 919 2043 ,
978 1982 1174 2046 quam
1231 1958 1517 2024 obfuerit
1568 1958 1760 2024 Adae
1819 1971 2186 2045 peccatum.
2265 1961 2374 2024 Ex
2435 1962 2784 2027 occasione
2844 1974 3058 2027 autem

569 2074 761 2138 datae
792 2074 1012 2158 Legis,
1048 2072 1294 2136 factum
1326 2080 1443 2154 est,
1474 2083 1548 2135 ut
1578 2070 1887 2137 delictum
1923 2071 2288 2137 abundaret
2303 2077 2348 2136 ⁵.
2395 2072 2697 2159 Amplius
2729 2074 3057 2160 explicare

564 2349 615 2408 3,
655 2347 843 2396 21—8.
880 2346 923 2394 1.
960 2346 1029 2393 11.
1068 2345 1214 2409 Lips.
1256 2344 1406 2393 182⁰.
1469 2342 1694 2403 Grimm,
1733 2343 1798 2393 de
1833 2344 2116 2393 Joanneae
2153 2342 2543 2410 Christologiae
2581 2346 2762 2395 indole
2805 2346 3054 2397 Paulinae

566 2438 889 2498 comparata.
936 2431 1087 2496 Lips.
1138 2432 1287 2479 1833.
1336 2446 1387 2493 p.
1438 2430 1642 2479 119.-s.
1715 2429 1779 2478 In
1835 2430 2028 2495 quibus
2081 2432 2291 2495 scriptis
2345 2447 2512 2496 penes
2565 2438 2710 2482 recte
2767 2433 3056 2495 observata,

564 2520 777 2584 farrago
816 2517 1012 2583 legitur
1050 2523 1357 2577 erratorum,
1406 2530 1547 2581 quae
1594 2517 1826 2580 penitius
1865 2518 2168 2565 examinare
2205 2517 2275 2566 ab
2311 2518 2554 2567 instituto
2601 2524 2783 2570 nostro
2833 2520 3056 2571 alienum

562 2612 661 2655 est.
725 2605 861 2655 Vide
898 2620 1081 2654 rursus
1118 2618 1255 2669 quae
1293 2602 1457 2652 habet
1494 2602 1682 2661 Simar,
1724 2601 1756 2651 l.
1796 2618 1846 2651 c.
1885 2619 1936 2667 p.
1977 2605 2092 2653 114.
2131 2618 2173 2651 s.
2213 2609 2265 2653 et
2303 2606 2519 2669 passim.

778 2693 815 2755 ¹)
855 2692 1012 2741 Hanc
1050 2704 1202 2739 suam
1238 2688 1533 2738 doctrinam
1572 2688 1631 2737 C.
1660 2690 1710 2737 4.
1750 2687 2064 2737 confirmare
2102 2690 2275 2754 pergit
2300 2688 2352 2739 S.
2379 2690 2683 2740 Literarum
2720 2695 3054 2751 testimoniis;

562 2779 731 2829 veluti
780 2780 845 2829 de
895 2775 1271 2827 iustificatione
1316 2775 1609 2825 Abrahami
1661 2774 1795 2824 Gen.
1836 2778 1926 2836 15,
1965 2776 2014 2825 6.
2068 2775 2294 2825 Davidis
2331 2776 2419 2825 Ps.
2457 2778 2550 2839 32,
2593 2779 2640 2827 1.
2678 2780 2754 2840 3.,
2807 2795 2911 2830 nec
2955 2797 3056 2830 non

564 2866 971 2931 promissionum
1008 2862 1257 2914 Abrahae
1295 2863 1583 2923 factarum,
1634 2861 1778 2912 unde
1814 2861 2114 2925 concludit3
2161 2863 2450 2927 gratuitam
2497 2863 2666 2913 fuisse
2701 2865 2862 2916 huius
2897 2868 3056 2917 Patri·

566 2951 760 3001 archae
796 2952 1067 3000 iustitiam.
1129 2949 1283 3011 Quod
1330 2949 1433 2999 sibi
1478 2949 1810 3014 propositum
1860 2954 1974 2998 erat
2023 2948 2404 2999 demonstravit
2439 2949 2758 3015 Apostolus:
2809 2954 3056 3003 iustitiam

564 3040 659 3087 uni
696 3036 820 3086 fidei
856 3042 1131 3102 acceptam
1168 3037 1369 3097 referri,
1407 3034 1557 3085 nulla
1580 3034 1668 3083 vel
1693 3035 1858 3100 Legis
1894 3034 1982 3083 vel
2021 3036 2438 3085 circumcisionis
2474 3039 2680 3087 ratione
2718 3038 2929 3101 habitu
2965 3040 3056 3088 sed

564 3125 794 3189 gratuito
820 3124 875 3171 vi
898 3123 1065 3173 solius
1089 3121 1492 3188 pollicitationis
1518 3122 1766 3182 Divinae,
1805 3136 1944 3187 quae
1969 3122 2420 3172 circumcisionem
2459 3138 2524 3173 ac
2547 3124 2752 3189 Legem
2780 3126 3054 3175 antecedit.

561 3211 626 3260 Id
652 3210 793 3276 quod
818 3226 926 3259 non
952 3210 1020 3259 ob
1048 3210 1222 3275 ipsum
1248 3208 1611 3259 tantummodo
1636 3207 1997 3258 Abrahamum
2019 3207 2072 3258 S.
2095 3208 2396 3259 Literarum
2419 3212 2758 3260 monimentis
2783 3214 3053 3277 consigna-

563 3303 677 3347 tum
714 3304 809 3359 est,
848 3296 943 3347 sed
981 3298 1139 3345 etiam
1176 3302 1413 3346 nostrum
1454 3297 1688 3345 omnium
1726 3309 1904 3355 cansa,
1945 3296 2138 3359 quibus
2169 3295 2308 3345 idem
2333 3302 2615 3362 acceptum
2639 3297 2915 3348 ferendum
2949 3306 3053 3353 est3

566 3384 903 3435 credentibus
940 3398 1013 3433 sc.
1052 3384 1107 3431 in
1142 3398 1280 3444 eum,
1321 3384 1411 3448 qui
1448 3383 1704 3432 excitavit
1739 3382 1807 3431 Ι).
1834 3382 1898 3430 N.
1933 3382 1986 3432 J.
2015 3381 2074 3431 C.
2113 3396 2148 3431 a
2183 3384 2422 3443 mortuis,
2460 3398 2620 3448 quem
2657 3384 2868 3449 quidem
2905 3387 3054 3433 morti

565 3476 781 3536 propter
818 3470 1012 3521 delicta
1049 3476 1231 3519 nostra
1265 3466 1645 3531 adiudicatum,
1683 3476 1898 3534 propter
1927 3475 2162 3518 nostram
2192 3484 2320 3518 vero
2359 3468 2791 3520 iustificationem
2825 3485 3054 3520 resurre-

562 3559 708 3607 xisse
732 3572 765 3607 a
790 3558 1010 3607 mortuis
1040 3562 1265 3606 constat.
1306 3554 1345 3617 2)
1374 3554 1432 3604 C.
1460 3559 1509 3605 ὁ.
1554 3554 1595 3619 ³)
1622 3555 1708 3605 De
1733 3571 1818 3620 ep.
1843 3554 1999 3605 Pauli
2025 3555 2095 3605 ad
2118 3556 2270 3606 Rom.
2299 3570 2416 3622 cap.
2438 3558 2488 3617 ὃ,
2512 3559 2700 3607 1-11.
2726 3556 3056 3623 disputarunt

562 3644 633 3693 H.
673 3644 739 3694 de
778 3644 991 3694 Greef.
1030 3644 1197 3692 Amst.
1228 3644 1378 3692 1845.
1426 3642 1510 3690 W.
1534 3640 1871 3707 Mangold,
1911 3640 2006 3691 der
2041 3641 2392 3692 Romerbrief.
2417 3642 2590 3693 Marb.
2621 3645 2770 3695 1866.
2793 3661 2842 3709 p.
2872 3645 2990 3693 117.
3015 3659 3055 3692 s.

565 3730 805 3795 Uterque
843 3730 1156 3780 eruditionis
1193 3744 1323 3779 suae
1362 3730 1633 3794 specimen
1683 3730 1910 3794 scriptor
1958 3727 2224 3792 exhibuit3
2273 3729 2369 3779 sed
2405 3730 2863 3781 Heterodoxorum
2909 3746 3056 3781 more

562 3817 1099 3881 aequivocationibus
1118 3817 1217 3877 usi,
1244 3818 1299 3864 in
1324 3815 1640 3880 dogmaticis
1666 3831 1724 3865 se
1749 3831 1858 3865 non
1883 3816 2122 3865 sinceros
2146 3818 2542 3881 praestiterunt.
2580 3819 2622 3883 ⁴)
2651 3816 2740 3867 Sic
2757 3824 2815 3867 ut
2830 3818 3054 3881 primum

564 3903 824 3968 quosdam
850 3904 1129 3969 primarios
1148 3903 1352 3953 fructus
1373 3908 1667 3963 recenseat,
1691 3903 1782 3967 qui
1798 3908 1949 3951 sunt:
1975 3916 2098 3967 pax,
2119 3916 2242 3967 spes
2261 3902 2483 3967 gloriae,
2503 3902 2712 3953 laetitia
2729 3905 2783 3953 in
2801 3903 3055 3960 adversis,

562 3991 800 4041 amicitia
817 3990 937 4051 Dei,
966 3989 1179 4055 adoptio
1207 3990 1263 4037 in
1288 3988 1443 4050 filios,
1474 3994 1529 4039 et
1552 4004 1754 4039 merces
1782 3989 1923 4037 vitae
1949 3994 2219 4037 aeternae.
2247 3989 2295 4037 N
2299 4004 2362 4037 ec
2387 3988 2680 4039 timendum
2707 3997 2800 4051 est,
2825 4005 2890 4038 ne
2911 4004 3057 4038 vana

570 4076 889 4126 deludamur
916 4092 1029 4142 spe,
1056 4077 1255 4141 quippe
1282 4077 1433 4125 cuius
1450 4082 1632 4125 tantus
1664 4083 1748 4125 est
1775 4091 1924 4125 amor
1939 4076 1996 4123 in
2022 4090 2148 4138 nos3
2175 4080 2236 4123 nt
2253 4074 2508 4139 Spiritum
2527 4074 2580 4125 S.
2599 4078 2657 4125 in
2675 4091 2772 4126 nos
2791 4074 3045 4135 effuderit,

566 4178 771 4228 nosque
809 4179 927 4213 cum
966 4161 1140 4212 adhuc
1177 4169 1487 4227 peccatores
1524 4178 1761 4212 essemus
1798 4178 1894 4227 per
1929 4168 2152 4211 mortem
2185 4160 2314 4210 Filii
2351 4162 2436 4211 sui
2473 4162 2903 4212 reconciliaverit.
2969 4160 3054 4210 Cf.

564 4248 627 4297 A.
656 4248 865 4311 Scholz,
904 4250 969 4299 de
1006 4248 1392 4299 inhabitatione
1432 4248 1662 4313 Spiritus
1701 4248 1752 4296 S.
1788 4248 1951 4297 Wirc.
1984 4250 2132 4297 1856.
2197 4249 2238 4312 ⁵)
2274 4248 2502 4298 Dixerat
2537 4248 2820 4314 Apostolus
2856 4246 3054 4297 Christi

567 4336 924 4386 obedientiam
951 4352 1016 4385 ex
1041 4336 1266 4386 adverso
1292 4335 1615 4399 respondere
1643 4340 1864 4399 peccato
1891 4335 2046 4399 primi
2079 4335 2334 4400 parentis.
2371 4335 2646 4385 Potuisset
2681 4337 2796 4401 quis
2821 4332 3054 4391 credere,

566 4422 715 4486 Lege
752 4422 951 4486 Moysis
989 4422 1153 4472 fuisse
1192 4421 1409 4470 humani
1456 4422 1668 4486 generis
1706 4419 2066 4470 calamitatem
2114 4419 2396 4471 sublatam.
2459 4422 2648 4487 Apage
2685 4421 2838 4481 istud,
2871 4446 2936 4456 --
2976 4420 3055 4467 ait

566 4506 617 4555 d.
643 4506 842 4557 Paulus
868 4511 916 4569 5,
944 4510 1052 4570 20.;
1091 4512 1299 4557 tantum
1325 4508 1464 4556 enim
1490 4508 1661 4569 abest,
1689 4507 1833 4571 quod
1857 4508 2124 4556 communi
2149 4506 2290 4556 malo
2319 4507 2608 4573 quidquam
2633 4510 2746 4559 Lex
2771 4507 3056 4557 levamenti

566 4591 818 4654 attulerit,
856 4602 915 4643 ut
937 4595 1057 4659 ipsa
1082 4596 1259 4659 potius
1295 4593 1557 4643 addiderit
1592 4595 1990 4643 incrementum.
2047 4594 2248 4659 Legis
2285 4595 2426 4643 enim
2463 4596 2816 4645 occasione
2852 4592 3054 4642 factum
