3267 5259
590 418 670 485 18
1362 430 1476 473 mat.
1504 441 1594 472 rev.
1624 430 1712 472 div.
1743 430 1909 472 Pei-iod.
1938 428 1974 472 1.
1995 440 2088 483 cap.
2121 429 2320 483 primum.

585 607 755 671 bert,
791 606 991 657 Comm.
1026 606 1091 657 de
1124 607 1383 657 infantiae
1414 607 1467 657 J.
1504 606 1628 657 Chr.
1661 606 1916 658 historiae
1949 620 1982 657 a
2013 605 2201 657 Matth.
2237 611 2290 655 et
2321 604 2454 655 Luc.
2489 604 2756 655 exhibitae
2791 603 3071 653 authentia

586 700 745 761 atque
779 694 975 743 indole.
1025 693 1459 759 Gripeswaldiae.
1498 697 1649 745 1815.
1674 693 1919 756 Theile,
1947 710 2042 743 zur
2073 692 2394 758 Biographie
2427 692 2578 743 Jesu.
2626 692 2812 757 Leipz.
2839 693 2998 742 1837.
3023 708 3071 756 p.

586 784 669 831 38.
696 798 737 830 s.
784 782 847 830 A.
872 780 1193 843 Tholuck,
1230 779 1726 845 Glaubwflrdigkeit
1759 780 1854 829 der
1887 796 1968 830 ev.
1996 779 2314 829 Geschichte
2349 778 2592 843 angle-ich
2627 780 2746 827 eine
2773 778 2954 827 Kritik
2981 778 3072 827 des

584 867 797 917 Lebens
830 866 963 917 Jesu
998 882 1103 917 von
1138 866 1368 917 Strauss.
1416 867 1610 917 Ilamb.
1640 868 1789 917 1838.
1818 867 1900 916 ed.
1925 868 1974 917 2.
1997 883 2050 932 p.
2075 868 2194 916 205.
2219 883 2262 916 s.
2313 864 2372 915 C.
2401 865 2730 927 Ullmann,
2765 864 3070 915 Historisch

586 953 713 1001 oder
746 952 1025 1018 mythisch.
1060 953 1253 1003 Hamb.
1291 954 1440 1003 1838.
1474 970 1526 1019 p.
1564 954 1680 1003 195.
1715 970 1756 1003 s.
1804 952 1868 1002 L.
1902 954 2069 1018 Hug,
2105 952 2406 1003 Gutachten
2449 956 2500 1001 fl.
2533 952 2584 1001 d.
2628 951 2814 1001 Leben
2847 950 2988 1000 Jeau
3021 966 3070 998 v.

582 1040 651 1089 D.
684 1040 773 1089 Fr.
810 1039 1041 1091 Strauss.
1078 1040 1257 1090 Freib.
1302 1042 1451 1090 1840.
1487 1040 1537 1103 1,
1572 1042 1658 1089 81.
1693 1056 1734 1091 s.
1785 1038 1846 1089 C.
1879 1039 2226 1101 Wieseler‚
2263 1038 2385 1089 Chr.
2421 1038 2688 1105 Synopse,
2722 1055 2774 1104 p.
2809 1040 3070 1087 33—159.

582 1126 635 1176 J.
669 1128 739 1176 H.
779 1128 843 1177 A.
894 1124 1165 1189 Ebrard,
1214 1126 1519 1177 wissensch.
1562 1127 1756 1177 Kritik.
1799 1126 1894 1177 der
1937 1142 2125 1191 evang
2169 1126 2504 1176 Geschichte.
2553 1125 2634 1175 ed.
2678 1128 2727 1175 2.
2771 1125 3068 1187 Erlangen.

586 1215 737 1264 1850.
770 1230 823 1278 p.
860 1214 1150 1264 188-246,
1184 1212 1245 1262 F.
1280 1213 1366 1261 W.
1420 1212 1474 1262 J.
1507 1213 1999 1276 Lichtenstein,
2033 1210 2554 1278 Lebensgeschichte
2597 1212 2691 1261 des
2725 1212 2902 1261 Herm
2937 1211 3070 1261 Jesu

585 1298 781 1351 Christi
802 1302 860 1349 in
885 1299 1120 1349 chronol.
1144 1299 1431 1350 tibersicht.
1454 1299 1728 1365 Erlangen
1755 1302 1907 1350 1856.
1932 1316 1984 1349 n.
2009 1302 2199 1349 3-10,
2223 1316 2275 1365 p.
2305 1300 2560 1350 75—124.
2587 1304 2640 1347 et
2663 1314 2820 1363 quem
2845 1297 3069 1347 laudare

582 1386 726 1436 haud
752 1387 1039 1449 omisimus,
1064 1386 1392 1436 Patritins
1418 1402 1448 1435 e
1476 1384 1527 1435 S.
1554 1385 1589 1435 J
1594 1423 1623 1449 .,
1651 1387 1716 1436 de
1743 1386 2035 1451 evang-eliis
2059 1386 2094 1435 l.
2114 1386 2211 1435 111.
2237 1387 2308 1435 Η.
2331 1385 2606 1448 Wallon,
2633 1385 2700 1434 de
2725 1386 2780 1434 la
2803 1399 3068 1449 croyance

582 1473 687 1521 due
714 1488 747 1521 a
768 1472 802 1521 1’
828 1472 1109 1537 Evangile.
1158 1472 1279 1521 Par.
1318 1474 1465 1523 1858.
1491 1489 1542 1537 p.
1578 1474 1697 1522 255.
1733 1488 1774 1523 s.
1811 1472 1978 1538 Sepp,
2013 1472 2220 1522 Thaten
2269 1471 2379 1521 und
2405 1472 2618 1522 Lehren
2651 1471 2802 1522 Jesu.
2853 1470 3068 1520 Schafh.

586 1561 735 1609 1864.
762 1576 814 1625 p.
839 1562 888 1609 8.
915 1576 957 1610 s.
982 1560 1071 1609 Fr.
1097 1559 1243 1608 Imm.
1268 1560 1397 1609 Taf
1404 1558 1485 1623 el,
1522 1558 1617 1609 das
1653 1559 1838 1609 Leben
1871 1560 2006 1609 «Iesu
2029 1576 2082 1609 n.
2110 1560 2160 1609 d.
2193 1558 2424 1608 Berieht.
2451 1559 2500 1609 d.
2525 1558 2786 1623 Evangel.
2813 1556 3068 1623 gerechtf.

582 1662 636 1697 u.
672 1646 841 1696 verth.
874 1664 925 1711 g.
962 1646 1010 1696 d.
1035 1646 1197 1711 Angr.
1232 1646 1283 1695 d.
1316 1647 1411 1695 Dr.
1456 1646 1686 1697 Strauss.
1730 1646 1908 1697 Basel.
1944 1648 2096 1697 1865.
2128 1664 2180 1711 p.
2218 1648 2299 1696 14.
2325 1662 2368 1696 s.
2416 1646 2469 1695 J.
2503 1646 2590 1695 Fr.
2633 1646 2967 1706 Demaret,
3005 1644 3068 1692 de

584 1734 785 1798 origine
810 1734 1225 1799 Evangeliorum
1262 1733 1431 1799 deque
1470 1749 1652 1784 eorum
1685 1733 1941 1784 historica
1972 1734 2306 1783 auctoritate.
2351 1733 2598 1782 Levanii.
2627 1734 2776 1783 1865.
2801 1749 2855 1798 p.
2881 1734 3002 1783 225.
3025 1748 3068 1780 s.

582 1824 700 1869 272.
726 1837 768 1871 s.
788 1821 957 1870 Nimis
980 1820 1083 1870 hac
1106 1822 1163 1869 in
1186 1836 1243 1870 re
1270 1821 1531 1885 praebent
1554 1822 1714 1870 etiam
1745 1820 2044 1885 singulares
2067 1836 2124 1870 se
2151 1820 2227 1869 illi
2253 1820 2396 1869 docti
2421 1821 2520 1869 viri
2545 1820 2815 1878 catholici,
2841 1822 2932 1884 qui
2959 1819 3067 1868 alto

582 1907 791 1957 silentio
818 1909 1244 1973 praetermittunt
1268 1910 1625 1957 narrationem
1653 1908 1718 1957 (le
1753 1908 2146 1974 supernaturali
2173 1908 2368 1957 Christi
2403 1912 2522 1957 ortu
2557 1912 2612 1956 et
2646 1907 2904 1967 infantia,
2949 1922 3066 1956 cum

580 2000 757 2044 tamen
810 1993 966 2057 fides,
998 2009 1105 2059 qua
1139 1994 1325 2045 Jesum
1358 1994 1523 2045 fuisse
1559 1994 1852 2058 Christum,
1891 2011 1986 2045 seu
2028 1995 2171 2061 quod
2211 1994 2434 2061 perinde
2477 1998 2558 2044 est
2585 1994 3066 2053 Deum—hominem,

582 2094 615 2131 a
640 2080 837 2131 Christi
862 2086 981 2131 ortu
1016 2082 1411 2146 supernaturali
1434 2088 1495 2131 ut
1516 2098 1573 2131 re
1600 2084 1657 2131 in
1679 2082 1824 2132 facto
1849 2084 2025 2147 posita
2047 2082 2294 2148 pendeat.

652 2326 711 2405 ξ.
758 2328 819 2392 5.
882 2322 1357 2410 Conceptio
1407 2334 1487 2389 et
1530 2324 1968 2391 Nativitas
2015 2324 2080 2391 S.
2114 2327 2476 2392 Joannis
2520 2326 2995 2412 Baptistae.

752 2498 1127 2583 Antequam
1180 2498 1275 2563 sol
1335 2500 1614 2564 iustitiae
1664 2501 2137 2585 optatissimum
2195 2500 2334 2565 orbi
2377 2500 2623 2565 vultum
2673 2499 3065 2579 ostenderet,

580 2633 825 2676 novum
868 2611 1069 2676 veluti
1112 2612 1475 2694 luciferum,
1521 2612 1792 2676 Herode
1839 2636 2056 2677 rerum
2115 2616 2426 2699 potiente,
2473 2613 2806 2699 praemisit
2859 2612 3066 2675 Eliam

578 2723 757 2788 illum
806 2746 845 2787 a
881 2723 1249 2789 Malachia¹
1294 2724 1704 2811 praedictum
1750 2725 1794 2791 J
1808 2749 2142 2791 oannem
2189 2727 2702 2813 Baptistam2.
2751 2725 3068 2790 Parentes

583 2838 721 2901 eius
765 2836 1161 2901 Zacharias3
1207 2860 1291 2903 ex
1335 2837 1549 2903 Abiae
1595 2838 1874 2921 familia,
1923 2849 1990 2903 et
2030 2837 2445 2921 Elisabeth⁴,
2499 2838 2693 2903 ambo
2743 2861 2778 2902 e
2825 2860 3067 2923 genere

582 2948 971 3013 sacerdotali
1014 2950 1535 3037 irreprehensam
1580 2954 1780 3015 vitam
1827 2952 2115 3037 agebant
2133 2956 2174 3016 ⁵.
2268 2951 2495 3017 Proles
2554 2950 2676 3015 illis
2722 2974 2856 3015 non
2913 2960 3066 3033 erat,

582 3084 660 3125 ac
704 3064 817 3125 vix
847 3064 1095 3149 sperari
1126 3072 1403 3149 poterat,
1452 3087 1599 3128 cum
1647 3063 2025 3129 Elisabetha
2071 3064 2302 3129 sterilis
2351 3075 2541 3148 esset,
2587 3074 2863 3150 uterquc
2911 3088 3064 3128 vero

580 3176 810 3237 aetatis
825 3184 1181 3260 provectae
1202 3180 1243 3240 ⁶.
1272 3176 1475 3242 Sexto
1503 3188 1654 3242 ante
1673 3177 1908 3243 Christi
1935 3177 2288 3243 Salvatoris
2311 3180 2828 3243 incarnationem
2847 3200 3068 3241 mense

580 3285 938 3351 Zachariae
964 3310 1048 3351 ex
1072 3298 1245 3353 sorte
1272 3288 1596 3375 obtigerat
1618 3292 1686 3354 in
1708 3290 1952 3377 templo
1972 3294 1993 3333 ⁷
2015 3290 2348 3355 thimiama
2371 3290 2655 3355 adolere.
2691 3290 2824 3355 Suo
2849 3294 3068 3376 itaque

580 3400 833 3462 muneri
892 3402 1139 3465 intento
1189 3401 1569 3485 Zachariae,
1598 3405 1900 3488 apparuit
1945 3403 2216 3488 angelus
2265 3402 2552 3487 Gabriel,
2595 3426 2722 3488 quo
2769 3405 2910 3467 viso
2943 3414 3068 3467 tur·

579 3508 771 3575 batus
837 3522 968 3597 est;
1032 3514 1134 3577 cui
1201 3513 1474 3599 angelus
1525 3516 1738 3601 ipsum
1793 3516 2184 3580 confirmans
2235 3516 2421 3581 brevi
2473 3516 2556 3581 ab
2610 3540 2820 3581 uxore
2875 3517 3070 3581 sterili

580 3622 778 3685 filium
818 3623 1190 3689 Joannem8
1226 3628 1489 3691 nomine
1530 3636 1962 3713 excepturum
2001 3628 2362 3713 pollicetur.
2431 3628 2769 3693 praedixit
2802 3631 3070 3715 insuper

797 3806 835 3874 ¹)
872 3811 921 3871 4,
962 3812 1011 3859 5.
1056 3810 1121 3859 V.
1164 3810 1304 3861 Hist.
1348 3812 1409 3861 R.
1446 3812 1515 3861 D.
1558 3812 1621 3861 V.
1664 3813 1726 3862 T.
1770 3829 1824 3879 p.
1867 3814 1986 3863 532.
2029 3829 2071 3863 s.
2133 3812 2174 3879 2)
2221 3814 2270 3862 Α
2313 3815 2466 3864 cuius
2511 3818 2630 3863 ortu
2671 3814 2882 3863 initium
2925 3813 3071 3863 ducit

578 3894 863 3959 Evangelii
887 3896 971 3945 sui
996 3912 1039 3946 s.
1062 3895 1261 3947 Lucas.
1294 3895 1335 3963 ³)
1360 3898 1495 3947 Vide
1520 3897 1573 3947 J.
1600 3898 1846 3962 Simonis,
1875 3899 2256 3949 Onomasticon
2281 3901 2346 3949 N.
2371 3902 2434 3950 T.
2459 3917 2511 3966 p.
2521 3880 2621 3950 ‘6⁷.
2655 3901 2724 3949 Η.
2745 3901 2809 3949 R.
2829 3901 2898 3950 D.
2921 3902 2983 3951 V.
3007 3901 3070 3949 T.

578 3984 760 4047 p.523.
826 3980 869 4049 ⁴)
902 3973 1145 4052 ηξᾳζέἣὲ,
1166 3985 1269 4033 Dei
1294 3986 1664 4049 iuramentum,
1691 3986 1946 4037 divinitus
1969 3988 2248 4051 promissa.
2275 3986 2687 4052 Simonis,1.c.p.
2697 3990 2784 4037 58.
2811 3986 2852 4053 ⁵)
2871 3988 3070 4037 Dicun-

578 4080 667 4126 tur
706 4078 840 4127 Luc.
886 4082 939 4141 1,
984 4080 1033 4127 6.
1084 4080 1240 4128 ambo
1282 4080 1385 4129 ius
1401 4082 1465 4129 ti.
1542 4081 1860 4141 „Parentum
1909 4083 2132 4133 virtutes
2181 4082 2434 4132 describit
2479 4083 2855 4148 Evangelista‚
2901 4088 2962 4131 ut
3007 4099 3068 4131 cx

578 4170 952 4227 generatorum
976 4166 1139 4215 tantis
1164 4167 1390 4229 meritis,
1424 4166 1657 4231 dignitas
1692 4170 1942 4233 germinis
1977 4174 2379 4235 cognoscatur.“
2431 4168 2484 4219 S.
2511 4169 2892 4235 chrysologus,
2917 4186 3070 4221 serm.

578 4250 717 4299 XCI.
754 4250 835 4299 ed.
872 4252 1044 4301 Pauli.
1078 4268 1129 4317 p.
1166 4255 1282 4302 139.
1357 4252 1397 4318 ὅ)
1440 4252 1523 4302 Ad
1565 4252 1662 4302 filii
1707 4256 2127 4319 generationem,
2163 4262 2386 4306 naturae
2421 4256 2624 4306 viribus
2659 4258 2874 4306 minime
2907 4257 3070 4307 fuisse

579 4335 799 4386 idoneos
832 4340 1197 4402 praecursoris
1220 4344 1486 4405 parentes,
1530 4341 1720 4405 procul
1764 4342 1926 4391 dubio
1961 4358 2062 4393 sua
2094 4345 2298 4393 ratione
2341 4358 2450 4392 non
2493 4344 2680 4393 caruit.
2737 4342 2926 4393 Facile
2969 4343 3072 4391 dici

578 4424 811 4486 patimur
844 4424 1158 4475 Batradium
1195 4426 1393 4475 Comm.
1431 4426 1473 4476 1.
1498 4428 1544 4490 7,
1564 4430 1613 4476 2.
1636 4444 1689 4493 p.
1711 4430 1828 4477 355.
1863 4429 1918 4478 in
1953 4430 2200 4479 eximium
2223 4428 2455 4480 Messiae
2481 4446 2546 4479 ex
2569 4430 2788 4495 Virgine
2813 4430 3070 4497 prodituri

578 4514 765 4574 typum
785 4508 1080 4561 destinasse
1104 4512 1206 4562 hoc
1230 4514 1422 4563 Deum.
1450 4512 1491 4579 7)
1516 4513 1579 4563 In
1604 4514 1762 4564 altari
1787 4530 1950 4565 aureo
1977 4514 2177 4567 Sancti.
2195 4516 2260 4566 V.
2285 4516 2424 4567 Hist.
2449 4516 2514 4566 R.
2531 4516 2677 4566 D.v.
2711 4518 2775 4566 T.
2799 4534 2854 4582 p.
2883 4518 2998 4567 136.
3033 4532 3072 4574 s,

580 4594 619 4665 8)
648 4597 729 4646 Cf.
748 4596 821 4647 M.
840 4596 893 4646 J.
914 4598 1151 4663 Butneri,
1175 4601 1370 4665 inquis.
1398 4602 1453 4651 in
1474 4602 1614 4651 Hist.
1632 4602 1880 4665 Joannis,
1905 4602 1998 4652 filii
2018 4603 2328 4667 Zachariae,
2347 4604 2404 4653 in
2423 4604 2584 4654 Thes.
2607 4604 2682 4653 th.
2702 4604 2792 4670 ph.
2817 4604 2860 4673 1,
2887 4606 3006 4655 286.
3031 4620 3069 4655 s·
