3267 5259
636 406 763 469 22ss
1377 418 1574 458 Dedecus
1600 416 1964 468 nisquffltionum
1991 418 2350 468 theologiarum.

636 597 789 671 ipsos
820 596 1175 671 decipiamus
1206 602 1265 655 et
1294 595 1515 655 veritas
1545 596 1609 653 in
1640 596 1808 654 nobis
1839 616 1956 653 non
1986 596 2098 655 sit.
2123 642 2136 653 .
2159 642 2171 656 .
2227 596 2288 655 Si
2321 600 2480 655 enim
2511 596 2858 655 confitemur
2885 600 3084 671 peccata

635 706 862 773 nostra,
911 700 1065 759 sicut
1108 701 1393 775 scriptum
1436 705 1523 758 est
1567 700 1600 757 I
1629 700 1840 757 Joann.
1878 705 1931 771 1,
1969 705 2026 757 8.
2062 706 2119 759 9.
2165 701 2424 776 profecto
2467 700 2570 759 ille
2609 700 2714 778 qui
2759 700 2905 759 lavit
2943 701 3082 775 pedes

635 804 1055 879 discipulorum
1096 824 1365 875 suorum,
1406 804 1596 861 fidelis
1636 808 1724 861 est
1763 808 1821 861 et
1864 803 2079 876 iustus,
2123 806 2224 881 qui
2257 805 2522 863 dimittat
2559 805 2729 863 nobis
2759 809 3005 880 peccata,
3039 810 3082 859 et

636 910 877 965 mundet
908 928 1009 966 nos
1040 910 1112 965 ab
1144 909 1304 965 omni
1335 908 1652 985 iniquitate
1669 951 1682 978 ,
1717 908 1778 964 id
1807 914 1895 965 est
1925 928 2108 985 usque
2147 910 2220 967 ad
2263 910 2434 985 pedes
2463 909 2678 986 quibus
2707 927 3084 967 conversamur

634 1012 698 1069 in
729 1014 929 1069 terra.‘
993 1012 1177 1069 Nobis
1209 1011 1441 1088 quidem
1481 1010 1539 1069 S.
1572 1011 1751 1068 Pater
1780 1012 1892 1069 hac
1919 1012 2284 1087 expositione
2312 1032 2520 1071 verum
2551 1013 2726 1070 huius
2759 1012 2870 1070 loci
2899 1018 3082 1087 myste-

634 1116 789 1172 rium
849 1116 1088 1173 videtur
1148 1114 1494 1172 enucleasse.
1576 1114 1725 1171 Cum
1783 1115 1930 1171 dicit
1987 1116 2097 1173 hac
2147 1118 2360 1191 pedum
2419 1116 2638 1174 lotione
2689 1121 3082 1173 sacramentum

634 1219 1027 1293 poenitentiae
1072 1218 1425 1292 significari;
1473 1220 1575 1296 qui
1620 1217 1788 1277 velut
1833 1221 2116 1277 secundus
2159 1221 2400 1297 quidam
2446 1222 2772 1296 baptismus
2815 1214 2928 1291 est',
2971 1220 3084 1296 quia
3200 1248 3201 1251 =

634 1325 849 1380 nostris
907 1324 1327 1399 quodammodo
1386 1322 1647 1379 lacrimis
1719 1322 1940 1380 iterum
2012 1326 2399 1400 baptizamur.
2493 1326 2660 1382 Idem
2718 1326 2976 1402 sequitur
3025 1344 3085 1379 ex
3200 1390 3201 1393 Ἴ

633 1427 903 1483 omnibus
945 1425 1066 1483 illis
1107 1426 1275 1498 locis,
1316 1426 1528 1503 quibus
1568 1426 1870 1483 institutio
1908 1426 1967 1485 S.
2000 1427 2059 1485 S.
2092 1429 2496 1487 Eucharistiae
2529 1430 2804 1487 refertur.
2867 1430 2992 1487 Non
3016 1434 3085 1483 est.

631 1549 955 1603 congruum
994 1549 1239 1602 sumere,
1266 1530 1567 1588 Christum
1596 1530 1820 1587 dedisse
1841 1530 2278 1590 Eucharistiam
2305 1532 2599 1608 Apostolis
2629 1534 2889 1591 nondum
2915 1532 3084 1607 bapti-

631 1634 797 1691 zatis,
866 1634 1186 1693 Enimvero
1230 1634 1361 1692 coll.
1403 1634 1456 1693 Ι.
1500 1634 1631 1691 Cor.
1683 1640 1780 1705 11,
1817 1639 1919 1691 29.
1969 1655 2138 1694 nemo
2183 1654 2368 1711 capax
2413 1643 2501 1695 est
2542 1636 2946 1695 Eucharistiae
2989 1636 3086 1691 nisi

630 1740 979 1812 baptizatus,
1051 1738 1549 1811 Quemadmodum
1603 1756 1774 1795 nemo
1826 1758 1964 1796 sane
2003 1741 2076 1797 ad
2115 1760 2276 1798 esum
2317 1742 2458 1815 agni
2501 1740 2794 1816 paschalis
2837 1740 3088 1797 admitte-

632 1843 823 1913 batur,
858 1842 973 1899 nisi
1004 1842 1107 1919 qui
1140 1841 1639 1901 circumcisionem
1679 1846 1854 1899 antea
1893 1850 2254 1919 susceperat;
2301 1845 2389 1903 ita
2417 1846 2490 1901 ad
2520 1844 2954 1902 Eucharistiam
2991 1861 3092 1899 non

628 1949 756 2002 erat
793 1946 1214 2018 admittendae,
1264 1946 1380 2003 nisi
1423 1947 1524 2023 qui
1566 1946 1734 2021 prius
1774 1946 2130 2020 baptismum
2157 1948 2427 2024 suscepit.
2487 1948 2826 2024 Baptismus
2861 1954 2924 2004 ut
2953 1966 3090 2005 com·

628 2052 823 2109 munis
856 2058 1017 2110 tenet
1046 2055 1340 2111 sententia
1368 2056 1541 2110 iuxta
1569 2053 1625 2110 d.
1653 2051 1953 2123 Thomam,
1989 2052 2210 2110 Summ.
2237 2052 2362 2122 ΙΙΙ,
2391 2058 2490 2111 66.
2515 2058 2631 2110 art.
2661 2058 2720 2111 2.
2744 2052 2863 2123 XI,
2895 2057 3030 2109 121.
3051 2070 3092 2105 s.

631 2156 964 2226 ,institutus
993 2156 1111 2213 fuit
1140 2177 1175 2213 a
1199 2156 1433 2213 Christo
1464 2161 1600 2214 ante
1630 2175 1800 2213 suam
1829 2160 2095 2213 mortem‘
2125 2156 2162 2213 J
2165 2174 2338 2213 oann.
2367 2160 2422 2227 3,
2453 2160 2540 2225 3.;
2573 2160 2706 2231 post
2734 2155 3094 2213 resurrectio·

628 2279 763 2315 nem
800 2260 1015 2317 Matth.
1053 2265 1151 2331 28,
1195 2265 1291 2317 19.
1339 2262 1525 2333 magis
1556 2260 1884 2335 explicatus
1915 2264 1975 2317 et
2003 2258 2362 2329 declaratus3
2411 2258 2478 2315 in
2523 2259 2618 2315 die
2663 2259 3020 2316 Pentecostes
3063 2277 3092 2312 a
3200 2302 3201 2317 1

626 2384 671 2420 s.
693 2364 869 2421 Petro
899 2362 1321 2439 promulgatus.
1370 2366 1504 2421 Act.
1527 2369 1583 2433 2,
1606 2368 1708 2421 38.
1755 2366 1954 2441 Atque
1987 2362 2187 2420 eadem
2221 2362 2448 2419 ratione
2486 2362 2678 2420 dicere
2707 2364 2885 2420 etiam
2913 2380 3096 2436 potsu-
3200 2366 3201 2369 ’

628 2487 773 2538 mus,
800 2487 919 2525 non
942 2486 1062 2524 esse
1085 2466 1363 2525 credibile
1386 2468 1684 2525 ordinasse
1703 2467 2024 2525 Dominum
2047 2466 2355 2542 Apostolos
2377 2466 2712 2524 Sacerdotes
2736 2466 2891 2523 Novi
2907 2465 3092 2522 Testa-

627 2572 829 2643 menti,
878 2572 1211 2649 dedisseque
1254 2571 1337 2629 eis
1366 2576 1714 2647 potestatem
1752 2570 2097 2629 conficiendi
2144 2589 2350 2646 corpus
2393 2590 2581 2641 suum,
2625 2589 2800 2647 quam
2842 2570 2904 2626 in
2946 2573 3099 2625 nocte

625 2694 833 2733 coenae
862 2675 1083 2733 dedisse
1113 2697 1159 2733 s.
1191 2695 1250 2734 v.
1282 2696 1341 2751 p.
1374 2680 1515 2735 104.
1540 2696 1606 2747 s.,
1642 2675 1758 2733 nisi
1789 2676 1909 2733 iam
1944 2674 2172 2732 fuerint
2210 2674 2515 2750 baptizati.
2561 2673 2644 2731 Et
2671 2674 2870 2731 eodem
2899 2672 3096 2730 recidit
3200 2742 3201 2753 2

624 2784 1039 2851 argumentum
1056 2825 1070 2850 ,
1120 2780 1271 2857 quod
1316 2780 1454 2837 inde
1488 2779 1856 2837 construitur
1892 2778 2194 2836 Christum
2238 2782 2368 2853 post
2414 2778 2900 2835 resurrectionem
2949 2794 3101 2833 suam
3200 2760 3201 2765 ἵ

626 2883 922 2957 Apostolis
952 2883 1245 2957 Spiritum
1274 2883 1555 2941 Sanctum
1584 2888 1646 2940 et
1673 2887 2018 2958 potestatem
2051 2882 2391 2939 remittendi
2421 2887 2656 2957 peccata
2677 2881 2933 2949 dedisse;
2983 2898 3102 2937 cum

624 2992 823 3043 tamen
865 2986 1149 3044 Historiis
1193 2987 1654 3060 Evangeliorum
1698 2986 1942 3044 minime
1985 2992 2436 3045 consentaneum
2477 2988 2582 3057 sit,
2631 2986 2790 3063 quod
2833 2990 2976 3043 tunc
3021 3002 3102 3039 eos

626 3092 1034 3165 baptizaverit.
1096 3092 1287 3148 Erant
1324 3091 1512 3164 igitur
1552 3096 1727 3148 antea
1768 3090 2087 3167 baptizati;
2131 3092 2270 3168 quia
2306 3091 2450 3148 haec
2486 3094 2854 3147 sacramenta
2891 3108 3098 3164 suppo-

628 3200 779 3252 nunt
808 3194 1204 3252 characterem
1235 3194 1659 3270 baptismalem.
1707 3196 1910 3271 Neque
1941 3194 2056 3252 dici
2087 3198 2280 3270 potest
2307 3193 2610 3251 Christum
2639 3194 2705 3250 in
2735 3194 2846 3250 hcc
2873 3192 3100 3267 dispen-
3200 3216 3201 3241 2

624 3318 775 3355 sasso
791 3344 804 3368 ,
852 3304 911 3355 et
948 3300 1213 3357 ordinem
1254 3298 1597 3369 invertisse3
1648 3298 1924 3374 inprimis
1968 3316 2101 3355 cum
2142 3317 2246 3373 per
2283 3318 2344 3355 se
2385 3299 2660 3357 videatur
2703 3299 3104 3370 incongruum,
3200 3326 3201 3381 3

627 3402 791 3475 prius
824 3401 1131 3475 Apostolos
1159 3402 1337 3459 fuisse
1366 3403 1714 3473 sacerdotes,
1749 3421 1926 3479 quam
1958 3403 2301 3477 baptizatos.
2361 3402 2606 3459 Accedit
2635 3406 3015 3477 praeceptum
3043 3400 3105 3454 de
3200 3390 3201 3441 Ϊ

626 3504 965 3561 necessitate
1026 3505 1322 3579 baptismi.
1406 3506 1443 3561 J
1446 3526 1573 3563 esus
1632 3524 1767 3563 cum
1819 3506 2132 3563 Nicodemo
2183 3506 2218 3562 J
2221 3506 2543 3563 udaecrum
2603 3505 2871 3581 principe
2933 3506 3106 3561 verba
3200 3552 3201 3561 ,

624 3608 842 3665 faciens
886 3608 923 3663 J
926 3628 1097 3665 oann.
1134 3612 1191 3679 3,
1229 3614 1285 3666 ὃ.
1342 3614 1464 3665 tam
1508 3614 1708 3684 aperte
1755 3609 2195 3684 pronuntiavit,
2247 3608 2542 3666 neminem
2587 3608 2944 3666 salvandum
2989 3609 3109 3663 sine

625 3713 929 3787 baptismo,
964 3718 1033 3769 ut
1062 3732 1179 3770 non
1210 3712 1289 3770 sit
1317 3714 1736 3784 dubitandum,
1770 3714 1916 3790 quin
1945 3714 2038 3771 illi
2070 3733 2265 3771 omnes
2310 3714 2668 3788 baptismum
2699 3712 2926 3769 Christi
2961 3728 3108 3768 mce-
3200 3740 3201 3797 }

623 3818 846 3891 perint,
888 3835 1029 3893 quos
1078 3822 1207 3891 post
1254 3816 1360 3875 illa
1403 3820 1585 3875 verba
1630 3818 2014 3893 pronuntiata
2058 3818 2278 3875 vixisse
2331 3822 2391 3873 et
2434 3815 2728 3873 Ecclesiae
2773 3820 3112 3890 Qgregatoe
3200 3852 3201 3897 5

622 3942 742 3978 esse
782 3925 1023 3990 constat,
1058 3922 1237 3977 etiam
1268 3924 1317 3978 si
1351 3922 1418 3977 id'
1444 3941 1734 3999 nusquam
1770 3922 2054 3996 scriptum
2085 3922 2182 3978 sit.
2240 3920 2526 3997 Alioquin
2557 3920 2904 3993 negabimus
2937 3920 3114 3976 etiam
3200 3966 3201 3993 3

623 4026 938 4097 Romanos,
974 4024 1240 4095 Galatas,
1276 4024 1710 4099 Philippenses,
1745 4024 2144 4095 Timotheum,
2179 4023 2408 4093 Titum,
2443 4023 2854 4081 Philemonem
2883 4029 2944 4103 et
2975 4022 3116 4079 alios
3200 4038 3201 4053 ¹

623 4130 693 4187 ad
736 4149 881 4206 quos
921 4148 967 4184 s.
1001 4127 1218 4185 Paulus
1263 4130 1471 4185 scribit
1509 4128 1869 4203 baptizatos;
1918 4128 2058 4205 quia
2099 4146 2384 4205 nusquam
2423 4116 2674 4200 legimus
2715 4128 2952 4204 quando
2999 4134 3060 4183 et.
3086 4145 3116 4181 a
3200 4166 3201 4197 ;

621 4234 835 4309 quibus
867 4232 1150 4307 baptizati
1182 4232 1426 4291 fuerint.
1477 4234 1643 4289 Idem
1677 4234 1926 4310 denique
1957 4232 2244 4290 Dominus
2273 4232 2514 4288 mittens
2547 4230 2860 4305 Apostolos
2888 4250 3030 4287 suos
3059 4230 3120 4287 in
3200 4236 3201 4297 ζ

622 4337 964 4395 universum
994 4338 1279 4393 mundum
1310 4338 1510 4394 docere
1540 4342 1600 4394 et
1633 4338 1948 4412 baptizare,
1975 4336 2140 4393 addit
2169 4334 2498 4393 terribilem
2526 4336 2682 4392 hanc
2704 4353 2906 4393 vocem
2933 4335 3118 4390 Marc.
3200 4342 3201 4375 ἒ

627 4444 724 4509 16,
776 4446 873 4497 16.
956 4440 1093 4511 ,Qui
1136 4440 1451 4497 crediderit
1496 4446 1555 4498 et
1598 4441 1930 4516 baptizatus
1981 4440 2165 4497 fuerit
2207 4439 2404 4496 salvus
2451 4440 2597 4507 erit3
2656 4441 2762 4515 qui
2808 4458 2955 4495 vero
3007 4458 3121 4495 non

620 4544 951 4615 crediderit,
1016 4544 1538 4603 condemnabitur.‘
1634 4544 1898 4620 Apostoli
1957 4544 2175 4601 idcirco
2233 4546 2435 4601 sta-tim
2493 4560 2562 4600 ac
2621 4561 2732 4617 per
2785 4544 3124 4599 doctrinam
