3267 5259
2595 420 2724 487 533

235 655 766 709 COMMENTATIO
803 658 905 708 DE
940 656 1303 709 FONTI'BUS
1338 658 1387 707 E
1424 658 1692 720 QUIBUS
1728 657 2121 708 HISTORIAE
2158 657 2423 709 DOMINI
2459 658 2724 710 NOSTRI

894 745 1073 795 JESU
1124 742 1414 795 CHRISTI
1461 742 2062 796 COGNOSCUNTUR.

232 920 293 998 ξ.
337 920 445 984 41.
490 916 971 1003 Praeloquium.
1005 915 1286 982 Catholi-
1321 864 1412 916 pm

504 1026 729 1069 corum
790 1012 857 1068 et
900 1002 1289 1068 acatholico-

498 1112 643 1153 rum
718 1092 1105 1176 scriptorum
1171 1112 1285 1153 no-

498 1178 676 1241 mina
703 1186 1130 1241 recensentur
1176 1177 1285 1261 qui

497 1264 565 1325 in
658 1261 1025 1347 Evangelia
1113 1284 1287 1327 com-

501 1350 771 1413 mentati
816 1359 965 1413 sunt
1010 1403 1286 1419 ......
1324 1369 1426 1417 258

231 1437 292 1515 ξ.
335 1437 440 1503 42.
487 1434 833 1520 Evangelii
872 1445 1137 1520 etymon
1163 1469 1286 1503 con-

371 1522 634 1573 sideratur
647 1558 1286 1574 .............
1322 1524 1426 1573 260

302 1592 368 1642 Ν.
404 1594 455 1641 4.
493 1592 725 1658 Tempus
756 1608 861 1658 quo
887 1607 1079 1643 nomen
1104 1592 1283 1641 Evan-

374 1660 500 1725 gelii
551 1660 787 1713 historiis
833 1662 1047 1712 Domini
1102 1662 1285 1713 inscri-

371 1729 599 1779 bebatur
645 1765 1285 1782 .............
1340 1758 1407 1765 -

298 1797 565 1849 Numerus
628 1804 683 1849 et
742 1816 935 1850 munus
995 1800 1282 1865 Evangeli-

368 1872 585 1917 starum.
668 1868 947 1919 Scribendi
1002 1868 1285 1933 Evangelii

371 1951 584 1987 causae.
611 1938 791 1988 Unum
815 1944 897 1989 est
912 1937 1282 2003 Evangelium.
1319 1939 1419 1987 261

300 2005 587 2071 Evangelii
622 2022 761 2073 quae
798 2009 867 2058 sit
896 2007 1177 2073 dignitas.
1268 2007 1420 2055 .262

298 2074 365 2124 Ν.
402 2076 452 2124 5.
486 2076 772 2126 Delibatur
806 2082 1037 2159 quantus
1083 2077 1283 2126 sanctis

367 2143 474 2193 Dei
509 2145 819 2211 Evangeliis
855 2147 999 2197 omni
1046 2150 1281 2211 tempore

368 2211 537 2263 honor
583 2214 919 2264 exhiberetur
953 2248 1279 2264 .......
1338 2240 1399 2249 -

229 2282 289 2361 ξ.
333 2283 440 2349 43.
486 2280 781 2346 Persona
838 2280 906 2347 S.
966 2280 1279 2346 Matthaei

488 2367 791 2454 Apostoli
846 2421 1278 2436 .........
1317 2387 1417 2435 263

296 2455 362 2504 Ν.
411 2457 459 2504 3.
507 2454 618 2506 Cur
664 2472 707 2506 s.
752 2456 1057 2506 Matthaeus
1105 2456 1277 2521 publi-

366 2538 533 2575 canus
569 2525 744 2575 dictus
780 2526 881 2575 sit?
898 2559 1277 2575 ........
1333 2554 1400 2561 -

227 2594 285 2671 §-
330 2596 436 2659 44.
484 2591 764 2671 Quando
812 2592 877 2657 S.
908 2591 1278 2657 Matthaeus

488 2680 815 2764 scripserit
848 2732 1275 2747 .........
1315 2698 1417 2747 264

296 2766 362 2816 N.
403 2768 451 2816 1.
487 2767 881 2818 Enumerantur
928 2764 980 2815 S.
1018 2766 1078 2815 Ρ.
1129 2772 1183 2815 et
1223 2766 1275 2817 S.

364 2836 431 2885 E.
468 2837 559 2901 qui
582 2851 624 2885 s.
649 2835 979 2886 Matthaeum
1014 2840 1139 2885 ante
1174 2836 1279 2885 tria

366 2904 573 2970 reliqua
634 2905 933 2971 Evangelia
1004 2904 1277 2970 scripsisse

364 2978 628 3024 testantur
640 3009 1277 3024 .............
1334 3002 1398 3011 —

228 3043 284 3120 ἓ
328 3044 436 3109 45.
484 3040 667 3106 Ordo
731 3064 925 3128 quem
982 3040 1047 3105 S.
1112 3040 1277 3105 Mat-

484 3126 715 3193 thaeus
788 3130 856 3191 in
916 3127 1276 3212 Evangelio

492 3236 608 3277 suo
668 3214 1118 3279 concinnando
1180 3236 1277 3277 se-

486 3311 671 3365 cutus
704 3310 819 3383 est,
852 3310 1047 3386 atque
1086 3322 1271 3385 argu-

483 3398 775 3452 mentum
804 3388 1073 3451 strictim
1098 3386 1276 3451 exhi-

484 3472 679 3539 betur
688 3527 1277 3544 ............
1314 3492 1415 3541 265

225 3560 284 3638 ξ.
326 3562 431 3628 46.
481 3558 696 3639 Quem
728 3558 812 3623 ob
842 3558 1041 3623 finem
1071 3561 1269 3645 scrip-

490 3654 627 3709 tum
695 3647 778 3709 sit
842 3644 1271 3731 Evangelium

483 3732 549 3797 S.
568 3731 915 3815 Matthaei3
942 3733 1078 3796 eius
1104 3754 1271 3817 sym-

478 3817 703 3883 bolum
750 3782 975 3904 quod?
999 3872 1273 3888 ......
1312 3839 1413 3888 266
1463 3826 1469 3876 ἲ

295 3905 356 3956 Ν.
393 3908 443 3956 3.
480 3906 603 3969 Ubi,
653 3907 917 3973 quomodo
956 3912 1009 3955 et
1056 3921 1195 3971 quae
1230 3922 1273 3957 s.

360 3974 663 4025 Matthaeus
688 3976 751 4025 V.
778 3976 840 4025 Τ.
866 3977 1121 4026 vaticinia
1146 3974 1273 4025 alle—

360 4046 568 4110 gaverit
604 4044 900 4096 ostenditur
948 4080 1272 4095 .......
1310 4046 1411 4095 267

296 4112 358 4162 N.
376 4116 425 4164 3.
448 4114 751 4165 Ezechielis
776 4120 1005 4179 quatuor
1024 4114 1275 4164 animalia

360 4184 601 4247 mystica,
650 4188 777 4234 sunt
810 4182 1053 4247 symbola
1094 4183 1271 4233 Evan-

360 4252 669 4317 gelistarum
741 4286 1271 4302 ...........
1309 4254 1410 4303 268

228 4320 287 4396 ξ.
330 4322 433 4386 47.
478 4319 911 4406 Evangelium
974 4320 1060 4384 D.
1108 4319 1271 4383 Mat-

482 4404 656 4470 thaei
726 4406 1072 4471 vernaculo
1135 4404 1265 4470 He-

486 4490 835 4557 braeorum
850 4515 1150 4557 sermone
1164 4515 1270 4557 ex-

484 4588 734 4643 aratum
789 4633 1270 4649 ..........
1327 4626 1388 4635 -

1602 920 1669 968 N.
1707 921 1756 968 3.
1793 918 1896 980 Qui
1943 918 2128 985 lingua
2175 933 2372 984 graeca
2405 919 2586 969 Evan-
2619 864 2722 917 Psg.

1673 988 1870 1054 gelium
1930 986 1984 1037 S.
2033 988 2290 1037 Matthaei
2341 990 2586 1053 primitus

1675 1058 1926 1123 seriptum
1975 1057 2138 1107 fuisse
2177 1058 2478 1122 opinantur,
2527 1058 2582 1107 in

1672 1124 1903 1175 medium
1951 1126 2261 1176 adferuntur
2310 1162 2582 1177 ......
2622 1129 2724 1177 268

1606 1194 1886 1255 Quomodo
1913 1200 1967 1245 et
1989 1195 2204 1261 quando
2229 1200 2406 1245 textus
2435 1210 2584 1261 grae-

1672 1279 1766 1313 cus
1781 1279 1822 1313 s.
1837 1264 2096 1314 Matthaei
2109 1269 2266 1314 natus
2279 1266 2586 1330 quaeritur?
2622 1266 2721 1315 269

1600 1332 1878 1397 Digressio
1919 1334 2178 1383 vindicias
2217 1333 2474 1383 exhibens
2507 1340 2584 1383 te·

1671 1403 1904 1452 stimonii
1922 1403 2200 1452 Ecclesiae
2224 1401 2492 1468 Antiquae
2517 1402 2584 1453 de

1669 1471 1968 1537 Evangelio
2006 1470 2058 1521 S.
2080 1471 2338 1521 Matthaei
2373 1472 2582 1521 hebrai-

1671 1556 1735 1589 co
1783 1576 2574 1591 ................
2635 1569 2694 1579 —

1599 1608 1714 1659 Viri
1750 1609 2058 1671 doctissimi,
2096 1610 2188 1675 qui
2223 1626 2320 1675 pro
2355 1616 2504 1659 textu
2541 1624 2582 1659 s.

1669 1678 1928 1729 Matthaei
1973 1679 2242 1729 aramaico
2277 1684 2586 1745 pugnarunt

1667 1747 1960 1797 laudantur
1993 1782 2582 1798 ............
2619 1750 2721 1799 272

1528 1836 1587 1913 ξ.
1633 1834 1738 1900 48.
1786 1835 2126 1894 Ἀυθεντικὸν
2173 1854 2314 1896 esse
2359 1832 2578 1897 Evan-

1780 1916 2022 2003 gelium
2111 1916 2176 1983 S.
2261 1918 2578 1984 Matthaei

1791 2004 2274 2069 demonstratur
2305 2059 2580 2075 ......
2637 2053 2702 2063 -

1597 2092 1662 2143 Ν.
1685 2096 1731 2143 1.
1755 2093 2111 2159 Expugnatur
2127 2092 2452 2143 insimulatio
2472 2093 2579 2143 duo

1665 2163 1837 2227 prima
1883 2163 2062 2227 capita
2109 2177 2217 2211 non
2270 2162 2436 2213 fuisse
2483 2164 2580 2212 abs

1665 2245 1707 2280 s.
1745 2230 2018 2281 Matthaeo
2055 2236 2274 2281 exarata
2300 2267 2577 2281 ......
2635 2260 2696 2269 —

1594 2298 1658 2349 N.
1705 2302 1754 2349 2.
1817 2300 2174 2350 Confutantur
2226 2302 2578 2350 recentiorum

1666 2374 1962 2419 commenta
2042 2368 2110 2418 de
2197 2371 2580 2435 compositione

1663 2438 1948 2503 Evangelii
1985 2454 2028 2489 s.
2063 2438 2323 2489 Matthaei
2353 2473 2578 2490 .....
2617 2440 2717 2489 273

1594 2507 1659 2557 Ν.
1687 2510 1735 2557 3.
1759 2506 2083 2557 Referuntur
2106 2509 2323 2557 nomina
2344 2510 2578 2558 virorum

1665 2577 1758 2642 qui
1783 2576 2041 2626 vindicias
2078 2592 2118 2626 s.
2145 2576 2402 2627 Matthaei
2426 2591 2577 2643 prae-

1664 2645 1808 2695 clare
1843 2651 2069 2710 egerunt
2092 2681 2576 2696 ..........
2614 2648 2714 2696 274

1522 2733 1582 2811 ἓ.
1628 2732 1734 2797 49.
1783 2728 1847 2794 S.
1868 2729 2075 2794 Marci
2091 2752 2318 2814 genuS‚
2337 2732 2577 2816 patria3

1661 2834 1771 2868 non
1805 2817 2213 2868 confundendus
2251 2834 2372 2867 cum
2409 2818 2575 2869 altero

1659 2888 1845 2937 Marco
1884 2888 2074 2937 comite
2109 2903 2152 2937 s.
2189 2887 2346 2937 Pauli
2403 2924 2418 2937 .
2455 2924 2469 2938 .
2508 2924 2521 2937 .
2560 2923 2574 2938 .

1592 2956 1658 3005 Ν.
1687 2959 1732 3006 1.
1772 2956 1826 3006 S.
1853 2955 1905 3005 S.
1930 2957 1991 3006 P.
2030 2960 2082 3007 et
2119 2956 2172 3008 S.
2196 2956 2279 3019 E.,
2317 2958 2410 3022 qui
2441 2957 2576 3007 duos

1661 3027 1763 3077 sub
1809 3027 2022 3075 nomine
2065 3026 2234 3075 Marci
2283 3027 2338 3074 in
2376 3025 2575 3076 Codice

1662 3092 1712 3143 d.
1740 3095 1875 3144 Novi
1911 3094 2168 3144 Foederis
2193 3094 2525 3160 distinguunt
2560 3132 2573 3145 .
2612 3097 2713 3146 275

1592 3162 1647 3213 S.
1683 3163 1852 3213 Marci
1895 3165 2090 3214 itinera
2125 3169 2179 3214 et
2221 3164 2433 3215 labores
2478 3181 2574 3231 pro

1662 3231 1766 3282 fide
1792 3232 1988 3282 Christi
2024 3234 2282 3283 sistuntur
2300 3269 2572 3283 ......
2612 3234 2713 3283 276

1493 3328 1499 3333 -
1590 3302 1869 3367 Digressio
1889 3301 1955 3351 de
1981 3302 2282 3352 testimonio
2303 3316 2346 3351 s.
2366 3301 2574 3352 Irenaei

1663 3372 1808 3420 circa
1829 3376 2054 3437 tempus,
2090 3386 2197 3437 quo
2219 3371 2575 3437 Evangelium

1661 3456 1702 3490 s.
1739 3440 1911 3490 Marci
1945 3441 2199 3506 scriptum
2235 3440 2392 3490 fuerit
2451 3476 2464 3489 .
2506 3478 2518 3490 .
2555 3478 2570 3491 .
2610 3442 2710 3491 277

1521 3527 1580 3603 ἓ
1627 3527 1732 3592 50.
1781 3524 1847 3589 S.
1866 3522 2162 3588 Marcus
2145 3548 2212 3587 m
2227 3547 2345 3589 suo
2365 3524 2580 3589 Evan-

1786 3610 1957 3696 gelio
2003 3633 2221 3675 merus
2281 3610 2346 3675 S.
2405 3611 2568 3675 Mat-

1787 3696 1962 3762 thaei
2008 3699 2396 3782 epitomator
2438 3720 2572 3761 non

1785 3792 1883 3847 cst
1925 3801 2218 3863 habendus,
2273 3801 2568 3863 consilium,

1785 3870 1992 3931 divisio,
2012 3876 2377 3935 argumentum
2391 3870 2569 3921 Evan-

1820 3938 1910 3989 elii
1947 3939 2000 3989 S.
2035 3939 2206 3989 Marci
2242 3975 2568 3991 .......
2607 3942 2708 3991 279

1517 4010 1575 4088 ἓ.
1621 4010 1726 4075 51.
1771 3955 2128 4070 ffuthentia
2225 4006 2570 4093 Evangelii

1780 4092 1847 4157 S.
1892 4092 2101 4157 Marci
2139 4148 2568 4163 .........
2606 4115 2703 4164 281

1586 4182 1651 4232 Ν.
1689 4184 1736 4232 2.
1773 4182 1878 4242 Qui
1915 4180 2208 4247 particulae
2259 4184 2340 4244 16,
2379 4184 2566 4232 9-20.

1655 4254 1712 4299 in
1765 4250 1980 4300 dubium
2035 4254 2260 4300 vocatae
2307 4251 2567 4301 vindicias

1655 4320 1806 4369 ibant
1838 4319 2126 4369 laudantur
2137 4355 2566 4370 .........
2622 4348 2687 4357 ——

1584 4390 1707 4450 Qua
1753 4388 1936 4453 lingua
1970 4403 2012 4437 s.
2049 4389 2262 4439 Marcus
2299 4389 2570 4455 scripserit

1657 4459 1936 4525 inquiritur
1979 4492 2564 4508 ............
2620 4486 2686 4496 —

1585 4529 1650 4578 N.
1679 4530 1726 4577 1.
1759 4526 2108 4589 Exhibentur,
2145 4528 2234 4592 qui
2261 4541 2302 4577 s.
2327 4527 2566 4577 Marcum

1655 4596 1820 4647 latine
1855 4597 2128 4662 scripsisse
2163 4602 2420 4661 putarunt
2449 4633 2462 4647 .
2500 4633 2512 4647 .
2552 4633 2566 4647 .
2603 4598 2704 4648 282
