3267 5259
622 408 749 475 174
1285 420 1405 464 mat.
1432 420 1538 463 sev.
1569 420 1659 465 cuv.
1688 420 1743 466 s.
1767 421 1818 465 r.
1849 420 2018 465 renos.
2049 421 2084 464 1.
2105 432 2201 475 ap.
2229 421 2430 465 numm.

622 594 915 678 excedit,
974 594 1227 661 dierum
1272 598 1517 682 spatio,
1564 617 1714 661 cum
1761 595 2093 683 discipulis
2140 604 2600 679 conversatus,
2662 594 2946 661 eundem
2987 617 3054 659 se
3079 596 3099 633 ¹
3202 652 3203 659 ,

619 709 971 793 praestitit,
1035 707 1293 794 qualem
1350 718 1503 773 ante
1548 708 1932 775 Passionem
1977 718 2426 793 cognoverant
2439 709 2484 773 ².
2527 708 2887 773 Enimvero
2933 708 3102 794 quod

621 818 965 885 Salvator³
1018 821 1437 907 promiserat:
1489 842 1561 886 se
1605 820 1776 886 velle
1809 820 2164 907 discipulos
2194 822 2261 885 in
2292 819 2659 887 Galilaeam
2687 820 3102 908 praecedere,
3202 802 3203 811 ἵ

618 930 841 1019 ibique
909 932 996 998 ad
1060 932 1173 997 fidi
1239 934 1443 999 instar
1499 936 1810 1019 pastoris,
1879 933 2206 1021 dispersas
2265 956 2423 999 oves
2483 955 2918 1019 congregare3
2983 933 3101 999 hoe

618 1047 833 1131 ipsum
875 1044 1095 1111 multis
1138 1046 1379 1111 amoris
1422 1048 1525 1111 sui
1568 1047 1768 1132 signis
1813 1045 2126 1133 implevit.
2185 1046 2278 1111 Ut
2319 1048 2477 1111 satis
2519 1045 2810 1111 firmaret
2839 1056 3102 1132 pectora

615 1178 847 1223 eorum
894 1156 977 1223 de
1022 1160 1299 1223 veritate
1342 1158 1864 1225 Remu-rectionis
1905 1181 2082 1241 suae,
2137 1182 2272 1224 non
2331 1158 2542 1225 solum
2587 1157 2926 1245 Apostolis
2971 1181 3104 1223 sae-

624 1271 772 1356 pius
818 1273 1141 1357 apparuit,
1190 1292 1339 1335 cum
1386 1274 1481 1337 eis
1528 1270 1890 1337 collocutus
1937 1282 2070 1356 est;
2117 1270 2236 1337 sed
2281 1282 2348 1335 et
2389 1270 2630 1357 hospes
2677 1281 2744 1335 et
2773 1273 3104 1335 convictor
3202 1344 3203 1365 ἓ

622 1382 747 1447 fuit
774 1384 1213 1449 suavissimus.
1266 1383 1417 1449 Non
1462 1382 1583 1449 sibi
1613 1386 1680 1449 in
1713 1407 1792 1450 eo
1823 1394 2190 1471 temperare
2235 1393 2496 1471 poterat
2539 1403 2698 1469 erga
2735 1381 3103 1469 discipulos,

620 1494 802 1581 quod
844 1516 1025 1561 mare
1070 1494 1459 1580 Tiberiadis,
1518 1498 1650 1561 iam
1695 1506 1848 1563 ante
1891 1497 2276 1563 Passionem
2320 1505 2419 1563 tot
2461 1494 2793 1561 miraculis
2837 1495 3103 1576 clanim,

618 1608 797 1671 iussu
842 1630 959 1673 suo
1004 1618 1104 1676 tot
1162 1611 1408 1695 pisces,
1470 1618 1630 1695 quot
1687 1630 1936 1695 genera
1995 1609 2298 1675 dicuntur
2333 1608 2604 1693 -ederet;
2673 1625 2824 1673 cum
2891 1608 3106 1693 pransi

616 1730 841 1785 essent
885 1719 947 1785 d.
992 1721 1189 1787 Petro
1210 1723 1236 1766 ‘¹
1272 1720 1391 1791 ,ad
1443 1721 1768 1809 triplicem
1828 1723 2066 1788 amoris
2127 1724 2266 1787 eius
2307 1724 2860 1796 ,contestationem
2905 1742 3108 1805 agnos

618 1854 911 1919 ovesque
980 1856 1131 1899 suas
1194 1833 1473 1904 eredidit
1495 1838 1541 1918 ⁵,
1606 1836 1914 1922 vitaeque
1977 1836 2226 1900 exitum
2293 1834 2649 1919 gloriosum
2713 1830 3049 1919 praedixit
3066 1835 3106 1895 ⁶.
3202 1832 3203 1919 ξ

620 1943 881 2011 Octava
948 1945 1213 2011 demum
1280 1948 1599 2033 apparitio
1671 1946 1908 2013 Christi
1975 1946 2154 2013 facta
2223 1956 2324 2013 est
2393 1949 2461 2011 in
2533 1955 2818 2011 monte
2847 1962 2854 1967 “
2887 1942 3108 2009 Gali·
3202 1976 3203 2029 }

616 2055 919 2125 laeae⁷.
968 2058 1076 2123 Ad
1119 2059 1473 2146 Apostolos
1518 2064 1584 2126 in
1632 2060 1994 2127 Galilaeam
2041 2060 2320 2126 reduces
2363 2059 2656 2146 undique
2701 2057 3113 2123 confluxerat

999 2238 1035 2245 -4

620 2328 1033 2396 deprehenditur
1068 2332 1364 2395 vestigium.
1426 2330 1640 2381 Certum
1686 2336 1862 2382 autem
1897 2332 2072 2382 locum
2107 2333 2438 2397 assignatum
2474 2331 2640 2381 fuisse
2677 2328 2888 2395 patebit
2923 2346 2992 2379 ex
3029 2330 3112 2389 iis,

620 2405 761 2482 quae
798 2417 865 2466 de
900 2422 1080 2467 monte
1117 2416 1393 2467 Galilaeae
1430 2417 1836 2483 disputabimus.
1874 2416 1937 2467 V.
1963 2422 2072 2468 not.
2101 2420 2149 2468 7.
3202 2470 3203 2473 ,

836 2504 873 2567 ¹)
911 2503 1067 2553 Licet
1102 2508 1283 2553 tantae
1319 2503 1523 2569 gloriae
1558 2504 1775 2570 fastigio
1812 2504 2107 2554 sublimem.
2165 2504 2206 2570 2)
2251 2504 2372 2553 Νοιι
2407 2509 2604 2554 temere
2642 2502 2906 2553 eredimus
2945 2503 3110 2551 vitam
3202 2494 3203 2497 '

621 2589 672 2640 J.
700 2588 777 2652 C.,
816 2604 955 2656 quae
993 2589 1118 2639 olim
1154 2590 1209 2638 in
1246 2589 1456 2640 deserto
1494 2606 1589 2655 per
1626 2590 1981 2657 quadraginta
2016 2590 2130 2641 dies
2166 2590 2385 2641 mirifice
2423 2595 2742 2641 conservata
2777 2594 2875 2651 est,
2919 2588 3110 2637 eadem

622 2690 837 2741 quoque
883 2677 933 2725 vi
980 2680 1103 2741 post
1142 2676 1601 2727 Resurrectionem
1655 2676 1822 2727 fuisse
1875 2681 2262 2737 conservatam.
2334 2675 2376 2741 ³)
2421 2676 2612 2727 Metui.
2649 2678 2735 2739 26,
2761 2678 2848 2725 32.
2914 2676 2962 2738 ⁴)
3009 2676 3112 2724 Pro
3202 2680 3203 2713 ἲ

624 2778 729 2827 quo
766 2763 955 2824 oravit,
991 2767 1053 2812 ut
1087 2761 1363 2813 confirmet
1396 2764 1451 2812 in
1488 2762 1593 2813 fide
1630 2762 1866 2829 reliquos
1903 2763 2274 2829 Coapostolos.
2309 2764 2443 2813 Luc.
2479 2765 2565 2825 22,
2592 2765 2676 2812 32.
2737 2763 2778 2827 ⁵)
2813 2762 2884 2811 Η.
2909 2778 2960 2811 e.
2999 2762 3113 2811 uni·

622 2864 833 2899 versam
866 2848 1183 2899 Ecclesiam.
1246 2849 1289 2910 ὃ)
1326 2849 1523 2899 Joann.
1560 2853 1643 2911 21,
1674 2853 1722 2899 1.
1756 2865 1796 2899 s.
1860 2850 1900 2913 ⁷)
1949 2850 2135 2899 Matth.
2170 2852 2236 2900 28
2263 2888 2276 2912 ,
2316 2852 2394 2899 16.
2446 2846 2546 2911 ,εἷς
2579 2842 2635 2898 τὸ
2669 2842 2785 2915 ὅρος
2821 2838 2879 2896 οὗ
2915 2844 3114 2906 ἐτάξατο

622 2931 787 2993 αὐτοῖς
819 2929 847 2983 ὁ
883 2932 1125 2999 Ἰησοῦς“.
1179 2935 1289 2985 Iste
1324 2950 1493 2999 mons,
1533 2938 1623 3001 qui
1659 2938 1731 2987 sit
1767 2936 2084 3003 disputatur.
2131 2936 2184 2986 J.
2209 2936 2535 2997 Harduinus‚
2575 2937 2658 2985 vir
2693 2935 2883 2984 eximie
2917 2934 3112 2983 doctus

622 3020 719 3073 sed
755 3021 933 3071 audax
968 3022 1024 3070 in
1060 3022 1429 3086 coniectando,
1466 3038 1515 3073 a.
1557 3024 1710 3073 1729.
1745 3038 1815 3073 m.
1851 3024 1997 3088 Sept.
2041 3023 2310 3073 Memoriis
2346 3022 2672 3072 Trevultinis
2708 3021 2936 3071 inseruit
2993 3022 3115 3069 arti-
3202 3008 3203 3013 ¹

620 3107 797 3158 culum
834 3109 919 3158 94.
956 3125 1009 3173 p.
1038 3110 1189 3158 1763.
1228 3108 1309 3158 ed.
1346 3110 1469 3159 Par.
1540 3108 1944 3176 „L'apparition
1999 3109 2072 3159 du
2125 3108 2368 3159 Sauveur
2421 3108 2556 3158 dans
2607 3106 2666 3157 la
2720 3104 2928 3157 Galilee
2989 3107 3116 3157 dont
3202 3086 3203 3131 ἦ

618 3194 830 3260 par-lent
866 3194 917 3245 S.
943 3194 1207 3245 Matthieu
1244 3200 1299 3244 et
1332 3194 1387 3245 S.
1412 3196 1624 3258 Marc“;
1665 3212 1772 3261 quo
1809 3194 2108 3246 Galilaeam
2145 3196 2238 3245 ubi
2261 3196 2524 3245 Dominus
2549 3195 2820 3259 apparuit,
2857 3200 3114 3258 partem
3202 3180 3203 3231 ἶ

616 3283 863 3332 montis
899 3282 1206 3331 oliviferi
1243 3282 1532 3333 constituit.
1588 3282 1832 3331 Eandem
1870 3283 2174 3348 opinionem
2229 3309 2294 3319 -—
2348 3286 2475 3331 ante
2519 3280 2860 3331 Harduinum
2911 3280 3048 3329 olim
3085 3295 3116 3329 a
3202 3294 3203 3329 ἢ

618 3366 804 3418 Soario
842 3384 925 3433 ep.
964 3367 1197 3419 Coimbr.
1236 3369 1580 3433 propositam.
1639 3370 1704 3418 V.
1739 3368 1829 3419 Fr.
1857 3369 2173 3430 Quaresmii,
2209 3368 2349 3419 Hist.
2387 3369 2586 3417 Terrae
2625 3366 2678 3417 S.
2719 3366 2914 3417 elucid.
2957 3368 3113 3417 Antv.

622 3456 772 3505 1639.
808 3454 899 3505 IV.
936 3458 987 3516 9,
1018 3458 1097 3504 11.
1134 3454 1206 3516 11,
1233 3457 1351 3505 319.
1402 3483 1469 3493 -—
1516 3456 1878 3507 recentissime
1922 3470 2074 3505 suam
2110 3455 2240 3505 fecit
2283 3456 2346 3505 R..
2385 3454 2700 3515 Hoffmann,
2749 3454 2840 3503 ab.
2879 3452 2933 3503 d.
2975 3455 3116 3517 Berg

618 3540 847 3591 Galilaa.
900 3542 1047 3607 Lips.
1101 3543 1251 3591 1856.
1322 3542 1475 3592 Hace
1528 3543 1840 3593 coniectura
1892 3546 2036 3593 certe
2095 3546 2244 3591 caret
2301 3542 2444 3590 omni
2503 3539 2908 3606 probabilitate.
2975 3541 3111 3589 Nam

617 3646 667 3681 a.
714 3632 975 3692 repugnat
1022 3633 1205 3693 aperte
1250 3606 1433 3678 verbis
1476 3644 1518 3679 s.
1558 3627 1818 3677 Matthaei
1875 3626 2154 3689 „undecim
2209 3632 2387 3677 autem
2443 3625 2690 3691 discipuli
2745 3626 3006 3677 abierunt
3062 3628 3114 3675 in

618 3713 930 3776 Galilaeam‚
968 3715 1025 3763 in
1060 3719 1292 3765 montem
1326 3714 1419 3765 ubi
1458 3715 1808 3764 constituerat
1841 3714 1948 3765 illis
1983 3713 2196 3763 Jesus“.
2251 3713 2514 3773 Abierant
2555 3714 2613 3761 in
2649 3711 2958 3761 Galilaeam
2997 3730 3118 3779 pro·

614 3802 863 3863 vinciam,
920 3806 974 3850 et
1026 3801 1081 3849 in
1136 3805 1370 3852 montem
1418 3800 1658 3851 eiusdem
1703 3801 2027 3865 provinciae,
2082 3816 2240 3865 quem
2291 3799 2399 3849 illis
2445 3798 2779 3849 indicaverat
2827 3799 3116 3849 Dominae.
3202 3784 3203 3821 ἶ

614 3889 737 3939 Non
781 3902 907 3953 ergo
954 3892 1071 3938 erat
1115 3904 1267 3938 mons
1317 3902 1484 3954 prope
1526 3887 1860 3947 Jerusalem,
1905 3886 2167 3951 siquidem
2215 3888 2272 3935 in
2307 3884 2607 3935 Galilaeam
2655 3885 2914 3935 abierunt
2959 3885 3118 3937 disc-i-
3202 3874 3203 3883 ³

614 3974 743 4041 puli.
792 3974 837 4027 b.
883 3973 1263 4039 Argumentum
1308 3973 1597 4037 Harduini,
1645 3974 1788 4038 quod
1833 3974 2048 4037 repetiit
2091 3972 2406 4033 Hoffmann,
2455 3972 2776 4037 promissum
2813 3970 3118 4022 Salvatoris
3202 4008 3203 4049 ἒ

614 4061 759 4127 apud
794 4060 986 4111 Matth.
1014 4062 1098 4121 26,
1126 4062 1209 4110 32.
1248 4062 1335 4123 28,
1361 4062 1463 4123 10.,
1509 4076 1617 4110 non
1666 4061 1732 4110 de
1779 4060 1890 4111 alia
1923 4060 2030 4111 nisi
2073 4060 2294 4125 prima
2337 4059 2528 4124 primi
2577 4057 2714 4108 diei
2769 4061 3118 4125 apparitione
3202 4068 3203 4077 ¹

616 4146 988 4213 accipiendum
1025 4160 1143 4197 esse
1178 4148 1393 4197 minime
1427 4148 1664 4212 stringit3
1702 4148 1808 4197 imo
1845 4162 1968 4197 cum
2003 4146 2098 4197 ibi
2135 4145 2372 4197 solennis
2409 4145 2751 4210 promittatur
2781 4146 2966 4211 gregis
2993 4162 3120 4197 con·
3202 4192 3203 4207 ἢ

612 4237 871 4300 gregatim
908 4234 1231 4283 contrarium
1267 4234 1475 4299 probat.
1514 4232 1621 4283 Sed
1659 4248 1920 4299 ponamus
1957 4250 2002 4283 c.
2041 4234 2111 4283 sit
2145 4234 2237 4295 ita,
2273 4233 2564 4281 Dominum
2609 4248 2670 4281 se
2705 4233 3028 4297 promisisse
3065 4250 3122 4283 se

614 4322 824 4393 prinmo
878 4322 947 4369 in
996 4319 1318 4370 Galilaea
1371 4320 1764 4385 appariturum:
1823 4335 1894 4369 an
1945 4319 2072 4369 inde
2120 4319 2361 4384 sequitur
2405 4334 2531 4383 ergo
2580 4318 2835 4369 Galilaea
2879 4335 2996 4369 non
3043 4329 3124 4370 est
3202 4344 3203 4347 ¹

613 4407 913 4471 provincia,
968 4420 1121 4456 mons
1160 4410 1241 4457 est
1276 4406 1550 4456 olearum?
1602 4407 1721 4457 Etsi
1757 4406 1808 4456 d.
1845 4405 1998 4457 locus
2033 4407 2089 4455 in
2125 4404 2272 4455 dicta
2306 4405 2612 4470 provincia,
2661 4421 2771 4471 quo
2822 4408 3124 4457 convenire
3202 4404 3203 4421 *

615 4491 875 4544 deberent
909 4508 1009 4543 nec
1046 4508 1081 4543 a
1114 4508 1155 4541 s.
1194 4492 1469 4543 Matthaeo
1506 4508 1607 4542 nec
1645 4506 1680 4543 a
1715 4508 1758 4542 s.
1783 4494 1966 4543 Marco
1997 4494 2078 4553 16,
2107 4494 2154 4542 7.
2179 4493 2250 4540 sit
2273 4492 2600 4556 nominatus;
2639 4492 2710 4541 ab
2739 4508 2928 4543 eorum
2958 4494 3125 4543 silen-

613 4578 686 4629 tio
726 4577 795 4626 ad
830 4578 1139 4629 mandatum
1178 4592 1401 4645 vagum,
1450 4584 1510 4628 ut
1554 4580 1648 4628 isti
1693 4580 1791 4628 viri
1825 4578 2038 4639 volunt,
2091 4594 2200 4628 non
2237 4577 2380 4628 valet
2415 4579 2822 4644 consequentia.
2887 4578 3038 4631 Cum
3079 4596 3126 4631 e.
