<?xml version="1.0" encoding="UTF-8"?>
<!DOCTYPE html PUBLIC "-//W3C//DTD XHTML 1.0 Transitional//EN"
    "http://www.w3.org/TR/xhtml1/DTD/xhtml1-transitional.dtd">
<html xmlns="http://www.w3.org/1999/xhtml" xml:lang="en" lang="en">
 <head>
  <title>
</title>
<meta http-equiv="Content-Type" content="text/html;charset=utf-8" />
  <meta name='ocr-system' content='tesseract 3.04.00' />
  <meta name='ocr-capabilities' content='ocr_page ocr_carea ocr_par ocr_line ocrx_word'/>
</head>
<body>
  <div class='ocr_page' id='page_1' title='image "./historiarevelat00unkngoog_0559.png"; bbox 0 0 3267 5259; ppageno 0'>
   <div class='ocr_carea' id='block_1_1' title="bbox 1146 376 2715 441">
    <p class='ocr_par' dir='ltr' id='par_1_1' title="bbox 1146 376 2715 441">
     <span class='ocr_line' id='line_1_1' title="bbox 1146 376 2715 441; baseline 0.002 -10"><span class='ocrx_word' id='word_1_1' title='bbox 1146 386 1277 431; x_wconf 75' lang='lat' dir='ltr'><strong>Liber</strong></span> <span class='ocrx_word' id='word_1_2' title='bbox 1304 386 1487 430; x_wconf 79' lang='lat' dir='ltr'><strong>Actuum</strong></span> <span class='ocrx_word' id='word_1_3' title='bbox 1518 384 1835 441; x_wconf 66' lang='lat' dir='ltr'><strong>Apostolorum.</strong></span> <span class='ocrx_word' id='word_1_4' title='bbox 2589 376 2715 440; x_wconf 82' lang='lat'><strong>431</strong></span> 
     </span>
    </p>
   </div>
   <div class='ocr_carea' id='block_1_2' title="bbox 236 560 2734 1662">
    <p class='ocr_par' dir='ltr' id='par_1_2' title="bbox 236 560 2734 1662">
     <span class='ocr_line' id='line_1_2' title="bbox 238 560 2730 649; baseline 0.001 -24"><span class='ocrx_word' id='word_1_5' title='bbox 238 560 429 626; x_wconf 85' lang='lat' dir='ltr'><strong>batur</strong></span> <span class='ocrx_word' id='word_1_6' title='bbox 472 585 523 626; x_wconf 93' lang='lat' dir='ltr'><strong>s.</strong></span> <span class='ocrx_word' id='word_1_7' title='bbox 564 561 785 627; x_wconf 85' lang='lat' dir='ltr'><strong>Lucas</strong></span> <span class='ocrx_word' id='word_1_8' title='bbox 830 561 953 627; x_wconf 90' lang='lat' dir='ltr'><strong>sibi</strong></span> <span class='ocrx_word' id='word_1_9' title='bbox 998 562 1253 645; x_wconf 82' lang='lat' dir='ltr'><strong>fixisse3</strong></span> <span class='ocrx_word' id='word_1_10' title='bbox 1319 562 1493 648; x_wconf 89' lang='lat' dir='ltr'><strong>quod</strong></span> <span class='ocrx_word' id='word_1_11' title='bbox 1540 573 1614 627; x_wconf 90' lang='lat' dir='ltr'><strong>ut</strong></span> <span class='ocrx_word' id='word_1_12' title='bbox 1658 571 2116 649; x_wconf 78' lang='lat' dir='ltr'><strong>assequeretur</strong></span> <span class='ocrx_word' id='word_1_13' title='bbox 2163 572 2344 626; x_wconf 86' lang='lat' dir='ltr'><strong>certa</strong></span> <span class='ocrx_word' id='word_1_14' title='bbox 2404 562 2730 649; x_wconf 79' lang='lat' dir='ltr'><strong>quaedam</strong></span> 
     </span>
     <span class='ocr_line' id='line_1_3' title="bbox 236 673 2732 760; baseline 0 -21"><span class='ocrx_word' id='word_1_15' title='bbox 236 676 713 760; x_wconf 76' lang='lat' dir='ltr'><strong>praetermissis</strong></span> <span class='ocrx_word' id='word_1_16' title='bbox 769 674 907 739; x_wconf 84' lang='lat' dir='ltr'><strong>aliis</strong></span> <span class='ocrx_word' id='word_1_17' title='bbox 954 674 1213 759; x_wconf 86' lang='lat' dir='ltr'><strong>selegit,</strong></span> <span class='ocrx_word' id='word_1_18' title='bbox 1271 673 1521 739; x_wconf 91' lang='lat' dir='ltr'><strong>dabunt</strong></span> <span class='ocrx_word' id='word_1_19' title='bbox 1574 698 1820 741; x_wconf 87' lang='lat' dir='ltr'><strong>omnes.</strong></span> <span class='ocrx_word' id='word_1_20' title='bbox 1892 676 1972 739; x_wconf 92' lang='lat' dir='ltr'><strong>In</strong></span> <span class='ocrx_word' id='word_1_21' title='bbox 2027 673 2397 739; x_wconf 88' lang='lat' dir='ltr'><strong>definiendo</strong></span> <span class='ocrx_word' id='word_1_22' title='bbox 2445 674 2732 739; x_wconf 87' lang='lat' dir='ltr'><strong>Actuum</strong></span> 
     </span>
     <span class='ocr_line' id='line_1_4' title="bbox 238 786 2728 874; baseline 0.001 -25"><span class='ocrx_word' id='word_1_23' title='bbox 238 786 505 853; x_wconf 90' lang='lat' dir='ltr'><strong>consilio</strong></span> <span class='ocrx_word' id='word_1_24' title='bbox 555 787 685 852; x_wconf 89' lang='lat' dir='ltr'><strong>duo</strong></span> <span class='ocrx_word' id='word_1_25' title='bbox 730 789 1043 874; x_wconf 86' lang='lat' dir='ltr'><strong>imprimis</strong></span> <span class='ocrx_word' id='word_1_26' title='bbox 1090 796 1239 852; x_wconf 86' lang='lat' dir='ltr'><strong>sunt</strong></span> <span class='ocrx_word' id='word_1_27' title='bbox 1282 797 1613 853; x_wconf 90' lang='lat' dir='ltr'><strong>momenta</strong></span> <span class='ocrx_word' id='word_1_28' title='bbox 1659 788 2080 871; x_wconf 89' lang='lat' dir='ltr'><strong>attendenda,</strong></span> <span class='ocrx_word' id='word_1_29' title='bbox 2129 809 2404 873; x_wconf 87' lang='lat' dir='ltr'><strong>quorum</strong></span> <span class='ocrx_word' id='word_1_30' title='bbox 2451 786 2728 852; x_wconf 88' lang='lat' dir='ltr'><strong>alterum</strong></span> 
     </span>
     <span class='ocr_line' id='line_1_5' title="bbox 238 899 2729 987; baseline 0 -24"><span class='ocrx_word' id='word_1_31' title='bbox 238 908 337 963; x_wconf 88' lang='lat' dir='ltr'><strong>est</strong></span> <span class='ocrx_word' id='word_1_32' title='bbox 364 901 434 963; x_wconf 90' lang='lat' dir='ltr'><strong>in</strong></span> <span class='ocrx_word' id='word_1_33' title='bbox 457 899 641 964; x_wconf 85' lang='lat' dir='ltr'><strong>Libri</strong></span> <span class='ocrx_word' id='word_1_34' title='bbox 671 900 861 965; x_wconf 88' lang='lat' dir='ltr'><strong>huius</strong></span> <span class='ocrx_word' id='word_1_35' title='bbox 893 902 1249 987; x_wconf 89' lang='lat' dir='ltr'><strong>prooemi0,</strong></span> <span class='ocrx_word' id='word_1_36' title='bbox 1282 900 1557 966; x_wconf 86' lang='lat' dir='ltr'><strong>alterum</strong></span> <span class='ocrx_word' id='word_1_37' title='bbox 1588 903 1656 965; x_wconf 92' lang='lat' dir='ltr'><strong>in</strong></span> <span class='ocrx_word' id='word_1_38' title='bbox 1689 903 1827 966; x_wconf 87' lang='lat' dir='ltr'><strong>eius</strong></span> <span class='ocrx_word' id='word_1_39' title='bbox 1860 910 2263 986; x_wconf 86' lang='lat' dir='ltr'><strong>argumento.</strong></span> <span class='ocrx_word' id='word_1_40' title='bbox 2311 901 2729 984; x_wconf 86' lang='lat' dir='ltr'><strong>Ingressione</strong></span> 
     </span>
     <span class='ocr_line' id='line_1_6' title="bbox 238 1009 2732 1100; baseline 0 -25"><span class='ocrx_word' id='word_1_41' title='bbox 238 1034 357 1076; x_wconf 89' lang='lat' dir='ltr'><strong>sua</strong></span> <span class='ocrx_word' id='word_1_42' title='bbox 401 1014 671 1099; x_wconf 81' lang='lat' dir='ltr'><strong>respicit</strong></span> <span class='ocrx_word' id='word_1_43' title='bbox 715 1011 935 1077; x_wconf 87' lang='lat' dir='ltr'><strong>Lucas</strong></span> <span class='ocrx_word' id='word_1_44' title='bbox 982 1034 1275 1099; x_wconf 88' lang='lat' dir='ltr'><strong>scopum,</strong></span> <span class='ocrx_word' id='word_1_45' title='bbox 1324 1021 1593 1100; x_wconf 90' lang='lat' dir='ltr'><strong>propter</strong></span> <span class='ocrx_word' id='word_1_46' title='bbox 1640 1036 1834 1099; x_wconf 89' lang='lat' dir='ltr'><strong>quem</strong></span> <span class='ocrx_word' id='word_1_47' title='bbox 1883 1022 2078 1077; x_wconf 86' lang='lat' dir='ltr'><strong>antea</strong></span> <span class='ocrx_word' id='word_1_48' title='bbox 2122 1012 2204 1077; x_wconf 89' lang='lat' dir='ltr'><strong>de</strong></span> <span class='ocrx_word' id='word_1_49' title='bbox 2252 1011 2490 1078; x_wconf 85' lang='lat' dir='ltr'><strong>Christi</strong></span> <span class='ocrx_word' id='word_1_50' title='bbox 2534 1009 2732 1076; x_wconf 89' lang='lat' dir='ltr'><strong>rebus</strong></span> 
     </span>
     <span class='ocr_line' id='line_1_7' title="bbox 236 1109 2729 1213; baseline 0 -26"><span class='ocrx_word' id='word_1_51' title='bbox 236 1126 301 1187; x_wconf 91' lang='lat' dir='ltr'><strong>in</strong></span> <span class='ocrx_word' id='word_1_52' title='bbox 332 1124 681 1211; x_wconf 86' lang='lat' dir='ltr'><strong>Theophili</strong></span> <span class='ocrx_word' id='word_1_53' title='bbox 726 1128 1002 1211; x_wconf 80' lang='lat' dir='ltr'><strong>gratiam</strong></span> <span class='ocrx_word' id='word_1_54' title='bbox 1048 1128 1475 1212; x_wconf 81' lang='lat' dir='ltr'><strong>scripserat2:</strong></span> <span class='ocrx_word' id='word_1_55' title='bbox 1523 1136 1595 1191; x_wconf 86' lang='lat' dir='ltr'><strong>ut</strong></span> <span class='ocrx_word' id='word_1_56' title='bbox 1641 1150 1731 1191; x_wconf 86' lang='lat' dir='ltr'><strong>sc.</strong></span> <span class='ocrx_word' id='word_1_57' title='bbox 1764 1125 2147 1213; x_wconf 82' lang='lat' dir='ltr'><strong>TheophiIO,</strong></span> <span class='ocrx_word' id='word_1_58' title='bbox 2193 1127 2401 1211; x_wconf 88' lang='lat' dir='ltr'><strong>iisque</strong></span> <span class='ocrx_word' id='word_1_59' title='bbox 2435 1109 2548 1210; x_wconf 84' lang='lat' dir='ltr'><strong>qui</strong></span> <span class='ocrx_word' id='word_1_60' title='bbox 2579 1144 2729 1187; x_wconf 90' lang='lat' dir='ltr'><strong>cum</strong></span> 
     </span>
     <span class='ocr_line' id='line_1_8' title="bbox 238 1238 2730 1325; baseline 0 -25"><span class='ocrx_word' id='word_1_61' title='bbox 238 1258 317 1300; x_wconf 93' lang='lat' dir='ltr'><strong>eo</strong></span> <span class='ocrx_word' id='word_1_62' title='bbox 362 1260 591 1302; x_wconf 83' lang='lat' dir='ltr'><strong>veram</strong></span> <span class='ocrx_word' id='word_1_63' title='bbox 638 1238 1100 1325; x_wconf 87' lang='lat' dir='ltr'><strong>profiterentur</strong></span> <span class='ocrx_word' id='word_1_64' title='bbox 1145 1238 1558 1325; x_wconf 84' lang='lat' dir='ltr'><strong>religionem,</strong></span> <span class='ocrx_word' id='word_1_65' title='bbox 1606 1262 1975 1304; x_wconf 89' lang='lat' dir='ltr'><strong>summam</strong></span> <span class='ocrx_word' id='word_1_66' title='bbox 2021 1238 2382 1303; x_wconf 88' lang='lat' dir='ltr'><strong>traderet</strong></span> <span class='ocrx_word' id='word_1_67' title='bbox 2427 1259 2730 1319; x_wconf 91' lang='lat' dir='ltr'><strong>eorum,</strong></span> 
     </span>
     <span class='ocr_line' id='line_1_9' title="bbox 237 1350 2734 1437; baseline 0 -24"><span class='ocrx_word' id='word_1_68' title='bbox 237 1371 454 1434; x_wconf 89' lang='lat' dir='ltr'><strong>quae</strong></span> <span class='ocrx_word' id='word_1_69' title='bbox 498 1351 640 1436; x_wconf 89' lang='lat' dir='ltr'><strong>ipse</strong></span> <span class='ocrx_word' id='word_1_70' title='bbox 689 1350 771 1415; x_wconf 87' lang='lat' dir='ltr'><strong>de</strong></span> <span class='ocrx_word' id='word_1_71' title='bbox 818 1350 1057 1417; x_wconf 85' lang='lat' dir='ltr'><strong>Christi</strong></span> <span class='ocrx_word' id='word_1_72' title='bbox 1102 1350 1437 1416; x_wconf 85' lang='lat' dir='ltr'><strong>doctrinae</strong></span> <span class='ocrx_word' id='word_1_73' title='bbox 1502 1350 1599 1417; x_wconf 90' lang='lat' dir='ltr'><strong>ab</strong></span> <span class='ocrx_word' id='word_1_74' title='bbox 1646 1350 2095 1437; x_wconf 88' lang='lat' dir='ltr'><strong>Apostolis</strong></span> <span class='ocrx_word' id='word_1_75' title='bbox 2141 1390 2225 1399; x_wconf 90' lang='lat'>—</span> <span class='ocrx_word' id='word_1_76' title='bbox 2273 1351 2648 1437; x_wconf 82' lang='lat' dir='ltr'><strong>cumprimis</strong></span> <span class='ocrx_word' id='word_1_77' title='bbox 2694 1372 2734 1413; x_wconf 90' lang='lat' dir='ltr'><strong>a</strong></span> 
     </span>
     <span class='ocr_line' id='line_1_10' title="bbox 236 1462 2730 1551; baseline -0.001 -24"><span class='ocrx_word' id='word_1_78' title='bbox 236 1486 285 1527; x_wconf 89' lang='lat' dir='ltr'><strong>s.</strong></span> <span class='ocrx_word' id='word_1_79' title='bbox 318 1462 531 1527; x_wconf 86' lang='lat' dir='ltr'><strong>Paulo</strong></span> <span class='ocrx_word' id='word_1_80' title='bbox 560 1502 649 1513; x_wconf 92' lang='lat'><strong>—-</strong></span> <span class='ocrx_word' id='word_1_81' title='bbox 678 1463 1041 1549; x_wconf 87' lang='lat' dir='ltr'><strong>horumque</strong></span> <span class='ocrx_word' id='word_1_82' title='bbox 1088 1466 1281 1529; x_wconf 89' lang='lat' dir='ltr'><strong>sociis</strong></span> <span class='ocrx_word' id='word_1_83' title='bbox 1326 1486 1446 1550; x_wconf 91' lang='lat' dir='ltr'><strong>per</strong></span> <span class='ocrx_word' id='word_1_84' title='bbox 1491 1463 1721 1530; x_wconf 90' lang='lat' dir='ltr'><strong>orbem</strong></span> <span class='ocrx_word' id='word_1_85' title='bbox 1765 1465 2262 1551; x_wconf 81' lang='lat' dir='ltr'><strong>propagatione,</strong></span> <span class='ocrx_word' id='word_1_86' title='bbox 2308 1462 2416 1528; x_wconf 87' lang='lat' dir='ltr'><strong>vel</strong></span> <span class='ocrx_word' id='word_1_87' title='bbox 2463 1462 2730 1548; x_wconf 90' lang='lat' dir='ltr'><strong>propria</strong></span> 
     </span>
     <span class='ocr_line' id='line_1_11' title="bbox 236 1575 2732 1662; baseline -0.002 -21"><span class='ocrx_word' id='word_1_88' title='bbox 236 1576 651 1661; x_wconf 80' lang='lat' dir='ltr'><strong>experientia</strong></span> <span class='ocrx_word' id='word_1_89' title='bbox 695 1586 763 1641; x_wconf 93' lang='lat' dir='ltr'><strong>et</strong></span> <span class='ocrx_word' id='word_1_90' title='bbox 804 1598 928 1641; x_wconf 91' lang='lat' dir='ltr'><strong>usu</strong></span> <span class='ocrx_word' id='word_1_91' title='bbox 980 1575 1331 1661; x_wconf 80' lang='lat' dir='ltr'><strong>didicerat3</strong></span> <span class='ocrx_word' id='word_1_92' title='bbox 1387 1576 1497 1642; x_wconf 84' lang='lat' dir='ltr'><strong>vel</strong></span> <span class='ocrx_word' id='word_1_93' title='bbox 1549 1576 1635 1641; x_wconf 88' lang='lat' dir='ltr'><strong>ab</strong></span> <span class='ocrx_word' id='word_1_94' title='bbox 1681 1576 1822 1642; x_wconf 90' lang='lat' dir='ltr'><strong>aliis</strong></span> <span class='ocrx_word' id='word_1_95' title='bbox 1867 1575 1996 1641; x_wconf 88' lang='lat' dir='ltr'><strong>fide</strong></span> <span class='ocrx_word' id='word_1_96' title='bbox 2054 1576 2266 1662; x_wconf 84' lang='lat' dir='ltr'><strong>dignis</strong></span> <span class='ocrx_word' id='word_1_97' title='bbox 2324 1583 2732 1661; x_wconf 87' lang='lat' dir='ltr'><strong>cognoverat</strong></span> 
     </span>
    </p>
   </div>
   <div class='ocr_carea' id='block_1_3' title="bbox 243 1720 653 1727">
    <p class='ocr_par' dir='ltr' id='par_1_3' title="bbox 243 1720 653 1727">
     <span class='ocr_line' id='line_1_12' title="bbox 243 1720 653 1727; baseline 0 3532"><span class='ocrx_word' id='word_1_98' title='bbox 243 1720 653 1727; x_wconf 95' lang='lat' dir='ltr'><strong> </strong></span> 
     </span>
    </p>
   </div>
   <div class='ocr_carea' id='block_1_4' title="bbox 235 1786 2736 4624">
    <p class='ocr_par' dir='ltr' id='par_1_4' title="bbox 235 1786 2734 3844">
     <span class='ocr_line' id='line_1_13' title="bbox 236 1786 2734 1853; baseline -0.001 -16"><span class='ocrx_word' id='word_1_99' title='bbox 236 1786 441 1849; x_wconf 86' lang='lat' dir='ltr'><strong>Riehm,</strong></span> <span class='ocrx_word' id='word_1_100' title='bbox 468 1786 593 1837; x_wconf 87' lang='lat' dir='ltr'><strong>diss.</strong></span> <span class='ocrx_word' id='word_1_101' title='bbox 622 1802 693 1837; x_wconf 89' lang='lat' dir='ltr'><strong>cr.</strong></span> <span class='ocrx_word' id='word_1_102' title='bbox 718 1786 793 1837; x_wconf 88' lang='lat' dir='ltr'><strong>th.</strong></span> <span class='ocrx_word' id='word_1_103' title='bbox 814 1786 881 1836; x_wconf 89' lang='lat' dir='ltr'><strong>de</strong></span> <span class='ocrx_word' id='word_1_104' title='bbox 904 1786 1143 1837; x_wconf 87' lang='lat' dir='ltr'><strong>fontibus</strong></span> <span class='ocrx_word' id='word_1_105' title='bbox 1162 1787 1391 1836; x_wconf 88' lang='lat' dir='ltr'><strong>Actuum</strong></span> <span class='ocrx_word' id='word_1_106' title='bbox 1408 1786 1852 1853; x_wconf 84' lang='lat' dir='ltr'><strong>Apostolicorum.</strong></span> <span class='ocrx_word' id='word_1_107' title='bbox 1877 1788 2022 1837; x_wconf 84' lang='lat' dir='ltr'><strong>Trai.</strong></span> <span class='ocrx_word' id='word_1_108' title='bbox 2048 1802 2096 1837; x_wconf 87' lang='lat' dir='ltr'><strong>a.</strong></span> <span class='ocrx_word' id='word_1_109' title='bbox 2123 1787 2220 1838; x_wconf 86' lang='lat' dir='ltr'><strong>Rh.</strong></span> <span class='ocrx_word' id='word_1_110' title='bbox 2249 1788 2401 1837; x_wconf 82' lang='lat'><strong>1821.</strong></span> <span class='ocrx_word' id='word_1_111' title='bbox 2425 1802 2478 1851; x_wconf 88' lang='lat' dir='ltr'><strong>p.</strong></span> <span class='ocrx_word' id='word_1_112' title='bbox 2503 1787 2583 1835; x_wconf 87' lang='grc'><strong>75.</strong></span> <span class='ocrx_word' id='word_1_113' title='bbox 2611 1802 2651 1835; x_wconf 92' lang='lat' dir='ltr'><strong>s.</strong></span> <span class='ocrx_word' id='word_1_114' title='bbox 2680 1790 2734 1835; x_wconf 89' lang='lat' dir='ltr'><strong>et</strong></span> 
     </span>
     <span class='ocr_line' id='line_1_14' title="bbox 235 1867 2734 1939; baseline -0.001 -16"><span class='ocrx_word' id='word_1_115' title='bbox 235 1874 294 1923; x_wconf 88' lang='lat' dir='ltr'><strong>A.</strong></span> <span class='ocrx_word' id='word_1_116' title='bbox 311 1872 373 1923; x_wconf 86' lang='lat' dir='ltr'><strong>C.</strong></span> <span class='ocrx_word' id='word_1_117' title='bbox 402 1873 467 1922; x_wconf 86' lang='lat' dir='ltr'><strong>de</strong></span> <span class='ocrx_word' id='word_1_118' title='bbox 487 1872 699 1937; x_wconf 81' lang='lat' dir='ltr'><strong>Meijier</strong></span> <span class='ocrx_word' id='word_1_119' title='bbox 724 1872 847 1923; x_wconf 87' lang='lat' dir='ltr'><strong>diss.</strong></span> <span class='ocrx_word' id='word_1_120' title='bbox 873 1873 930 1922; x_wconf 88' lang='lat' dir='ltr'><strong>in</strong></span> <span class='ocrx_word' id='word_1_121' title='bbox 954 1872 1027 1922; x_wconf 86' lang='lat' dir='ltr'><strong>th.</strong></span> <span class='ocrx_word' id='word_1_122' title='bbox 1054 1872 1121 1923; x_wconf 91' lang='lat' dir='ltr'><strong>de</strong></span> <span class='ocrx_word' id='word_1_123' title='bbox 1138 1872 1323 1923; x_wconf 87' lang='lat' dir='ltr'><strong>Lucae</strong></span> <span class='ocrx_word' id='word_1_124' title='bbox 1344 1867 1626 1939; x_wconf 79' lang='grc' dir='ltr'><strong>ἀξιοπιστίᾳ.</strong></span> <span class='ocrx_word' id='word_1_125' title='bbox 1655 1874 1792 1939; x_wconf 84' lang='lat' dir='ltr'><strong>Hag.</strong></span> <span class='ocrx_word' id='word_1_126' title='bbox 1821 1873 1967 1923; x_wconf 87' lang='lat' dir='ltr'><strong>Com.</strong></span> <span class='ocrx_word' id='word_1_127' title='bbox 1992 1875 2141 1923; x_wconf 90' lang='grc'><strong>1827.</strong></span> <span class='ocrx_word' id='word_1_128' title='bbox 2169 1890 2218 1939; x_wconf 89' lang='lat' dir='ltr'><strong>p.</strong></span> <span class='ocrx_word' id='word_1_129' title='bbox 2237 1875 2316 1924; x_wconf 84' lang='lat'><strong>14.</strong></span> <span class='ocrx_word' id='word_1_130' title='bbox 2334 1889 2377 1923; x_wconf 88' lang='lat' dir='ltr'><strong>s.</strong></span> <span class='ocrx_word' id='word_1_131' title='bbox 2398 1873 2550 1935; x_wconf 80' lang='lat' dir='ltr'><strong>Quae</strong></span> <span class='ocrx_word' id='word_1_132' title='bbox 2569 1872 2734 1922; x_wconf 85' lang='lat' dir='ltr'><strong>refert</strong></span> 
     </span>
     <span class='ocr_line' id='line_1_15' title="bbox 236 1958 2732 2025; baseline -0 -17"><span class='ocrx_word' id='word_1_133' title='bbox 236 1975 277 2009; x_wconf 86' lang='lat' dir='ltr'><strong>s.</strong></span> <span class='ocrx_word' id='word_1_134' title='bbox 301 1960 487 2010; x_wconf 80' lang='lat' dir='ltr'><strong>Lucas</strong></span> <span class='ocrx_word' id='word_1_135' title='bbox 526 1958 753 2025; x_wconf 83' lang='lat' dir='ltr'><strong>simplici</strong></span> <span class='ocrx_word' id='word_1_136' title='bbox 778 1961 997 2025; x_wconf 84' lang='lat' dir='ltr'><strong>exponit</strong></span> <span class='ocrx_word' id='word_1_137' title='bbox 1032 1960 1236 2009; x_wconf 87' lang='lat' dir='ltr'><strong>ratione</strong></span> <span class='ocrx_word' id='word_1_138' title='bbox 1274 1961 1548 2010; x_wconf 84' lang='lat' dir='ltr'><strong>abstinens</strong></span> <span class='ocrx_word' id='word_1_139' title='bbox 1586 1960 1655 2009; x_wconf 88' lang='lat' dir='ltr'><strong>ab</strong></span> <span class='ocrx_word' id='word_1_140' title='bbox 1695 1962 1835 2011; x_wconf 89' lang='lat' dir='ltr'><strong>omni</strong></span> <span class='ocrx_word' id='word_1_141' title='bbox 1873 1959 2113 2010; x_wconf 86' lang='lat' dir='ltr'><strong>artifici0.</strong></span> <span class='ocrx_word' id='word_1_142' title='bbox 2163 1960 2410 2010; x_wconf 83' lang='lat' dir='ltr'><strong>Profecto</strong></span> <span class='ocrx_word' id='word_1_143' title='bbox 2435 1976 2544 2011; x_wconf 89' lang='lat' dir='ltr'><strong>non</strong></span> <span class='ocrx_word' id='word_1_144' title='bbox 2568 1958 2732 2010; x_wconf 89' lang='lat' dir='ltr'><strong>semel</strong></span> 
     </span>
     <span class='ocr_line' id='line_1_16' title="bbox 237 2045 2727 2113; baseline -0 -18"><span class='ocrx_word' id='word_1_145' title='bbox 237 2045 423 2096; x_wconf 88' lang='lat' dir='ltr'><strong>oblata</strong></span> <span class='ocrx_word' id='word_1_146' title='bbox 450 2050 535 2095; x_wconf 89' lang='lat' dir='ltr'><strong>est</strong></span> <span class='ocrx_word' id='word_1_147' title='bbox 550 2046 779 2096; x_wconf 85' lang='lat' dir='ltr'><strong>Actuum</strong></span> <span class='ocrx_word' id='word_1_148' title='bbox 806 2048 1051 2111; x_wconf 83' lang='lat' dir='ltr'><strong>scriptori</strong></span> <span class='ocrx_word' id='word_1_149' title='bbox 1075 2046 1301 2096; x_wconf 87' lang='lat' dir='ltr'><strong>ornandi</strong></span> <span class='ocrx_word' id='word_1_150' title='bbox 1325 2062 1409 2097; x_wconf 87' lang='lat' dir='ltr'><strong>res</strong></span> <span class='ocrx_word' id='word_1_151' title='bbox 1430 2048 1818 2113; x_wconf 75' lang='lat' dir='ltr'><strong>opportunitas,</strong></span> <span class='ocrx_word' id='word_1_152' title='bbox 1845 2062 1984 2113; x_wconf 85' lang='lat' dir='ltr'><strong>quae</strong></span> <span class='ocrx_word' id='word_1_153' title='bbox 2009 2061 2044 2097; x_wconf 89' lang='lat' dir='ltr'><strong>a</strong></span> <span class='ocrx_word' id='word_1_154' title='bbox 2069 2050 2346 2097; x_wconf 83' lang='lat' dir='ltr'><strong>narratore</strong></span> <span class='ocrx_word' id='word_1_155' title='bbox 2365 2045 2540 2096; x_wconf 83' lang='lat' dir='ltr'><strong>laudis</strong></span> <span class='ocrx_word' id='word_1_156' title='bbox 2558 2047 2727 2111; x_wconf 83' lang='lat' dir='ltr'><strong>magis</strong></span> 
     </span>
     <span class='ocr_line' id='line_1_17' title="bbox 236 2132 2731 2200; baseline 0 -18"><span class='ocrx_word' id='word_1_157' title='bbox 236 2148 397 2199; x_wconf 85' lang='lat' dir='ltr'><strong>quam</strong></span> <span class='ocrx_word' id='word_1_158' title='bbox 422 2133 667 2183; x_wconf 81' lang='lat' dir='ltr'><strong>veritatis</strong></span> <span class='ocrx_word' id='word_1_159' title='bbox 692 2132 909 2182; x_wconf 84' lang='lat' dir='ltr'><strong>sudioso</strong></span> <span class='ocrx_word' id='word_1_160' title='bbox 936 2133 1131 2199; x_wconf 88' lang='lat' dir='ltr'><strong>cupide</strong></span> <span class='ocrx_word' id='word_1_161' title='bbox 1157 2133 1349 2184; x_wconf 87' lang='lat' dir='ltr'><strong>fuisset</strong></span> <span class='ocrx_word' id='word_1_162' title='bbox 1386 2139 1622 2200; x_wconf 83' lang='lat' dir='ltr'><strong>arrepta3</strong></span> <span class='ocrx_word' id='word_1_163' title='bbox 1663 2136 1750 2183; x_wconf 89' lang='lat' dir='ltr'><strong>cui</strong></span> <span class='ocrx_word' id='word_1_164' title='bbox 1773 2138 1953 2184; x_wconf 87' lang='lat' dir='ltr'><strong>tamen</strong></span> <span class='ocrx_word' id='word_1_165' title='bbox 1977 2133 2178 2184; x_wconf 87' lang='lat' dir='ltr'><strong>nullam</strong></span> <span class='ocrx_word' id='word_1_166' title='bbox 2203 2132 2462 2199; x_wconf 84' lang='lat' dir='ltr'><strong>impendit</strong></span> <span class='ocrx_word' id='word_1_167' title='bbox 2497 2148 2731 2199; x_wconf 87' lang='lat' dir='ltr'><strong>operam.</strong></span> 
     </span>
     <span class='ocr_line' id='line_1_18' title="bbox 236 2218 2730 2285; baseline -0 -17"><span class='ocrx_word' id='word_1_168' title='bbox 236 2218 497 2269; x_wconf 73' lang='lat' dir='ltr'><strong>sedatum</strong></span> <span class='ocrx_word' id='word_1_169' title='bbox 534 2234 751 2285; x_wconf 86' lang='lat' dir='ltr'><strong>quoque</strong></span> <span class='ocrx_word' id='word_1_170' title='bbox 788 2224 869 2268; x_wconf 88' lang='lat' dir='ltr'><strong>est</strong></span> <span class='ocrx_word' id='word_1_171' title='bbox 903 2218 1115 2269; x_wconf 89' lang='lat' dir='ltr'><strong>dicendi</strong></span> <span class='ocrx_word' id='word_1_172' title='bbox 1151 2236 1337 2284; x_wconf 86' lang='lat' dir='ltr'><strong>genus,</strong></span> <span class='ocrx_word' id='word_1_173' title='bbox 1377 2219 1611 2270; x_wconf 86' lang='lat' dir='ltr'><strong>alienum</strong></span> <span class='ocrx_word' id='word_1_174' title='bbox 1648 2235 1681 2269; x_wconf 88' lang='lat' dir='ltr'><strong>a</strong></span> <span class='ocrx_word' id='word_1_175' title='bbox 1717 2220 2082 2285; x_wconf 86' lang='lat' dir='ltr'><strong>grandiloquis</strong></span> <span class='ocrx_word' id='word_1_176' title='bbox 2119 2219 2388 2271; x_wconf 86' lang='lat' dir='ltr'><strong>rhetorum</strong></span> <span class='ocrx_word' id='word_1_177' title='bbox 2430 2219 2730 2285; x_wconf 81' lang='lat' dir='ltr'><strong>phrasibus,</strong></span> 
     </span>
     <span class='ocr_line' id='line_1_19' title="bbox 236 2304 2730 2373; baseline 0 -18"><span class='ocrx_word' id='word_1_178' title='bbox 236 2304 515 2355; x_wconf 75' lang='lat' dir='ltr'><strong>naturales</strong></span> <span class='ocrx_word' id='word_1_179' title='bbox 552 2305 865 2371; x_wconf 85' lang='lat' dir='ltr'><strong>plerumque</strong></span> <span class='ocrx_word' id='word_1_180' title='bbox 901 2305 1124 2372; x_wconf 84' lang='lat' dir='ltr'><strong>periodi,</strong></span> <span class='ocrx_word' id='word_1_181' title='bbox 1161 2306 1434 2373; x_wconf 85' lang='lat' dir='ltr'><strong>verbaque</strong></span> <span class='ocrx_word' id='word_1_182' title='bbox 1471 2306 1616 2356; x_wconf 90' lang='lat' dir='ltr'><strong>haud</strong></span> <span class='ocrx_word' id='word_1_183' title='bbox 1653 2307 1880 2357; x_wconf 89' lang='lat' dir='ltr'><strong>insueta.</strong></span> <span class='ocrx_word' id='word_1_184' title='bbox 1931 2306 2011 2356; x_wconf 84' lang='lat' dir='ltr'><strong>Cf.</strong></span> <span class='ocrx_word' id='word_1_185' title='bbox 2036 2307 2242 2373; x_wconf 88' lang='lat' dir='ltr'><strong>Koppe,</strong></span> <span class='ocrx_word' id='word_1_186' title='bbox 2269 2306 2334 2357; x_wconf 80' lang='lat' dir='ltr'><strong>N.</strong></span> <span class='ocrx_word' id='word_1_187' title='bbox 2359 2307 2421 2355; x_wconf 90' lang='lat' dir='ltr'><strong>T.</strong></span> <span class='ocrx_word' id='word_1_188' title='bbox 2457 2306 2540 2355; x_wconf 90' lang='lat' dir='ltr'><strong>ed.</strong></span> <span class='ocrx_word' id='word_1_189' title='bbox 2567 2306 2730 2355; x_wconf 88' lang='lat' dir='ltr'><strong>Hein-</strong></span> 
     </span>
     <span class='ocr_line' id='line_1_20' title="bbox 236 2390 2729 2459; baseline 0 -18"><span class='ocrx_word' id='word_1_190' title='bbox 236 2391 394 2455; x_wconf 87' lang='lat' dir='ltr'><strong>richs,</strong></span> <span class='ocrx_word' id='word_1_191' title='bbox 436 2390 581 2441; x_wconf 76' lang='lat' dir='ltr'><strong>Gutt.</strong></span> <span class='ocrx_word' id='word_1_192' title='bbox 622 2393 771 2441; x_wconf 83' lang='grc'><strong>1809.</strong></span> <span class='ocrx_word' id='word_1_193' title='bbox 806 2407 849 2441; x_wconf 90' lang='lat' dir='ltr'><strong>s.</strong></span> <span class='ocrx_word' id='word_1_194' title='bbox 882 2408 933 2441; x_wconf 68' lang='grc' dir='ltr'><strong>ν.</strong></span> <span class='ocrx_word' id='word_1_195' title='bbox 970 2392 1068 2442; x_wconf 92' lang='lat'><strong>111.</strong></span> <span class='ocrx_word' id='word_1_196' title='bbox 1107 2392 1242 2457; x_wconf 86' lang='lat' dir='ltr'><strong>prol.</strong></span> <span class='ocrx_word' id='word_1_197' title='bbox 1282 2410 1333 2459; x_wconf 91' lang='lat' dir='ltr'><strong>p.</strong></span> <span class='ocrx_word' id='word_1_198' title='bbox 1368 2394 1451 2442; x_wconf 84' lang='lat'><strong>43.</strong></span> <span class='ocrx_word' id='word_1_199' title='bbox 1487 2410 1528 2443; x_wconf 79' lang='lat' dir='ltr'><strong>s.</strong></span> <span class='ocrx_word' id='word_1_200' title='bbox 1587 2392 1884 2459; x_wconf 82' lang='lat' dir='ltr'><strong>Ingenuum</strong></span> <span class='ocrx_word' id='word_1_201' title='bbox 1921 2409 2078 2458; x_wconf 86' lang='lat' dir='ltr'><strong>porro</strong></span> <span class='ocrx_word' id='word_1_202' title='bbox 2117 2408 2176 2442; x_wconf 88' lang='lat' dir='ltr'><strong>se</strong></span> <span class='ocrx_word' id='word_1_203' title='bbox 2211 2397 2452 2459; x_wconf 83' lang='lat' dir='ltr'><strong>praestat</strong></span> <span class='ocrx_word' id='word_1_204' title='bbox 2487 2394 2729 2459; x_wconf 88' lang='lat' dir='ltr'><strong>scriptor,</strong></span> 
     </span>
     <span class='ocr_line' id='line_1_21' title="bbox 236 2478 2731 2545; baseline 0 -18"><span class='ocrx_word' id='word_1_205' title='bbox 236 2478 328 2528; x_wconf 87' lang='lat' dir='ltr'><strong>ubi</strong></span> <span class='ocrx_word' id='word_1_206' title='bbox 364 2478 425 2527; x_wconf 86' lang='lat' dir='ltr'><strong>id</strong></span> <span class='ocrx_word' id='word_1_207' title='bbox 460 2482 863 2541; x_wconf 88' lang='lat' dir='ltr'><strong>commemorat,</strong></span> <span class='ocrx_word' id='word_1_208' title='bbox 912 2478 1057 2543; x_wconf 87' lang='lat' dir='ltr'><strong>quod</strong></span> <span class='ocrx_word' id='word_1_209' title='bbox 1093 2480 1221 2528; x_wconf 86' lang='lat' dir='ltr'><strong>vitio</strong></span> <span class='ocrx_word' id='word_1_210' title='bbox 1258 2480 1362 2545; x_wconf 90' lang='lat' dir='ltr'><strong>ipsi</strong></span> <span class='ocrx_word' id='word_1_211' title='bbox 1398 2480 1468 2529; x_wconf 87' lang='lat' dir='ltr'><strong>sit</strong></span> <span class='ocrx_word' id='word_1_212' title='bbox 1504 2478 1816 2530; x_wconf 82' lang='lat' dir='ltr'><strong>vertendum</strong></span> <span class='ocrx_word' id='word_1_213' title='bbox 1855 2480 1974 2530; x_wconf 90' lang='lat' dir='ltr'><strong>coll.</strong></span> <span class='ocrx_word' id='word_1_214' title='bbox 2013 2482 2096 2542; x_wconf 86' lang='lat'><strong>21,</strong></span> <span class='ocrx_word' id='word_1_215' title='bbox 2135 2482 2216 2530; x_wconf 89' lang='lat'><strong>10.</strong></span> <span class='ocrx_word' id='word_1_216' title='bbox 2251 2494 2294 2529; x_wconf 88' lang='lat' dir='ltr'><strong>s.</strong></span> <span class='ocrx_word' id='word_1_217' title='bbox 2353 2480 2570 2541; x_wconf 84' lang='lat' dir='ltr'><strong>Quanta</strong></span> <span class='ocrx_word' id='word_1_218' title='bbox 2605 2494 2731 2529; x_wconf 80' lang='lat' dir='ltr'><strong>vero</strong></span> 
     </span>
     <span class='ocr_line' id='line_1_22' title="bbox 235 2562 2728 2633; baseline 0.001 -20"><span class='ocrx_word' id='word_1_219' title='bbox 235 2565 507 2615; x_wconf 84' lang='lat' dir='ltr'><strong>industria</strong></span> <span class='ocrx_word' id='word_1_220' title='bbox 542 2569 598 2615; x_wconf 89' lang='lat' dir='ltr'><strong>et</strong></span> <span class='ocrx_word' id='word_1_221' title='bbox 632 2564 767 2616; x_wconf 87' lang='lat' dir='ltr'><strong>fides</strong></span> <span class='ocrx_word' id='word_1_222' title='bbox 801 2566 858 2615; x_wconf 88' lang='lat' dir='ltr'><strong>in</strong></span> <span class='ocrx_word' id='word_1_223' title='bbox 896 2562 948 2614; x_wconf 79' lang='lat' dir='ltr'><strong>S.</strong></span> <span class='ocrx_word' id='word_1_224' title='bbox 974 2564 1127 2615; x_wconf 90' lang='lat' dir='ltr'><strong>Luca</strong></span> <span class='ocrx_word' id='word_1_225' title='bbox 1164 2564 1213 2615; x_wconf 89' lang='lat' dir='ltr'><strong>d.</strong></span> <span class='ocrx_word' id='word_1_226' title='bbox 1240 2565 1467 2615; x_wconf 87' lang='lat' dir='ltr'><strong>Paulum</strong></span> <span class='ocrx_word' id='word_1_227' title='bbox 1504 2567 1792 2617; x_wconf 87' lang='lat' dir='ltr'><strong>comitante</strong></span> <span class='ocrx_word' id='word_1_228' title='bbox 1829 2567 2117 2633; x_wconf 82' lang='lat' dir='ltr'><strong>cogitanda</strong></span> <span class='ocrx_word' id='word_1_229' title='bbox 2151 2567 2236 2629; x_wconf 89' lang='lat' dir='ltr'><strong>sit,</strong></span> <span class='ocrx_word' id='word_1_230' title='bbox 2274 2582 2362 2617; x_wconf 89' lang='lat' dir='ltr'><strong>res</strong></span> <span class='ocrx_word' id='word_1_231' title='bbox 2398 2567 2520 2632; x_wconf 86' lang='lat' dir='ltr'><strong>ipsa</strong></span> <span class='ocrx_word' id='word_1_232' title='bbox 2555 2566 2728 2616; x_wconf 86' lang='lat' dir='ltr'><strong>docet.</strong></span> 
     </span>
     <span class='ocr_line' id='line_1_23' title="bbox 236 2652 2728 2719; baseline 0 -18"><span class='ocrx_word' id='word_1_233' title='bbox 236 2652 423 2701; x_wconf 87' lang='lat' dir='ltr'><strong>Utitur</strong></span> <span class='ocrx_word' id='word_1_234' title='bbox 472 2652 556 2713; x_wconf 81' lang='lat'><strong>16,</strong></span> <span class='ocrx_word' id='word_1_235' title='bbox 586 2652 808 2701; x_wconf 79' lang='grc'><strong>10-17,</strong></span> <span class='ocrx_word' id='word_1_236' title='bbox 845 2653 929 2713; x_wconf 92' lang='grc'><strong>20,</strong></span> <span class='ocrx_word' id='word_1_237' title='bbox 956 2653 1144 2702; x_wconf 82' lang='lat'><strong>5—15.</strong></span> <span class='ocrx_word' id='word_1_238' title='bbox 1184 2654 1266 2713; x_wconf 82' lang='grc'><strong>21,</strong></span> <span class='ocrx_word' id='word_1_239' title='bbox 1296 2654 1481 2703; x_wconf 89' lang='grc'><strong>1-18.</strong></span> <span class='ocrx_word' id='word_1_240' title='bbox 1520 2656 1602 2715; x_wconf 91' lang='grc'><strong>27,</strong></span> <span class='ocrx_word' id='word_1_241' title='bbox 1645 2654 1829 2716; x_wconf 90' lang='grc'><strong>1-28,</strong></span> <span class='ocrx_word' id='word_1_242' title='bbox 1856 2656 1904 2704; x_wconf 87' lang='grc'><strong>6.</strong></span> <span class='ocrx_word' id='word_1_243' title='bbox 1959 2669 2055 2719; x_wconf 89' lang='lat' dir='ltr'><strong>per</strong></span> <span class='ocrx_word' id='word_1_244' title='bbox 2108 2668 2318 2703; x_wconf 88' lang='lat' dir='ltr'><strong>omnem</strong></span> <span class='ocrx_word' id='word_1_245' title='bbox 2369 2654 2728 2703; x_wconf 86' lang='lat' dir='ltr'><strong>narrationem</strong></span> 
     </span>
     <span class='ocr_line' id='line_1_24' title="bbox 237 2739 2730 2807; baseline 0.001 -20"><span class='ocrx_word' id='word_1_246' title='bbox 237 2754 433 2800; x_wconf 86' lang='lat' dir='ltr'><strong>rernm,</strong></span> <span class='ocrx_word' id='word_1_247' title='bbox 474 2752 610 2803; x_wconf 87' lang='lat' dir='ltr'><strong>quas</strong></span> <span class='ocrx_word' id='word_1_248' title='bbox 648 2740 927 2803; x_wconf 79' lang='lat' dir='ltr'><strong>spectavit,</strong></span> <span class='ocrx_word' id='word_1_249' title='bbox 977 2739 1149 2803; x_wconf 88' lang='lat' dir='ltr'><strong>prima</strong></span> <span class='ocrx_word' id='word_1_250' title='bbox 1196 2752 1427 2805; x_wconf 85' lang='lat' dir='ltr'><strong>persona</strong></span> <span class='ocrx_word' id='word_1_251' title='bbox 1470 2741 1676 2790; x_wconf 89' lang='lat' dir='ltr'><strong>numeri</strong></span> <span class='ocrx_word' id='word_1_252' title='bbox 1721 2740 1958 2807; x_wconf 86' lang='lat' dir='ltr'><strong>pluralis.</strong></span> <span class='ocrx_word' id='word_1_253' title='bbox 2019 2741 2127 2791; x_wconf 90' lang='lat' dir='ltr'><strong>Ubi</strong></span> <span class='ocrx_word' id='word_1_254' title='bbox 2164 2756 2292 2791; x_wconf 83' lang='lat' dir='ltr'><strong>vero</strong></span> <span class='ocrx_word' id='word_1_255' title='bbox 2319 2742 2402 2802; x_wconf 90' lang='grc'><strong>21,</strong></span> <span class='ocrx_word' id='word_1_256' title='bbox 2434 2741 2651 2801; x_wconf 88' lang='grc'><strong>18-27,</strong></span> <span class='ocrx_word' id='word_1_257' title='bbox 2685 2742 2730 2789; x_wconf 85' lang='grc'><strong>1.</strong></span> 
     </span>
     <span class='ocr_line' id='line_1_25' title="bbox 239 2824 2734 2894; baseline 0 -19"><span class='ocrx_word' id='word_1_258' title='bbox 239 2840 357 2875; x_wconf 84' lang='lat' dir='ltr'><strong>eam</strong></span> <span class='ocrx_word' id='word_1_259' title='bbox 396 2824 669 2875; x_wconf 86' lang='lat' dir='ltr'><strong>scribendi</strong></span> <span class='ocrx_word' id='word_1_260' title='bbox 704 2824 929 2875; x_wconf 85' lang='lat' dir='ltr'><strong>formam</strong></span> <span class='ocrx_word' id='word_1_261' title='bbox 963 2826 1177 2875; x_wconf 84' lang='lat' dir='ltr'><strong>missam</strong></span> <span class='ocrx_word' id='word_1_262' title='bbox 1214 2826 1359 2889; x_wconf 85' lang='lat' dir='ltr'><strong>facit,</strong></span> <span class='ocrx_word' id='word_1_263' title='bbox 1397 2827 1700 2877; x_wconf 88' lang='lat' dir='ltr'><strong>referuntur</strong></span> <span class='ocrx_word' id='word_1_264' title='bbox 1747 2842 1829 2890; x_wconf 89' lang='lat' dir='ltr'><strong>ea,</strong></span> <span class='ocrx_word' id='word_1_265' title='bbox 1869 2842 2006 2894; x_wconf 88' lang='lat' dir='ltr'><strong>quae</strong></span> <span class='ocrx_word' id='word_1_266' title='bbox 2055 2828 2124 2877; x_wconf 89' lang='lat' dir='ltr'><strong>ad</strong></span> <span class='ocrx_word' id='word_1_267' title='bbox 2173 2843 2338 2877; x_wconf 90' lang='lat' dir='ltr'><strong>unum</strong></span> <span class='ocrx_word' id='word_1_268' title='bbox 2391 2827 2734 2893; x_wconf 85' lang='lat' dir='ltr'><strong>pertinebant</strong></span> 
     </span>
     <span class='ocr_line' id='line_1_26' title="bbox 240 2911 2733 2979; baseline 0 -18"><span class='ocrx_word' id='word_1_269' title='bbox 240 2911 489 2962; x_wconf 86' lang='lat' dir='ltr'><strong>Paulum.</strong></span> <span class='ocrx_word' id='word_1_270' title='bbox 515 2912 615 2961; x_wconf 86' lang='lat' dir='ltr'><strong>Ast</strong></span> <span class='ocrx_word' id='word_1_271' title='bbox 648 2911 787 2961; x_wconf 86' lang='lat' dir='ltr'><strong>falso</strong></span> <span class='ocrx_word' id='word_1_272' title='bbox 825 2912 949 2961; x_wconf 87' lang='lat' dir='ltr'><strong>inde</strong></span> <span class='ocrx_word' id='word_1_273' title='bbox 976 2912 1196 2962; x_wconf 89' lang='lat' dir='ltr'><strong>deduxit</strong></span> <span class='ocrx_word' id='word_1_274' title='bbox 1220 2911 1690 2975; x_wconf 84' lang='lat' dir='ltr'><strong>Schleiermacher,</strong></span> <span class='ocrx_word' id='word_1_275' title='bbox 1717 2913 1859 2964; x_wconf 88' lang='lat' dir='ltr'><strong>Einl.</strong></span> <span class='ocrx_word' id='word_1_276' title='bbox 1885 2930 1937 2979; x_wconf 90' lang='lat' dir='ltr'><strong>p.</strong></span> <span class='ocrx_word' id='word_1_277' title='bbox 1964 2915 2082 2964; x_wconf 84' lang='lat'><strong>347.</strong></span> <span class='ocrx_word' id='word_1_278' title='bbox 2131 2914 2319 2977; x_wconf 86' lang='lat' dir='ltr'><strong>Bleck,</strong></span> <span class='ocrx_word' id='word_1_279' title='bbox 2344 2915 2399 2964; x_wconf 89' lang='lat' dir='ltr'><strong>in</strong></span> <span class='ocrx_word' id='word_1_280' title='bbox 2425 2928 2548 2963; x_wconf 89' lang='lat' dir='ltr'><strong>ann.</strong></span> <span class='ocrx_word' id='word_1_281' title='bbox 2583 2912 2733 2963; x_wconf 80' lang='lat' dir='ltr'><strong>stud.</strong></span> 
     </span>
     <span class='ocr_line' id='line_1_27' title="bbox 240 2998 2731 3066; baseline 0.001 -19"><span class='ocrx_word' id='word_1_282' title='bbox 240 3014 291 3047; x_wconf 90' lang='lat' dir='ltr'><strong>u.</strong></span> <span class='ocrx_word' id='word_1_283' title='bbox 318 2998 459 3047; x_wconf 80' lang='lat' dir='ltr'><strong>Krit.</strong></span> <span class='ocrx_word' id='word_1_284' title='bbox 490 2998 639 3048; x_wconf 81' lang='lat'><strong>1836.</strong></span> <span class='ocrx_word' id='word_1_285' title='bbox 665 3014 717 3063; x_wconf 89' lang='lat' dir='ltr'><strong>p.</strong></span> <span class='ocrx_word' id='word_1_286' title='bbox 742 2999 893 3047; x_wconf 78' lang='lat'><strong>1026.</strong></span> <span class='ocrx_word' id='word_1_287' title='bbox 914 3012 955 3047; x_wconf 87' lang='lat' dir='ltr'><strong>s.</strong></span> <span class='ocrx_word' id='word_1_288' title='bbox 980 2999 1128 3048; x_wconf 79' lang='lat'><strong>1046.</strong></span> <span class='ocrx_word' id='word_1_289' title='bbox 1150 3014 1192 3047; x_wconf 90' lang='lat' dir='ltr'><strong>s.</strong></span> <span class='ocrx_word' id='word_1_290' title='bbox 1236 2998 1439 3061; x_wconf 88' lang='lat' dir='ltr'><strong>Ulrich,</strong></span> <span class='ocrx_word' id='word_1_291' title='bbox 1465 3000 1539 3049; x_wconf 89' lang='lat' dir='ltr'><strong>ib.</strong></span> <span class='ocrx_word' id='word_1_292' title='bbox 1563 3001 1712 3049; x_wconf 84' lang='lat'><strong>1837.</strong></span> <span class='ocrx_word' id='word_1_293' title='bbox 1737 3017 1788 3066; x_wconf 90' lang='lat' dir='ltr'><strong>p.</strong></span> <span class='ocrx_word' id='word_1_294' title='bbox 1810 3002 1927 3050; x_wconf 83' lang='grc'><strong>367.</strong></span> <span class='ocrx_word' id='word_1_295' title='bbox 1955 3017 1996 3051; x_wconf 91' lang='lat' dir='ltr'><strong>s.</strong></span> <span class='ocrx_word' id='word_1_296' title='bbox 2027 3002 2176 3051; x_wconf 78' lang='lat'><strong>1840.</strong></span> <span class='ocrx_word' id='word_1_297' title='bbox 2203 3018 2253 3066; x_wconf 90' lang='lat' dir='ltr'><strong>p.</strong></span> <span class='ocrx_word' id='word_1_298' title='bbox 2277 3002 2428 3051; x_wconf 80' lang='lat'><strong>1003.</strong></span> <span class='ocrx_word' id='word_1_299' title='bbox 2449 3017 2491 3051; x_wconf 91' lang='lat' dir='ltr'><strong>s.</strong></span> <span class='ocrx_word' id='word_1_300' title='bbox 2535 3000 2731 3061; x_wconf 87' lang='lat' dir='ltr'><strong>Wette,</strong></span> 
     </span>
     <span class='ocr_line' id='line_1_28' title="bbox 242 3084 2734 3153; baseline 0 -18"><span class='ocrx_word' id='word_1_301' title='bbox 242 3085 389 3135; x_wconf 82' lang='lat' dir='ltr'><strong>Einl.</strong></span> <span class='ocrx_word' id='word_1_302' title='bbox 416 3086 539 3134; x_wconf 80' lang='lat'><strong>245.</strong></span> <span class='ocrx_word' id='word_1_303' title='bbox 586 3084 902 3149; x_wconf 78' lang='lat' dir='ltr'><strong>Mayerhoff,</strong></span> <span class='ocrx_word' id='word_1_304' title='bbox 927 3084 1068 3135; x_wconf 77' lang='lat' dir='ltr'><strong>Einl.</strong></span> <span class='ocrx_word' id='word_1_305' title='bbox 1094 3086 1150 3135; x_wconf 91' lang='lat' dir='ltr'><strong>in</strong></span> <span class='ocrx_word' id='word_1_306' title='bbox 1176 3084 1262 3134; x_wconf 86' lang='lat' dir='ltr'><strong>die</strong></span> <span class='ocrx_word' id='word_1_307' title='bbox 1297 3091 1432 3152; x_wconf 87' lang='lat' dir='ltr'><strong>petr.</strong></span> <span class='ocrx_word' id='word_1_308' title='bbox 1459 3084 1608 3137; x_wconf 89' lang='lat' dir='ltr'><strong>Schr.</strong></span> <span class='ocrx_word' id='word_1_309' title='bbox 1634 3086 1830 3137; x_wconf 87' lang='lat' dir='ltr'><strong>Hamb.</strong></span> <span class='ocrx_word' id='word_1_310' title='bbox 1871 3088 2020 3138; x_wconf 83' lang='lat'><strong>1835.</strong></span> <span class='ocrx_word' id='word_1_311' title='bbox 2048 3104 2100 3153; x_wconf 91' lang='lat' dir='ltr'><strong>p.</strong></span> <span class='ocrx_word' id='word_1_312' title='bbox 2127 3089 2175 3137; x_wconf 86' lang='grc'><strong>6.</strong></span> <span class='ocrx_word' id='word_1_313' title='bbox 2202 3102 2244 3136; x_wconf 92' lang='lat' dir='ltr'><strong>s.</strong></span> <span class='ocrx_word' id='word_1_314' title='bbox 2289 3092 2468 3151; x_wconf 84' lang='lat' dir='ltr'><strong>partes</strong></span> <span class='ocrx_word' id='word_1_315' title='bbox 2505 3086 2734 3136; x_wconf 90' lang='lat' dir='ltr'><strong>Actuum</strong></span> 
     </span>
     <span class='ocr_line' id='line_1_29' title="bbox 246 3170 2733 3237; baseline 0 -17"><span class='ocrx_word' id='word_1_316' title='bbox 246 3170 329 3232; x_wconf 83' lang='lat' dir='ltr'><strong>„ol</strong></span> <span class='ocrx_word' id='word_1_317' title='bbox 362 3170 546 3237; x_wconf 78' lang='grc' dir='ltr'>ἡμεῗς“</span> <span class='ocrx_word' id='word_1_318' title='bbox 583 3172 883 3236; x_wconf 80' lang='lat' dir='ltr'><strong>insignitas,</strong></span> <span class='ocrx_word' id='word_1_319' title='bbox 932 3186 961 3221; x_wconf 92' lang='lat' dir='ltr'><strong>e</strong></span> <span class='ocrx_word' id='word_1_320' title='bbox 996 3171 1262 3221; x_wconf 84' lang='lat' dir='ltr'><strong>Timothei</strong></span> <span class='ocrx_word' id='word_1_321' title='bbox 1307 3174 1686 3223; x_wconf 89' lang='lat' dir='ltr'><strong>commentario</strong></span> <span class='ocrx_word' id='word_1_322' title='bbox 1724 3178 1926 3223; x_wconf 85' lang='lat' dir='ltr'><strong>sumtas</strong></span> <span class='ocrx_word' id='word_1_323' title='bbox 1981 3188 2116 3224; x_wconf 88' lang='lat' dir='ltr'><strong>esse.</strong></span> <span class='ocrx_word' id='word_1_324' title='bbox 2171 3173 2234 3222; x_wconf 91' lang='lat' dir='ltr'><strong>In</strong></span> <span class='ocrx_word' id='word_1_325' title='bbox 2283 3173 2441 3223; x_wconf 89' lang='lat' dir='ltr'><strong>rebus</strong></span> <span class='ocrx_word' id='word_1_326' title='bbox 2493 3172 2733 3221; x_wconf 86' lang='lat' dir='ltr'><strong>adversis</strong></span> 
     </span>
     <span class='ocr_line' id='line_1_30' title="bbox 240 3256 2726 3321; baseline 0 -15"><span class='ocrx_word' id='word_1_327' title='bbox 240 3256 609 3307; x_wconf 80' lang='lat' dir='ltr'><strong>describendis</strong></span> <span class='ocrx_word' id='word_1_328' title='bbox 636 3272 842 3308; x_wconf 89' lang='lat' dir='ltr'><strong>summa</strong></span> <span class='ocrx_word' id='word_1_329' title='bbox 865 3272 995 3309; x_wconf 87' lang='lat' dir='ltr'><strong>usus</strong></span> <span class='ocrx_word' id='word_1_330' title='bbox 1024 3263 1106 3308; x_wconf 91' lang='lat' dir='ltr'><strong>est</strong></span> <span class='ocrx_word' id='word_1_331' title='bbox 1128 3273 1170 3307; x_wconf 90' lang='lat' dir='ltr'><strong>s.</strong></span> <span class='ocrx_word' id='word_1_332' title='bbox 1184 3259 1363 3309; x_wconf 86' lang='lat' dir='ltr'><strong>Lucas</strong></span> <span class='ocrx_word' id='word_1_333' title='bbox 1388 3258 1768 3321; x_wconf 86' lang='lat' dir='ltr'><strong>moderatione,</strong></span> <span class='ocrx_word' id='word_1_334' title='bbox 1797 3260 2028 3309; x_wconf 89' lang='lat' dir='ltr'><strong>animum</strong></span> <span class='ocrx_word' id='word_1_335' title='bbox 2053 3258 2122 3309; x_wconf 86' lang='lat' dir='ltr'><strong>ab</strong></span> <span class='ocrx_word' id='word_1_336' title='bbox 2141 3260 2222 3309; x_wconf 88' lang='lat' dir='ltr'><strong>ira</strong></span> <span class='ocrx_word' id='word_1_337' title='bbox 2246 3263 2300 3309; x_wconf 89' lang='lat' dir='ltr'><strong>et</strong></span> <span class='ocrx_word' id='word_1_338' title='bbox 2323 3258 2448 3309; x_wconf 87' lang='lat' dir='ltr'><strong>odio</strong></span> <span class='ocrx_word' id='word_1_339' title='bbox 2474 3257 2726 3307; x_wconf 82' lang='lat' dir='ltr'><strong>cohibuit.</strong></span> 
     </span>
     <span class='ocr_line' id='line_1_31' title="bbox 241 3342 2729 3411; baseline 0 -18"><span class='ocrx_word' id='word_1_340' title='bbox 241 3342 472 3410; x_wconf 84' lang='lat' dir='ltr'><strong>Singula</strong></span> <span class='ocrx_word' id='word_1_341' title='bbox 509 3358 649 3409; x_wconf 87' lang='lat' dir='ltr'><strong>quae</strong></span> <span class='ocrx_word' id='word_1_342' title='bbox 686 3345 757 3395; x_wconf 90' lang='lat' dir='ltr'><strong>ab</strong></span> <span class='ocrx_word' id='word_1_343' title='bbox 794 3344 917 3395; x_wconf 89' lang='lat' dir='ltr'><strong>aliis</strong></span> <span class='ocrx_word' id='word_1_344' title='bbox 955 3345 1101 3395; x_wconf 86' lang='lat' dir='ltr'><strong>dicta</strong></span> <span class='ocrx_word' id='word_1_345' title='bbox 1135 3345 1385 3411; x_wconf 84' lang='lat' dir='ltr'><strong>factaque</strong></span> <span class='ocrx_word' id='word_1_346' title='bbox 1420 3345 1597 3406; x_wconf 86' lang='lat' dir='ltr'><strong>refert,</strong></span> <span class='ocrx_word' id='word_1_347' title='bbox 1634 3346 1767 3411; x_wconf 88' lang='lat' dir='ltr'><strong>ipsis</strong></span> <span class='ocrx_word' id='word_1_348' title='bbox 1803 3347 2041 3411; x_wconf 85' lang='lat' dir='ltr'><strong>apprime</strong></span> <span class='ocrx_word' id='word_1_349' title='bbox 2079 3346 2405 3396; x_wconf 83' lang='lat' dir='ltr'><strong>conveniunt</strong></span> <span class='ocrx_word' id='word_1_350' title='bbox 2429 3344 2729 3394; x_wconf 87' lang='lat' dir='ltr'><strong>dicentibus</strong></span> 
     </span>
     <span class='ocr_line' id='line_1_32' title="bbox 238 3431 2729 3497; baseline -0.001 -16"><span class='ocrx_word' id='word_1_351' title='bbox 238 3438 293 3481; x_wconf 90' lang='lat' dir='ltr'><strong>et</strong></span> <span class='ocrx_word' id='word_1_352' title='bbox 344 3432 693 3481; x_wconf 80' lang='lat' dir='ltr'><strong>facientibus.</strong></span> <span class='ocrx_word' id='word_1_353' title='bbox 747 3431 891 3497; x_wconf 84' lang='lat' dir='ltr'><strong>Apta</strong></span> <span class='ocrx_word' id='word_1_354' title='bbox 942 3433 1204 3497; x_wconf 87' lang='lat' dir='ltr'><strong>reperitur</strong></span> <span class='ocrx_word' id='word_1_355' title='bbox 1257 3446 1541 3482; x_wconf 85' lang='lat' dir='ltr'><strong>causarum</strong></span> <span class='ocrx_word' id='word_1_356' title='bbox 1582 3437 1635 3481; x_wconf 88' lang='lat' dir='ltr'><strong>et</strong></span> <span class='ocrx_word' id='word_1_357' title='bbox 1672 3436 1958 3482; x_wconf 80' lang='lat' dir='ltr'><strong>eventuum</strong></span> <span class='ocrx_word' id='word_1_358' title='bbox 2013 3432 2291 3493; x_wconf 83' lang='lat' dir='ltr'><strong>connexio,</strong></span> <span class='ocrx_word' id='word_1_359' title='bbox 2346 3432 2617 3481; x_wconf 84' lang='lat' dir='ltr'><strong>initiorum</strong></span> <span class='ocrx_word' id='word_1_360' title='bbox 2677 3435 2729 3480; x_wconf 86' lang='lat' dir='ltr'><strong>et</strong></span> 
     </span>
     <span class='ocr_line' id='line_1_33' title="bbox 238 3518 2731 3584; baseline -0.001 -17"><span class='ocrx_word' id='word_1_361' title='bbox 238 3532 623 3584; x_wconf 79' lang='lat' dir='ltr'><strong>progressuum</strong></span> <span class='ocrx_word' id='word_1_362' title='bbox 658 3520 1005 3569; x_wconf 81' lang='lat' dir='ltr'><strong>continuatio.</strong></span> <span class='ocrx_word' id='word_1_363' title='bbox 1045 3518 1285 3569; x_wconf 85' lang='lat' dir='ltr'><strong>Cunctae</strong></span> <span class='ocrx_word' id='word_1_364' title='bbox 1316 3519 1545 3584; x_wconf 85' lang='lat' dir='ltr'><strong>denique</strong></span> <span class='ocrx_word' id='word_1_365' title='bbox 1580 3519 1852 3569; x_wconf 84' lang='lat' dir='ltr'><strong>Historiae</strong></span> <span class='ocrx_word' id='word_1_366' title='bbox 1888 3520 1967 3569; x_wconf 89' lang='lat' dir='ltr'><strong>ita</strong></span> <span class='ocrx_word' id='word_1_367' title='bbox 2000 3524 2126 3568; x_wconf 87' lang='lat' dir='ltr'><strong>sunt</strong></span> <span class='ocrx_word' id='word_1_368' title='bbox 2161 3518 2504 3584; x_wconf 87' lang='lat' dir='ltr'><strong>compositae,</strong></span> <span class='ocrx_word' id='word_1_369' title='bbox 2541 3522 2604 3567; x_wconf 90' lang='lat' dir='ltr'><strong>ut</strong></span> <span class='ocrx_word' id='word_1_370' title='bbox 2626 3518 2731 3566; x_wconf 87' lang='lat' dir='ltr'><strong>sibi</strong></span> 
     </span>
     <span class='ocr_line' id='line_1_34' title="bbox 240 3604 2733 3672; baseline -0.001 -19"><span class='ocrx_word' id='word_1_371' title='bbox 240 3606 475 3655; x_wconf 78' lang='lat' dir='ltr'><strong>invicem</strong></span> <span class='ocrx_word' id='word_1_372' title='bbox 531 3607 772 3671; x_wconf 87' lang='lat' dir='ltr'><strong>apprime</strong></span> <span class='ocrx_word' id='word_1_373' title='bbox 828 3605 1206 3671; x_wconf 84' lang='lat' dir='ltr'><strong>respondeant,</strong></span> <span class='ocrx_word' id='word_1_374' title='bbox 1266 3621 1444 3672; x_wconf 87' lang='lat' dir='ltr'><strong>neque</strong></span> <span class='ocrx_word' id='word_1_375' title='bbox 1500 3605 1636 3655; x_wconf 88' lang='lat' dir='ltr'><strong>adeo</strong></span> <span class='ocrx_word' id='word_1_376' title='bbox 1694 3606 1814 3655; x_wconf 85' lang='lat' dir='ltr'><strong>aliis</strong></span> <span class='ocrx_word' id='word_1_377' title='bbox 1869 3605 2254 3656; x_wconf 85' lang='lat' dir='ltr'><strong>contradicant.</strong></span> <span class='ocrx_word' id='word_1_378' title='bbox 2310 3605 2458 3665; x_wconf 80' lang='lat' dir='ltr'><strong>Quas</strong></span> <span class='ocrx_word' id='word_1_379' title='bbox 2518 3604 2621 3653; x_wconf 88' lang='lat' dir='ltr'><strong>sibi</strong></span> <span class='ocrx_word' id='word_1_380' title='bbox 2678 3605 2733 3652; x_wconf 89' lang='lat' dir='ltr'><strong>in</strong></span> 
     </span>
     <span class='ocr_line' id='line_1_35' title="bbox 242 3690 2726 3758; baseline -0 -17"><span class='ocrx_word' id='word_1_381' title='bbox 242 3691 647 3742; x_wconf 83' lang='lat' dir='ltr'><strong>narrationibus</strong></span> <span class='ocrx_word' id='word_1_382' title='bbox 682 3693 869 3743; x_wconf 86' lang='lat' dir='ltr'><strong>Lucae</strong></span> <span class='ocrx_word' id='word_1_383' title='bbox 916 3706 1125 3758; x_wconf 82' lang='lat' dir='ltr'><strong>pugnas</strong></span> <span class='ocrx_word' id='word_1_384' title='bbox 1174 3692 1436 3758; x_wconf 87' lang='lat' dir='ltr'><strong>reperisse</strong></span> <span class='ocrx_word' id='word_1_385' title='bbox 1483 3694 1631 3743; x_wconf 87' lang='lat' dir='ltr'><strong>visus</strong></span> <span class='ocrx_word' id='word_1_386' title='bbox 1682 3697 1765 3743; x_wconf 86' lang='lat' dir='ltr'><strong>est</strong></span> <span class='ocrx_word' id='word_1_387' title='bbox 1811 3692 2006 3755; x_wconf 87' lang='lat' dir='ltr'><strong>Wette,</strong></span> <span class='ocrx_word' id='word_1_388' title='bbox 2053 3692 2087 3741; x_wconf 91' lang='lat'><strong>1.</strong></span> <span class='ocrx_word' id='word_1_389' title='bbox 2125 3708 2171 3742; x_wconf 88' lang='lat' dir='ltr'><strong>c.</strong></span> <span class='ocrx_word' id='word_1_390' title='bbox 2211 3690 2459 3743; x_wconf 82' lang='lat' dir='ltr'><strong>dissolvit</strong></span> <span class='ocrx_word' id='word_1_391' title='bbox 2508 3690 2726 3751; x_wconf 89' lang='lat' dir='ltr'><strong>Beelen,</strong></span> 
     </span>
     <span class='ocr_line' id='line_1_36' title="bbox 240 3778 1485 3844; baseline 0.001 -15"><span class='ocrx_word' id='word_1_392' title='bbox 240 3778 375 3843; x_wconf 89' lang='lat' dir='ltr'><strong>prol.</strong></span> <span class='ocrx_word' id='word_1_393' title='bbox 414 3795 467 3844; x_wconf 89' lang='lat' dir='ltr'><strong>p.</strong></span> <span class='ocrx_word' id='word_1_394' title='bbox 507 3780 557 3828; x_wconf 82' lang='lat'><strong>4.</strong></span> <span class='ocrx_word' id='word_1_395' title='bbox 596 3796 639 3830; x_wconf 90' lang='lat' dir='ltr'><strong>s.</strong></span> <span class='ocrx_word' id='word_1_396' title='bbox 1479 3780 1485 3789; x_wconf 88' lang='lat'>&#39;</span> 
     </span>
    </p>

    <p class='ocr_par' dir='ltr' id='par_1_5' title="bbox 238 3863 2736 4624">
     <span class='ocr_line' id='line_1_37' title="bbox 456 3863 2732 3931; baseline -0.001 -17"><span class='ocrx_word' id='word_1_397' title='bbox 456 3866 497 3930; x_wconf 86' lang='lat'><strong>¹)</strong></span> <span class='ocrx_word' id='word_1_398' title='bbox 535 3866 735 3915; x_wconf 83' lang='lat' dir='ltr'><strong>Nostra</strong></span> <span class='ocrx_word' id='word_1_399' title='bbox 790 3866 1058 3915; x_wconf 85' lang='lat' dir='ltr'><strong>enimvero</strong></span> <span class='ocrx_word' id='word_1_400' title='bbox 1114 3870 1314 3927; x_wconf 86' lang='lat' dir='ltr'><strong>aetate,</strong></span> <span class='ocrx_word' id='word_1_401' title='bbox 1372 3879 1513 3931; x_wconf 90' lang='lat' dir='ltr'><strong>quae</strong></span> <span class='ocrx_word' id='word_1_402' title='bbox 1568 3866 1706 3914; x_wconf 85' lang='lat' dir='ltr'><strong>tales</strong></span> <span class='ocrx_word' id='word_1_403' title='bbox 1762 3865 2158 3931; x_wconf 86' lang='lat' dir='ltr'><strong>disquisitiones</strong></span> <span class='ocrx_word' id='word_1_404' title='bbox 2211 3865 2426 3915; x_wconf 87' lang='lat' dir='ltr'><strong>maximi</strong></span> <span class='ocrx_word' id='word_1_405' title='bbox 2480 3863 2732 3929; x_wconf 88' lang='lat' dir='ltr'><strong>ponderis</strong></span> 
     </span>
     <span class='ocr_line' id='line_1_38' title="bbox 240 3948 2732 4017; baseline -0.002 -15"><span class='ocrx_word' id='word_1_406' title='bbox 240 3952 420 4014; x_wconf 85' lang='lat' dir='ltr'><strong>habet,</strong></span> <span class='ocrx_word' id='word_1_407' title='bbox 458 3951 531 4001; x_wconf 84' lang='lat' dir='ltr'><strong>ad</strong></span> <span class='ocrx_word' id='word_1_408' title='bbox 568 3953 869 4001; x_wconf 85' lang='lat' dir='ltr'><strong>satietatem</strong></span> <span class='ocrx_word' id='word_1_409' title='bbox 905 3967 1077 4017; x_wconf 90' lang='lat' dir='ltr'><strong>usque</strong></span> <span class='ocrx_word' id='word_1_410' title='bbox 1106 3956 1161 4000; x_wconf 89' lang='lat' dir='ltr'><strong>et</strong></span> <span class='ocrx_word' id='word_1_411' title='bbox 1182 3951 1454 4001; x_wconf 86' lang='lat' dir='ltr'><strong>fastidium</strong></span> <span class='ocrx_word' id='word_1_412' title='bbox 1491 3950 1557 4001; x_wconf 88' lang='lat' dir='ltr'><strong>de</strong></span> <span class='ocrx_word' id='word_1_413' title='bbox 1594 3951 1696 4001; x_wconf 92' lang='lat' dir='ltr'><strong>hoc</strong></span> <span class='ocrx_word' id='word_1_414' title='bbox 1733 3951 1790 3999; x_wconf 90' lang='lat' dir='ltr'><strong>A.</strong></span> <span class='ocrx_word' id='word_1_415' title='bbox 1819 3952 1881 4001; x_wconf 91' lang='lat' dir='ltr'><strong>A.</strong></span> <span class='ocrx_word' id='word_1_416' title='bbox 1921 3952 2143 4001; x_wconf 84' lang='lat' dir='ltr'><strong>consilio</strong></span> <span class='ocrx_word' id='word_1_417' title='bbox 2181 3954 2356 3999; x_wconf 88' lang='lat' dir='ltr'><strong>actum</strong></span> <span class='ocrx_word' id='word_1_418' title='bbox 2395 3955 2490 4000; x_wconf 87' lang='lat' dir='ltr'><strong>est.</strong></span> <span class='ocrx_word' id='word_1_419' title='bbox 2549 3948 2590 4014; x_wconf 84' lang='lat'><strong>²)</strong></span> <span class='ocrx_word' id='word_1_420' title='bbox 2627 3949 2732 4011; x_wconf 80' lang='lat' dir='ltr'><strong>Qui</strong></span> 
     </span>
     <span class='ocr_line' id='line_1_39' title="bbox 238 4036 2730 4105; baseline -0.002 -16"><span class='ocrx_word' id='word_1_421' title='bbox 238 4040 403 4104; x_wconf 83' lang='lat' dir='ltr'><strong>igitur</strong></span> <span class='ocrx_word' id='word_1_422' title='bbox 437 4038 745 4103; x_wconf 80' lang='lat' dir='ltr'><strong>Evangelio</strong></span> <span class='ocrx_word' id='word_1_423' title='bbox 782 4040 1137 4104; x_wconf 87' lang='lat' dir='ltr'><strong>praemittitur</strong></span> <span class='ocrx_word' id='word_1_424' title='bbox 1172 4038 1443 4105; x_wconf 84' lang='lat' dir='ltr'><strong>prologus,</strong></span> <span class='ocrx_word' id='word_1_425' title='bbox 1483 4042 1705 4087; x_wconf 88' lang='lat' dir='ltr'><strong>eatenus</strong></span> <span class='ocrx_word' id='word_1_426' title='bbox 1741 4052 1958 4103; x_wconf 88' lang='lat' dir='ltr'><strong>quoque</strong></span> <span class='ocrx_word' id='word_1_427' title='bbox 2003 4036 2072 4087; x_wconf 85' lang='lat' dir='ltr'><strong>ad</strong></span> <span class='ocrx_word' id='word_1_428' title='bbox 2107 4037 2272 4087; x_wconf 86' lang='lat' dir='ltr'><strong>Actus</strong></span> <span class='ocrx_word' id='word_1_429' title='bbox 2317 4037 2563 4101; x_wconf 82' lang='lat' dir='ltr'><strong>pertinet,</strong></span> <span class='ocrx_word' id='word_1_430' title='bbox 2600 4049 2730 4100; x_wconf 85' lang='lat' dir='ltr'><strong>qua-</strong></span> 
     </span>
     <span class='ocr_line' id='line_1_40' title="bbox 240 4122 2733 4190; baseline -0.002 -15"><span class='ocrx_word' id='word_1_431' title='bbox 240 4133 395 4177; x_wconf 83' lang='lat' dir='ltr'><strong>tenus</strong></span> <span class='ocrx_word' id='word_1_432' title='bbox 432 4124 589 4177; x_wconf 75' lang='lat' dir='ltr'><strong>salvo</strong></span> <span class='ocrx_word' id='word_1_433' title='bbox 630 4126 907 4190; x_wconf 87' lang='lat' dir='ltr'><strong>utriusque</strong></span> <span class='ocrx_word' id='word_1_434' title='bbox 943 4130 1271 4190; x_wconf 84' lang='lat' dir='ltr'><strong>argumente,</strong></span> <span class='ocrx_word' id='word_1_435' title='bbox 1300 4124 1369 4175; x_wconf 88' lang='lat' dir='ltr'><strong>ad</strong></span> <span class='ocrx_word' id='word_1_436' title='bbox 1393 4124 1535 4174; x_wconf 89' lang='lat' dir='ltr'><strong>hunc</strong></span> <span class='ocrx_word' id='word_1_437' title='bbox 1560 4123 1784 4174; x_wconf 89' lang='lat' dir='ltr'><strong>Librum</strong></span> <span class='ocrx_word' id='word_1_438' title='bbox 1810 4124 2201 4174; x_wconf 85' lang='lat' dir='ltr'><strong>accommodari</strong></span> <span class='ocrx_word' id='word_1_439' title='bbox 2226 4128 2418 4188; x_wconf 86' lang='lat' dir='ltr'><strong>potest.</strong></span> <span class='ocrx_word' id='word_1_440' title='bbox 2454 4122 2733 4173; x_wconf 87' lang='lat' dir='ltr'><strong>Professus</strong></span> 
     </span>
     <span class='ocr_line' id='line_1_41' title="bbox 243 4210 2734 4277; baseline -0.002 -14"><span class='ocrx_word' id='word_1_441' title='bbox 243 4214 417 4264; x_wconf 82' lang='lat' dir='ltr'><strong>fuerat</strong></span> <span class='ocrx_word' id='word_1_442' title='bbox 452 4228 497 4262; x_wconf 88' lang='lat' dir='ltr'><strong>s.</strong></span> <span class='ocrx_word' id='word_1_443' title='bbox 536 4214 735 4275; x_wconf 85' lang='lat' dir='ltr'><strong>Lucas,</strong></span> <span class='ocrx_word' id='word_1_444' title='bbox 776 4214 822 4274; x_wconf 90' lang='lat'><strong>1,</strong></span> <span class='ocrx_word' id='word_1_445' title='bbox 864 4214 1014 4262; x_wconf 81' lang='lat'><strong>1-4.</strong></span> <span class='ocrx_word' id='word_1_446' title='bbox 1052 4227 1109 4263; x_wconf 88' lang='lat' dir='ltr'><strong>se</strong></span> <span class='ocrx_word' id='word_1_447' title='bbox 1147 4212 1392 4262; x_wconf 87' lang='lat' dir='ltr'><strong>omnibns</strong></span> <span class='ocrx_word' id='word_1_448' title='bbox 1428 4210 1553 4261; x_wconf 87' lang='lat' dir='ltr'><strong>inde</strong></span> <span class='ocrx_word' id='word_1_449' title='bbox 1589 4226 1624 4260; x_wconf 90' lang='lat' dir='ltr'><strong>a</strong></span> <span class='ocrx_word' id='word_1_450' title='bbox 1659 4212 1832 4277; x_wconf 88' lang='lat' dir='ltr'><strong>prima</strong></span> <span class='ocrx_word' id='word_1_451' title='bbox 1861 4212 2064 4276; x_wconf 84' lang='lat' dir='ltr'><strong>origine</strong></span> <span class='ocrx_word' id='word_1_452' title='bbox 2093 4210 2376 4275; x_wconf 79' lang='lat' dir='ltr'><strong>diligenter</strong></span> <span class='ocrx_word' id='word_1_453' title='bbox 2404 4210 2734 4272; x_wconf 82' lang='lat' dir='ltr'><strong>examinatis,</strong></span> 
     </span>
     <span class='ocr_line' id='line_1_42' title="bbox 244 4296 2735 4364; baseline -0.002 -14"><span class='ocrx_word' id='word_1_454' title='bbox 244 4316 323 4350; x_wconf 81' lang='lat' dir='ltr'><strong>res</strong></span> <span class='ocrx_word' id='word_1_455' title='bbox 370 4299 573 4349; x_wconf 84' lang='lat' dir='ltr'><strong>Christi</strong></span> <span class='ocrx_word' id='word_1_456' title='bbox 623 4298 808 4348; x_wconf 86' lang='lat' dir='ltr'><strong>ordine</strong></span> <span class='ocrx_word' id='word_1_457' title='bbox 843 4298 1080 4349; x_wconf 85' lang='lat' dir='ltr'><strong>voluisse</strong></span> <span class='ocrx_word' id='word_1_458' title='bbox 1122 4298 1358 4361; x_wconf 81' lang='lat' dir='ltr'><strong>tradere3</strong></span> <span class='ocrx_word' id='word_1_459' title='bbox 1398 4302 1459 4347; x_wconf 89' lang='lat' dir='ltr'><strong>ut</strong></span> <span class='ocrx_word' id='word_1_460' title='bbox 1492 4297 1791 4364; x_wconf 84' lang='lat' dir='ltr'><strong>Theophilo</strong></span> <span class='ocrx_word' id='word_1_461' title='bbox 1829 4296 1896 4347; x_wconf 88' lang='lat' dir='ltr'><strong>de</strong></span> <span class='ocrx_word' id='word_1_462' title='bbox 1933 4302 2080 4347; x_wconf 89' lang='lat' dir='ltr'><strong>certa</strong></span> <span class='ocrx_word' id='word_1_463' title='bbox 2115 4297 2338 4346; x_wconf 86' lang='lat' dir='ltr'><strong>veritate</strong></span> <span class='ocrx_word' id='word_1_464' title='bbox 2375 4311 2560 4345; x_wconf 88' lang='lat' dir='ltr'><strong>eorum</strong></span> <span class='ocrx_word' id='word_1_465' title='bbox 2596 4310 2735 4361; x_wconf 88' lang='lat' dir='ltr'><strong>quae</strong></span> 
     </span>
     <span class='ocr_line' id='line_1_43' title="bbox 246 4382 2736 4450; baseline -0.002 -15"><span class='ocrx_word' id='word_1_466' title='bbox 246 4385 501 4437; x_wconf 85' lang='lat' dir='ltr'><strong>didicerat</strong></span> <span class='ocrx_word' id='word_1_467' title='bbox 563 4388 855 4435; x_wconf 87' lang='lat' dir='ltr'><strong>constaret.</strong></span> <span class='ocrx_word' id='word_1_468' title='bbox 927 4386 1152 4435; x_wconf 88' lang='lat' dir='ltr'><strong>Peracto</strong></span> <span class='ocrx_word' id='word_1_469' title='bbox 1207 4383 1310 4434; x_wconf 88' lang='lat' dir='ltr'><strong>hoc</strong></span> <span class='ocrx_word' id='word_1_470' title='bbox 1368 4400 1555 4450; x_wconf 87' lang='lat' dir='ltr'><strong>opere,</strong></span> <span class='ocrx_word' id='word_1_471' title='bbox 1616 4383 1764 4433; x_wconf 88' lang='lat' dir='ltr'><strong>aliud</strong></span> <span class='ocrx_word' id='word_1_472' title='bbox 1820 4384 2127 4449; x_wconf 82' lang='lat' dir='ltr'><strong>aggreditur</strong></span> <span class='ocrx_word' id='word_1_473' title='bbox 2180 4382 2464 4448; x_wconf 87' lang='lat' dir='ltr'><strong>Theophili</strong></span> <span class='ocrx_word' id='word_1_474' title='bbox 2524 4384 2736 4433; x_wconf 85' lang='lat' dir='ltr'><strong>nomine</strong></span> 
     </span>
     <span class='ocr_line' id='line_1_44' title="bbox 244 4469 2736 4540; baseline -0.001 -19"><span class='ocrx_word' id='word_1_475' title='bbox 244 4474 591 4540; x_wconf 79' lang='lat' dir='ltr'><strong>inscriptum3</strong></span> <span class='ocrx_word' id='word_1_476' title='bbox 630 4486 811 4521; x_wconf 86' lang='lat' dir='ltr'><strong>nonne</strong></span> <span class='ocrx_word' id='word_1_477' title='bbox 836 4472 997 4536; x_wconf 84' lang='lat' dir='ltr'><strong>igitur</strong></span> <span class='ocrx_word' id='word_1_478' title='bbox 1021 4476 1212 4537; x_wconf 89' lang='lat' dir='ltr'><strong>sponte</strong></span> <span class='ocrx_word' id='word_1_479' title='bbox 1237 4469 1565 4535; x_wconf 83' lang='lat' dir='ltr'><strong>intelligitur,</strong></span> <span class='ocrx_word' id='word_1_480' title='bbox 1592 4471 1777 4520; x_wconf 87' lang='lat' dir='ltr'><strong>eadem</strong></span> <span class='ocrx_word' id='word_1_481' title='bbox 1813 4475 1989 4520; x_wconf 88' lang='lat' dir='ltr'><strong>mente</strong></span> <span class='ocrx_word' id='word_1_482' title='bbox 2015 4470 2064 4521; x_wconf 89' lang='lat' dir='ltr'><strong>d.</strong></span> <span class='ocrx_word' id='word_1_483' title='bbox 2089 4470 2271 4520; x_wconf 85' lang='lat' dir='ltr'><strong>Lucas</strong></span> <span class='ocrx_word' id='word_1_484' title='bbox 2297 4469 2368 4519; x_wconf 87' lang='lat' dir='ltr'><strong>ad</strong></span> <span class='ocrx_word' id='word_1_485' title='bbox 2391 4471 2736 4536; x_wconf 85' lang='lat' dir='ltr'><strong>posteriorem</strong></span> 
     </span>
     <span class='ocr_line' id='line_1_45' title="bbox 242 4558 1947 4624; baseline 0 -15"><span class='ocrx_word' id='word_1_486' title='bbox 242 4562 535 4611; x_wconf 85' lang='lat' dir='ltr'><strong>accessisse</strong></span> <span class='ocrx_word' id='word_1_487' title='bbox 575 4558 822 4620; x_wconf 88' lang='lat' dir='ltr'><strong>Librum,</strong></span> <span class='ocrx_word' id='word_1_488' title='bbox 858 4572 1016 4623; x_wconf 90' lang='lat' dir='ltr'><strong>quam</strong></span> <span class='ocrx_word' id='word_1_489' title='bbox 1052 4560 1107 4608; x_wconf 90' lang='lat' dir='ltr'><strong>in</strong></span> <span class='ocrx_word' id='word_1_490' title='bbox 1144 4558 1336 4623; x_wconf 89' lang='lat' dir='ltr'><strong>prioris</strong></span> <span class='ocrx_word' id='word_1_491' title='bbox 1372 4559 1674 4608; x_wconf 86' lang='lat' dir='ltr'><strong>testabatur</strong></span> <span class='ocrx_word' id='word_1_492' title='bbox 1707 4558 1947 4624; x_wconf 86' lang='lat' dir='ltr'><strong>prologo.</strong></span> 
     </span>
    </p>
   </div>
  </div>
 </body>
</html>
