3267 5259
658 442 779 506 132
1316 454 1433 497 mut.
1462 456 1568 498 nov.
1597 454 1686 496 siv.
1715 454 1768 496 x.
1797 454 1848 495 τ.
1877 454 2046 497 ratos.
2073 454 2110 496 1.
2131 464 2226 505 cap.
2255 454 2457 496 aarum.

652 649 724 691 eo
770 626 947 712 quod
991 626 1411 713 praedixerat
1456 650 1535 691 ea
1578 628 1717 713 ipse
1763 637 1991 692 nocte:
2040 627 2310 691 Petrum
2343 624 2387 692 J
2393 648 2575 695 esum
2616 636 2716 689 ter
2743 636 3094 711 negaturum
3184 704 3185 709 Ξ

650 750 1003 826 antequam
1046 748 1304 826 tempus
1350 738 1654 825 gallicinii
1703 762 1780 805 eo
1825 762 2032 826 usque
2080 740 2276 804 fuerit
2319 738 2632 825 elapsum,
2680 750 2752 804 ut
2795 737 2892 802 bis
2933 739 2994 801 in
3033 762 3093 802 eo

650 854 1009 917 cantaverit
1062 852 1269 938 gallus
1292 854 1333 937 ¹,
1400 854 1876 939 veritatemque
1958 853 2368 939 experiretur
2437 850 2790 917 verborum
2845 850 3095 931 Domini,

649 976 714 1030 et
760 988 947 1029 suum
994 975 1361 1052 peccatum.
1430 964 1572 1029 Nec
1619 967 1757 1029 sine
1805 966 2062 1029 effectu.
2111 964 2347 1029 Petrus
2390 961 2849 1050 praedictionis
2893 962 3094 1027 Christi

646 1076 1047 1160 recordatus„
1095 1077 1452 1163 doloreque
1500 1086 1567 1141 et
1608 1078 2012 1163 poenitentia
2055 1078 2362 1162 percitus,
2417 1074 2499 1139 de
2545 1098 2726 1141 more
2771 1075 3094 1160 lugentium

649 1192 949 1275 operiens
997 1199 1195 1275 caput
1238 1213 1307 1255 se
1356 1212 1441 1254 ex
1485 1192 1648 1256 atrio
1696 1190 2033 1276 proripuit,
2100 1198 2166 1253 et
2211 1190 2448 1253 amaris
2492 1188 2774 1253 lacrimis
2819 1187 3094 1251 delictum

646 1324 833 1366 suum
882 1301 1038 1367 eluit
1066 1306 1110 1367 2.
1158 1301 1247 1385 ‚S.
1280 1303 1457 1367 Petri
1503 1304 1782 1388 gemitus
1815 1312 1882 1367 et
1912 1302 2210 1387 cognitus
2243 1311 2308 1365 et
2339 1300 2684 1365 exauditus
2717 1310 2830 1377 est,
2867 1298 3094 1385 quando
3184 1324 3185 1393 Ξ

645 1414 829 1479 flevit
872 1416 1270 1480 amarissime
1284 1419 1349 1479 3‘.
1400 1414 1713 1496 Quamvis
1759 1425 1975 1480 autem
2021 1436 2220 1500 grave
2277 1413 2474 1478 fuerit
2533 1422 2876 1499 peccatum
2929 1412 3095 1488 Petri,
3184 1394 3185 1473 ἶ

643 1528 905 1592 minime
951 1536 1168 1593 tamen
1215 1527 1321 1593 ille
1366 1529 1561 1593 fidem
1610 1530 1872 1593 amisit⁴.
3184 1512 3185 1521 Ξ

645 1826 911 1875 interioris
947 1825 1173 1876 hominis
1210 1840 1381 1891 usque
1419 1824 1489 1875 ad
1526 1826 1814 1875 exteriores
1849 1822 2097 1874 lacrimas
2133 1825 2300 1874 movit
2337 1828 2390 1874 et
2427 1823 2686 1889 produxit
2723 1822 3006 1872 affectum.“
3029 1822 3098 1871 Ita

644 1924 684 1960 s.
713 1911 1061 1977 Augustinus,
1100 1912 1166 1961 de
1203 1913 1377 1977 gratia
1414 1910 1472 1961 C.
1508 1927 1553 1961 c.
1587 1910 1701 1961 Pel.
1739 1916 1792 1961 et
1817 1909 2048 1961 Coelest.
2081 1910 2124 1973 1,
2152 1912 2235 1960 45.
2273 1911 2338 1973 X,
2365 1912 2484 1961 250.
2523 1926 2566 1960 s.
2589 1909 2721 1973 Leo,
2757 1909 2822 1958 de
2846 1909 2989 1959 Pass.
3018 1909 3098 1967 IX,

640 1999 689 2047 4.
728 2014 779 2063 p.
806 2000 889 2049 65.
3184 2004 3185 2063 ᾖ

852 2084 891 2150 ¹)
941 2082 995 2135 S.
1030 2084 1269 2149 Marcus,
1320 2087 1411 2151 qui
1457 2100 1586 2151 prae
1632 2085 1822 2135 ceteris
1867 2084 2226 2149 Evangelistis
2265 2086 2347 2146 14,
2385 2084 2610 2134 66-72.
2652 2083 2860 2149 lapsum
2895 2098 2936 2133 s.
2971 2081 3096 2131 Petri
3184 2068 3185 2163 Ξ

640 2186 801 2236 quam
856 2172 1256 2223 accuratissime
1310 2173 1726 2237 conscripserat,
1783 2170 2048 2236 duplicem
2096 2173 2469 2223 commemorat
2515 2169 2644 2235 galli
2698 2174 2934 2231 cantum;
2991 2184 3094 2217 cum

640 2258 805 2306 ceteri
858 2256 926 2306 de
978 2272 1085 2307 uno
1140 2262 1345 2307 tantum
1396 2256 1623 2307 fecerint
1673 2258 2011 2307 mentionem.
2069 2254 2276 2306 Solutio
2329 2256 2487 2307 huius
2537 2255 2862 2306 difficultatis
2913 2271 2976 2305 ex
3021 2268 3096 2302 ore
3184 2246 3185 2257 ¹

641 2342 837 2393 Christi
872 2342 1119 2409 petenda.
1174 2342 1521 2393 Praedixerat
1554 2344 1717 2393 Jesus
1753 2344 1912 2393 Petro
1947 2342 2136 2393 Matth.
2175 2345 2258 2405 26,
2286 2345 2368 2393 34.
2411 2348 2732 2408 „autequam
2777 2341 2942 2406 gallus
2989 2354 3096 2389 can-

637 2434 715 2479 tet
748 2434 831 2478 ter
864 2446 947 2479 me
985 2429 1257 2494 negabis.“
1296 2428 1406 2478 Sub
1442 2430 1547 2479 hoc
1588 2429 1716 2494 galli
1753 2434 1916 2479 cantu
1955 2433 2126 2479 totum
2166 2428 2422 2495 gallicinii
2463 2432 2690 2493 tempus,
2729 2444 2802 2478 sc.
2838 2442 2872 2477 a
2897 2430 2956 2476 12
2977 2454 3037 2462 —
3055 2428 3095 2474 3.
3184 2442 3185 2497 3

634 2516 977 2578 matutinum,
1027 2520 1109 2565 est
1142 2515 1595 2581 comprehensum.
1641 2516 1808 2566 Juxta
1844 2516 2118 2580 antiquam
2151 2516 2324 2565 noctis
2361 2515 2701 2576 divisionem,
2747 2513 2884 2579 quod
2918 2514 3096 2562 multas
3184 2524 3185 2541 ἢ

636 2603 783 2653 vices
809 2603 1063 2667 repetitas
1101 2603 1367 2665 continet;
1404 2618 1514 2651 non
1551 2603 1692 2651 enim
1729 2586 1891 2652 semel
1931 2607 2132 2652 canunt
2165 2602 2294 2667 galli
2331 2601 2428 2653 sed
2463 2603 2678 2667 saepius
2716 2602 2964 2651 reiterant
2987 2615 3094 2649 can-

633 2692 719 2738 tus
756 2703 896 2752 suos,
934 2693 1101 2738 totum
1140 2694 1317 2738 autem
1352 2688 1485 2737 illud
1520 2694 1730 2754 tempus
1767 2682 2134 2756 ἄλεκτροφωνία
2169 2694 2407 2739 vocatur.
2469 2688 2680 2753 Reliqui
2716 2690 2894 2753 itaque
2925 2687 3092 2735 Evan·

634 2774 858 2839 gelistae
897 2773 965 2823 ad
1000 2774 1158 2823 finem
1196 2774 1470 2839 gallicinii,
1508 2774 1579 2825 ad
1613 2775 1858 2825 ultimum
1883 2774 2250 2842 gallicantum
2277 2775 2592 2840 respiciunt3
2631 2788 2674 2823 s.
2699 2776 2908 2825 Marcus
2931 2778 3094 2823 autem
3184 2776 3185 2807 ἲ

632 2874 793 2909 unam
830 2862 1281 2911 circumstantiam
1318 2861 1644 2927 superaddit,
1685 2868 1739 2913 et
1773 2862 1996 2912 alterius
2031 2863 2251 2928 insuper
2285 2864 2476 2911 cantus
2511 2862 2766 2923 meminit,
2803 2876 2903 2925 quo
2927 2860 3094 2909 admo-

632 2948 777 2997 nitus
814 2963 856 2997 s.
894 2948 1083 2999 Petrus
1120 2953 1298 2998 tamen
1334 2964 1442 2998 non
1478 2950 1776 3015 resipuerit.
1839 2948 1921 2999 Cf.
1957 2964 2002 2999 c.
2039 2949 2120 3011 14,
2147 2950 2229 2999 30.
2277 2948 2370 2997 ubi
2407 2960 2448 2997 s.
2483 2947 2700 2997 Marcus
2735 2948 2927 3011 pariter
2967 2944 3094 2996 solus
3184 2948 3185 2983 1

632 3032 955 3096 observavit,
993 3034 1179 3085 Jesum
1218 3040 1341 3085 ante
1378 3037 1535 3086 Petro
1573 3035 1797 3086 dixisse:
1851 3036 2162 3101 priusquam
2203 3035 2378 3100 gallus
2415 3048 2602 3083 vocem
2639 3034 2722 3083 bis
2759 3032 2984 3093 dederit,
3025 3036 3097 3081 ter

628 3134 714 3169 me
763 3136 819 3169 es
864 3125 1170 3185 negaturus.
1232 3122 1275 3185 ²)
1321 3121 1464 3171 Illud
1508 3138 1549 3173 s.
1584 3122 1754 3172 Marci
1792 3124 1872 3183 14,
1914 3123 1994 3171 72.
2040 3122 2095 3169 in
2130 3120 2368 3185 Vulgata
2403 3118 2860 3170 animadversione
2893 3118 3096 3183 dignum

633 3210 719 3265 „et
763 3207 940 3271 coepit
982 3206 1159 3268 flere,“
1216 3206 1335 3256 ideo
1384 3210 1511 3272 quia
1557 3209 1613 3257 iu
1657 3209 1804 3258 fonte
1851 3222 2044 3273 graeco
2088 3207 2282 3273 legitur
2331 3204 2444 3267 „zai
2487 3202 2732 3271 ἐπιβαλὼν
2779 3202 2986 3255 ἔπιλαιύῑ.
3039 3203 3096 3253 In

628 3291 847 3341 Oriente
880 3293 1299 3343 usitatissimum*
1319 3295 1493 3360 capite
1532 3299 1716 3360 operto
1755 3294 1898 3344 flere.
1937 3294 2017 3343 Cf.
2043 3294 2111 3343 ΙΙ.
2137 3294 2268 3358 Reg.
2295 3295 2377 3356 15,
2405 3296 2488 3343 30.
2527 3293 2680 3343 Esth.
2707 3296 2755 3356 6,
2785 3294 2863 3343 12.
2905 3292 3095 3341 Adver-

628 3392 719 3429 sus
756 3394 915 3443 quam
950 3378 1357 3445 explicationem
1394 3382 1439 3431 si
1476 3381 1782 3442 obiiciatur,
1829 3384 1984 3430 nocte
2032 3378 2144 3430 alta
2191 3394 2461 3444 egressum
2498 3394 2564 3429 ex
2609 3380 2744 3430 atrio
2795 3394 2836 3429 s.
2875 3378 3094 3437 Petrum,

626 3478 736 3513 non
778 3463 1031 3515 habuisse
1076 3466 1237 3531 igitur
1286 3482 1421 3531 opus
1468 3468 1575 3517 ista
1618 3467 1777 3517 faciei
1813 3466 2185 3517 obvelatione?
2237 3466 2619 3531 respondetur,
2673 3468 2855 3531 gestus
2907 3464 3094 3514 doloris

625 3549 831 3601 indices
870 3553 1029 3601 etiam
1066 3558 1217 3601 extra
1253 3554 1573 3603 consortium
1610 3553 1880 3603 hominum
1927 3552 2102 3603 locum
2149 3553 2347 3603 habere
2391 3557 2617 3617 possunt
2661 3557 2716 3601 et
2759 3552 2813 3601 in
2857 3551 3093 3610 tenebris,
3184 3546 3185 3555 ’

627 3637 671 3683 si
699 3650 765 3685 ex
790 3637 964 3687 animo
999 3636 1195 3688 affectu
1220 3637 1561 3689 vehementer
1596 3643 1858 3689 commoto
1897 3640 2156 3704 originem
2190 3638 2406 3689 ducant.
2464 3638 2545 3687 Cf.
2579 3638 2724 3688 Flor.
2761 3652 2870 3687 van
2904 3638 3093 3695 Hoom,
3184 3634 3185 3697 Q

626 3720 759 3787 disp.
786 3721 860 3772 th.
886 3720 952 3772 de
978 3723 1151 3773 flentis
1176 3724 1323 3774 Petri
1349 3720 1563 3790 ἐπιβολή.
1600 3724 1773 3789 Lugd.
1808 3724 1927 3774 Bat.
1956 3726 2105 3775 1695.
2143 3742 2192 3789 p.
2219 3726 2268 3774 5.
2331 3724 2373 3789 ³)
2413 3724 2464 3773 S.
2489 3724 2818 3785 Ambrosius,
2857 3738 3024 3773 enarr.
3045 3724 3092 3770 in

624 3808 711 3858 Ps.
738 3810 822 3859 37.
847 3825 899 3874 p.
926 3812 1045 3860 831.
1082 3810 1229 3859 Idem
1254 3825 1436 3876 expos.
1460 3810 1668 3875 Evang.
1695 3826 1802 3862 sec.
1826 3811 1961 3862 Luc.
1987 3812 2022 3861 1.
2047 3812 2114 3872 X,
2141 3814 2224 3861 38.
2270 3812 2470 3876 inquit:
2520 3811 2671 3872 „Non
2715 3811 2931 3861 invenio
2977 3808 3094 3875 quid
3184 3814 3185 3845 ἓ

624 3894 815 3945 dixerit
833 3932 846 3959 ,
902 3896 1115 3947 invenio
1154 3896 1297 3961 quod
1332 3898 1539 3947 fleverit
1571 3933 1584 3947 .
1614 3934 1626 3947 .
1656 3934 1668 3946 .
1695 3933 1707 3946 .
1741 3898 1993 3948 lacrimae
2038 3899 2250 3947 veniam
2283 3913 2392 3947 non
2427 3897 2702 3963 postulant
2736 3902 2792 3946 et
2823 3902 3094 3946 merent-ur.
3184 3878 3185 3901 Ξ

620 3980 809 4031 Inveni
833 3997 929 4031 cur
952 3983 1183 4031 tacuerit
1206 3984 1413 4045 Petrus,
1452 3998 1519 4032 ne
1554 3990 1665 4033 tam
1701 3986 1806 4034 cito
1831 3984 2021 4033 veniae
2045 3985 2234 4049 petitio
2257 3984 2380 4049 plus
2407 3982 2748 4033 offenderet.“
2787 3983 2860 4033 ib.
2879 3998 2930 4048 p.
2952 3984 3092 4032 1523.

619 4066 663 4132 ⁴)
699 4067 835 4117 Utut
867 4083 995 4117 vero
1031 4067 1119 4117 hic
1154 4084 1197 4119 s.
1238 4069 1384 4118 Petri
1418 4068 1602 4135 lapsus
1641 4086 1761 4119 cum
1797 4070 2116 4136 quibusdam
2151 4070 2528 4135 interpretibus
2573 4085 2682 4119 uon
2731 4068 3094 4119 extenuandas
3184 4118 3185 4141 Ξ

620 4153 837 4204 nimium
883 4160 987 4217 est,
1044 4170 1201 4219 quem
1247 4154 1533 4219 Apostolus
1582 4158 1698 4221 ipse
1743 4161 1852 4206 tam
1897 4158 2038 4207 serio
2085 4162 2300 4222 tamque
2347 4158 2541 4206 amaris
2595 4156 2830 4205 lacrimis
2867 4156 3093 4214 deflevit3
3184 4188 3185 4223 Ξ

617 4241 693 4289 ita
729 4256 903 4306 neque
942 4240 1315 4305 aggi-avandus
1370 4240 1588 4290 nimitun
1643 4258 1763 4291 cum
1807 4243 1946 4293 aliis.
2001 4242 2257 4308 Adeoque
2313 4244 2510 4307 optime
2562 4242 2719 4291 divus
2771 4242 3093 4307 Augustinus
3184 4224 3185 4273 ἕ

618 4326 803 4391 inquit,
842 4328 899 4375 in
933 4326 1131 4376 Joann.
1156 4326 1255 4375 Ev.
1284 4342 1329 4376 c.
1358 4329 1440 4377 14.
1466 4332 1529 4377 tr.
1556 4328 1746 4391 LXVI,
1773 4331 1823 4378 2.
1847 4346 1900 4395 p.
1927 4332 2044 4379 677.
2109 4330 2261 4389 „Non
2310 4344 2621 4379 accusemus
2660 4328 2946 4387 Christum,
2982 4344 3094 4377 cum

618 4408 948 4461 defendimus
985 4414 1216 4463 Petrum.
1254 4413 1489 4479 Agnovit
1522 4416 1720 4480 quippe
1757 4422 2038 4480 peccatum
2073 4430 2228 4466 suum
2262 4416 2538 4466 infirmitas
2563 4417 2726 4479 Petri,
2764 4424 2818 4468 et
2841 4422 3092 4485 quantum
3184 4412 3185 4433 Ξ

618 4496 743 4547 mali
781 4496 1051 4549 Christum
1104 4500 1351 4565 negando
1398 4502 1742 4564 commiserit,
1795 4502 2057 4567 plorando
2103 4504 2434 4553 monstravit.
2495 4502 2618 4568 Ipse
2667 4518 2792 4554 suos
2829 4502 3095 4567 redarguit

617 4582 921 4634 defensores
973 4590 1027 4635 et
1072 4586 1215 4637 unde
1262 4600 1352 4637 eos
1398 4588 1698 4650 convincat,
1763 4589 2012 4653 producit
2057 4589 2304 4640 lacrimas
2348 4594 2528 4639 testes.
2583 4590 2770 4655 Neque
2823 4606 2922 4641 nos
2977 4604 3094 4638 cum
