3267 5259
1075 470 1300 526 Epistulae
1328 474 1372 515 S.
1393 470 1520 516 Pauli
1550 475 1628 526 Ap.
1660 472 1714 517 ad
1742 472 2006 518 Corinthios.
2656 462 2783 528 397

291 648 752 700 subministrabat.
837 648 1135 715 Utrumque
1193 650 1484 715 Apostolus
1536 665 1634 716 pro
1690 652 1767 700 rei
1821 652 2083 716 gravitate
2137 651 2392 717 expendit
2450 653 2497 713 ⁷,
2561 654 2781 703 12-17.

289 736 499 787 Paulus
535 737 628 802 qui
663 736 870 787 sciebat
903 737 1006 786 sibi
1047 753 1160 803 „qu
1172 752 1248 787 an
1261 740 1392 787 tum
1431 736 1509 787 ad
1547 737 1759 800 haec“,
1798 753 1908 787 nou
1944 743 2190 789 constare
2236 738 2305 788 de
2353 739 2531 788 Verbo
2567 739 2785 789 Domini

291 824 522 889 script03
583 828 762 873 tamen
799 838 908 873 non
945 823 1156 873 dubitat
1192 839 1259 873 ea
1293 822 1540 874 fidelibus
1577 840 1903 890 proponere,
1964 824 2093 889 quid
2127 825 2191 875 iis
2229 824 2494 890 agendum
2539 825 2631 887 sit,
2694 826 2785 890 qui

293 910 582 975 coniugem
617 908 881 959 baberent
914 909 1196 960 infidelem.
1259 910 1590 960 Sententiam
1644 911 1690 961 si
1744 912 2095 976 pensitamus,
2150 927 2259 962 non
2312 910 2445 962 facit
2492 910 2540 961 d.
2579 910 2783 962 Paulus

299 1001 654 1062 potestatem:
691 1001 753 1045 ut
785 995 958 1047 fidelis
994 996 1184 1047 mulier
1217 996 1419 1046 infideli
1455 996 1651 1059 nubat,
1700 998 1786 1047 vel
1828 1002 2013 1047 contra
2046 998 2129 1048 vir
2162 996 2335 1049 fidelis
2370 1013 2587 1048 uxorem
2624 998 2787 1048 ducat

257 1080 589 1146 ‚infidelem3
627 1082 724 1132 sed
748 1088 954 1133 tantum
977 1082 1152 1145 iubet,
1191 1084 1285 1148 qui
1322 1089 1474 1133 ante
1511 1090 1831 1150 suscepta
1867 1083 2127 1135 Christi
2164 1099 2360 1135 sacra
2394 1085 2783 1135 matrimonium

291 1170 545 1231 inierant,
584 1170 870 1235 coniugum
906 1170 961 1219 in
999 1168 1312 1219 infidelitate
1347 1172 1743 1236 persistentium
1779 1170 2201 1222 imbecillitatem
2224 1170 2472 1233 tolerare,
2508 1172 2785 1237 proposita

293 1270 396 1320 spe
433 1255 622 1305 salutis
653 1257 905 1322 ipsorum.
943 1254 1144 1305 Saltem
1181 1255 1344 1319 addit,
1382 1255 1478 1306 filii
1514 1272 1578 1307 ex
1602 1256 1707 1307 hoc
1732 1258 1981 1324 coniugio
2005 1258 2118 1307 nati
2142 1258 2547 1324 regeneratione
2573 1257 2783 1307 Christo

289 1356 490 1391 nomen
526 1341 746 1405 dabunt,
793 1342 934 1408 quod
970 1358 1078 1393 non
1115 1340 1279 1405 fieret,
1317 1344 1362 1393 si
1405 1359 1512 1393 uno
1557 1344 1807 1395 credente
1843 1344 2225 1395 dissociaretur
2266 1346 2585 1410 coniugium.
2649 1343 2781 1394 Cum

289 1428 480 1493 itaque
504 1430 894 1480 matrimonium
919 1428 1221 1480 Christiano
1249 1430 1494 1481 dirimere
1519 1444 1862 1497 nequaquam
1892 1431 2069 1493 liceat,
2108 1431 2231 1497 quid
2260 1446 2295 1482 a
2318 1430 2463 1481 fideli
2500 1431 2781 1497 agendum,

288 1516 336 1565 si
375 1514 604 1567 infidelis
643 1516 855 1567 deserat
899 1516 1142 1567 fidelem?
1198 1517 1461 1567 Deserere
1497 1522 1677 1567 autem
1720 1524 1966 1569 censetur
2000 1518 2253 1582 infidelis,
2302 1520 2511 1584 quoties
2556 1524 2783 1569 conatur

286 1602 506 1652 fidelem
541 1602 847 1669 pertrahere
883 1603 952 1653 ad
987 1604 1338 1669 impietatem;
1377 1608 1506 1653 tunc
1542 1604 1614 1654 ad
1648 1603 1808 1655 fidem
1844 1619 2102 1655 converso
2140 1610 2378 1671 potestas
2414 1604 2510 1655 fiat
2544 1621 2581 1655 a
2604 1607 2781 1671 priore

293 1690 548 1755 coniugio
586 1689 886 1754 recedendi,
925 1696 979 1741 et
1013 1691 1306 1741 secundum
1343 1706 1463 1741 cum
1499 1690 1645 1741 fideli
1680 1691 1917 1741 ineundi.
1977 1692 2059 1742 Ne
2094 1696 2273 1742 tamen
2308 1692 2445 1743 forte
2482 1692 2587 1758 ipsi
2632 1692 2781 1742 Chri-

291 1777 459 1827 stiani
496 1775 777 1827 discordiis
815 1792 999 1828 ansam
1037 1777 1380 1844 praeberent,
1420 1784 1583 1845 atque
1618 1778 1754 1829 adeo
1792 1779 2074 1829 divortium
2110 1779 2465 1841 concitarent,
2504 1794 2597 1830 eos
2634 1780 2781 1830 obte-

291 1868 500 1915 statur:
555 1868 618 1913 ut
665 1864 878 1929 qualem
931 1880 1364 1930 unumquemque
1417 1865 1649 1915 voluerit
1685 1881 1803 1916 esse
1838 1865 1989 1917 Deus
2024 1866 2185 1915 talem
2240 1882 2299 1916 se
2355 1867 2583 1932 quisque
2636 1866 2779 1916 exhi-

289 1950 438 2013 beat,
474 1950 796 2017 divinaeque
833 1951 1102 2001 vocationi
1138 1967 1234 2017 pro
1271 1950 1412 2001 virili
1447 1951 1787 2017 respondeat.
1824 1952 2023 2002 Verum
2057 1951 2195 2001 haec
2230 1951 2576 2017 amplioribus
2601 1951 2779 2018 dispu-

287 2036 590 2087 tationibus
643 2037 956 2103 expediunt:
1019 2036 1352 2087 Christianus
1399 2052 1434 2087 a
1467 2054 1510 2089 s.
1549 2038 1773 2101 Ursula,
1834 2038 1900 2089 de
1937 2040 2165 2104 coniuge
2201 2037 2403 2087 infideli
2439 2038 2583 2089 facto
2620 2038 2781 2089 fideli.

287 2122 483 2173 Bamb.
511 2125 662 2175 1782.
699 2124 762 2174 A.
787 2124 1000 2189 Jaeger,
1027 2124 1152 2175 Uut.
1179 2124 1248 2174 ob
1275 2124 1360 2174 die
1383 2124 1801 2190 Ehescheidung
1820 2140 1875 2175 n.
1901 2124 2073 2175 Lehre
2100 2126 2149 2175 d.
2175 2123 2226 2175 h.
2261 2124 2384 2175 Sch.
2420 2140 2473 2175 u.
2508 2125 2561 2175 d.
2585 2125 2781 2175 Kirche

289 2209 390 2259 alt.
417 2208 608 2261 Gesch.
637 2210 845 2261 erlaubt
869 2210 962 2261 sei.
998 2210 1358 2261 Rudolfstadt.
1389 2212 1538 2261 1804.
1574 2211 1626 2261 J.
1652 2212 2039 2274 Kistemacker,
2064 2212 2233 2277 Exeg.
2258 2212 2395 2262 Abh.
2422 2213 2557 2262 iiber
2590 2211 2779 2263 Matth.

291 2298 380 2357 16,
407 2298 488 2347 18.
513 2299 563 2346 9.
595 2312 647 2347 ιι.
685 2298 766 2359 19,
793 2300 981 2347 3-12.
1017 2297 1214 2347 Mtinst.
1257 2300 1406 2348 1808.
1452 2298 1504 2347 J.
1529 2298 1592 2348 A.
1627 2298 1829 2360 Braun,
1868 2298 1993 2349 diss.
2030 2302 2209 2348 utrum
2244 2300 2561 2349 matrimonii
2596 2300 2780 2349 vincu—

285 2382 404 2433 lum
439 2382 496 2432 in
531 2398 664 2435 casu
699 2384 981 2434 adulterii.
1003 2421 1017 2434 .
1041 2422 1052 2433 .
1091 2383 1376 2434 insolubile
1411 2386 1496 2434 sit.
1545 2385 1797 2435 Diisseld.
1828 2387 1981 2436 1807.
2018 2403 2069 2451 p.
2106 2386 2223 2435 113.
2256 2401 2298 2435 s.
2336 2386 2387 2435 J.
2422 2386 2483 2435 L.
2522 2386 2675 2452 Hug,
2714 2387 2779 2436 de

293 2471 538 2536 coniugii
574 2469 682 2521 chr.
725 2470 955 2522 vinculo.
1025 2472 1168 2521 Frib.
1209 2472 1359 2522 1816.
1407 2488 1460 2537 p.
1491 2473 1570 2522 18.
1609 2488 1653 2523 s.
1705 2471 1986 2535 Binterim,
2024 2478 2077 2522 fl.
2110 2472 2227 2522 Ehe
2264 2488 2315 2522 u.
2350 2470 2779 2538 Ehescheidung.

289 2556 460 2607 Diiss.
498 2558 650 2607 1819.
705 2557 782 2607 Id.
815 2559 902 2607 De
949 2558 1198 2609 libertate
1243 2558 1482 2624 coniugis
1527 2558 1757 2609 infidelis
1792 2559 1969 2608 factae
2005 2558 2177 2609 fidelis
2214 2574 2301 2624 qu.
2340 2562 2551 2609 retract.
2614 2558 2781 2609 Confl.

290 2644 448 2693 1834.
485 2660 538 2709 p.
565 2645 610 2694 ⁷.
637 2659 680 2694 s.
717 2645 770 2696 J.
797 2646 1016 2711 Zenger,
1054 2661 1105 2695 n.
1141 2644 1382 2695 Versuch
1409 2660 1454 2695 e.
1482 2661 1531 2710 g.
1557 2644 1708 2695 Erkl.
1736 2645 1829 2695 der
1854 2644 1929 2695 St.
1956 2645 2007 2695 d.
2032 2645 2085 2695 h.
2111 2644 2232 2695 Sch.
2260 2646 2461 2695 welche
2488 2662 2535 2695 v.
2564 2646 2613 2696 d.
2640 2646 2779 2695 Ehe-

289 2730 590 2797 scheidung
625 2731 875 2782 handelu.
914 2731 1125 2782 Straub.
1154 2734 1304 2782 1819.
1341 2732 1394 2782 J.
1419 2732 1665 2795 Werner,
1701 2733 1759 2781 in
1792 2732 1943 2782 Pletz
1978 2748 2029 2781 n.
2064 2731 2138 2781 th.
2176 2732 2431 2783 zeitschr.
2473 2734 2624 2783 1839.
2660 2732 2779 2783 XII.

289 2818 346 2879 b,
377 2819 494 2867 278.
519 2834 562 2868 s.
599 2820 732 2869 etin
757 2816 916 2881 Seitz,
953 2818 1206 2869 Zeitschr.
1242 2820 1294 2869 d.
1327 2819 1604 2869 Kirchenr.
1642 2820 1773 2884 Reg.
1811 2820 1961 2869 1843.
1998 2818 2069 2868 11.
2108 2822 2157 2881 2,
2196 2821 2311 2870 135.
2346 2834 2389 2869 s.
2426 2824 2589 2885 atque
2624 2808 2691 2870 U.
2730 2819 2781 2869 d.

288 2908 525 2955 neutest.
561 2904 1162 2971 Ehetrennungsgrund.
1197 2906 1330 2971 Reg.
1371 2908 1520 2957 1845.
1557 2923 1608 2971 p.
1633 2908 1719 2956 46.
1745 2920 1788 2955 s.
1829 2905 2100 2970 Schleyer,
2125 2910 2177 2955 fl.
2204 2906 2253 2955 d.
2280 2910 2505 2956 neutest.
2531 2905 2705 2957 Lehre
2730 2924 2781 2957 ν.

289 2990 345 3039 d.
375 2990 694 3042 Unaussosb.
721 2991 770 3041 d.
795 2991 929 3041 Ehe.
955 2992 1134 3042 Freib.
1157 2994 1308 3043 1844.
1344 2992 1407 3042 Α.
1434 2992 1500 3042 de
1525 2988 1870 3058 Roskovany,
1910 2992 1975 3043 de
1998 2994 2336 3044 matrimonio
2362 2994 2417 3043 in
2451 2991 2603 3043 Eccl.
2639 2993 2779 3044 cath.
2814 3028 2823 3037 ·

287 3078 432 3142 Aug.
467 3077 623 3127 Vind.
671 3078 820 3128 1840.
859 3079 930 3140 ΙΙ,
972 3080 1086 3128 152.
1122 3096 1164 3129 s.
1202 3080 1316 3129 184.
1354 3095 1396 3129 s.
1433 3079 1486 3129 J.
1521 3080 1756 3129 Perrone
1792 3078 1845 3129 S.
1878 3079 1950 3140 J.,
1996 3078 2065 3129 de
2104 3080 2436 3131 matrimonio
2474 3078 2781 3130 christiano·

287 3164 448 3214 Rom.
491 3165 640 3215 1858.
665 3164 764 3228 111,
802 3166 917 3215 162.
943 3181 986 3216 s.
1033 3180 1082 3216 a.
1116 3164 1360 3226 Frenzel,
1397 3165 1464 3215 de
1497 3164 1969 3216 indissolubilitate
2000 3166 2339 3216 matrimonii.
2374 3166 2601 3216 Paderb.
2630 3168 2780 3217 1863.

289 3267 346 3316 p.
379 3251 459 3300 15.
485 3266 528 3301 s.
563 3252 646 3301 39.
672 3266 714 3301 s.

505 3340 753 3407 Diqroeaio
803 3340 881 3392 II.
933 3338 974 3392 b.
1010 3340 1174 3392 Pauli
1207 3340 1463 3399 monitum,
1511 3346 1568 3391 ut
1608 3340 1838 3393 mulieres
1886 3340 1943 3392 in
1987 3340 2213 3393 Ecclesia
2256 3340 2359 3392 sint
2402 3340 2561 3392 velato
2606 3341 2779 3410 capite.

289 3424 418 3475 Non
453 3424 592 3475 idem
629 3424 730 3475 fuit
761 3426 902 3475 inter
934 3430 1123 3491 gentes
1159 3424 1372 3475 habitus
1421 3424 1701 3475 mulierum
1744 3426 1801 3475 in
1849 3424 2119 3490 publicum
2174 3424 2575 3491 prodeuntium3
2636 3426 2779 3492 apud

289 3509 582 3577 plerasque
635 3516 814 3561 tamen
867 3511 1134 3577 ingenuae
1190 3526 1254 3561 ac
1307 3512 1540 3577 virgines
1593 3511 1862 3562 velatae
1916 3511 2253 3561 incedebant.
2309 3511 2443 3561 Cum
2488 3512 2539 3563 d.
2576 3512 2779 3563 Paulus

289 3598 636 3662 cognovisset
667 3600 892 3649 feminas
930 3598 1172 3649 Corinthi
1207 3598 1350 3649 nudo
1389 3599 1565 3664 capite
1601 3600 1657 3648 in
1695 3605 1881 3649 coetus
1918 3599 2156 3665 prodire;
2217 3598 2274 3648 id
2306 3598 2651 3649 vehementer
2686 3614 2779 3650 eas

291 3684 556 3734 dedecere
591 3684 798 3747 scribit,
849 3690 1136 3751 monetque
1171 3690 1233 3735 ut
1266 3684 1540 3735 velatae
1577 3684 1646 3734 ad
1682 3684 1926 3750 publicas
1965 3686 2233 3735 orationes
2272 3686 2549 3736 accedant.
2586 3686 2629 3734 1.
2656 3685 2777 3737 Cor.

294 3773 380 3834 11,
407 3773 593 3821 3—16.
651 3770 924 3822 Connexio
961 3772 1118 3823 huius
1155 3772 1260 3823 loci
1297 3771 1612 3821 difficillima
1648 3773 1725 3821 sic
1762 3770 1952 3823 habet:
2001 3772 2289 3837 Apostolus
2318 3774 2399 3834 11,
2425 3775 2473 3822 3.
2526 3789 2630 3838 quo
2668 3788 2779 3823 rem

291 3872 450 3908 suam
503 3858 692 3910 fortius
747 3860 972 3921 evincat,
1046 3861 1364 3909 sententiam
1419 3859 1735 3925 praemittit;
1798 3858 1941 3924 quod
1994 3860 2077 3908 vir
2132 3858 2395 3910 Christum
2450 3873 2547 3925 pro
2601 3860 2778 3925 capite

291 3960 588 4009 agnoscere
625 3945 849 4008 debeat,
904 3950 1166 4011 quatenus
1219 3946 1336 4009 ipse
1389 3945 1693 3995 immediate
1731 3958 1765 3993 a
1802 3944 2037 4007 Christo,
2093 3946 2181 3994 cui
2232 3946 2396 3995 Pater
2448 3960 2669 4010 regnum
2722 3947 2777 3995 in

291 4046 485 4081 manus
522 4032 683 4095 dedit,
721 4035 936 4098 regitur.
973 4032 1044 4082 H.
1070 4049 1113 4083 s.
1137 4031 1329 4081 mulier
1366 4030 1634 4082 Christum
1670 4047 1779 4082 non
1816 4031 1979 4081 habet
2014 4046 2109 4097 pro
2136 4032 2342 4097 capite3
2380 4035 2644 4097 quatenus
2668 4045 2778 4082 non

291 4117 598 4168 immediate
646 4132 680 4167 a
725 4118 967 4181 Christo,
1013 4118 1110 4169 sed
1151 4117 1380 4169 mediate
1417 4117 1452 4167 i.
1491 4134 1536 4168 e.
1574 4133 1671 4184 per
1705 4118 1877 4167 virum
1912 4118 2127 4182 regitur.
2190 4117 2361 4182 Atque
2411 4134 2441 4167 e
2486 4118 2779 4182 praemisso

293 4204 456 4253 effato
493 4220 542 4254 v.
578 4207 626 4254 4.
663 4205 848 4268 insert,
887 4204 1032 4270 quod
1067 4204 1150 4253 vir
1185 4205 1384 4267 omnis,
1433 4205 1524 4270 qui
1561 4218 1749 4270 preces
1786 4209 1881 4254 aut
1913 4202 2219 4269 prophetias
2255 4202 2494 4254 dicturus
2530 4200 2777 4264 ,,κατακά-

289 4286 504 4357 λυμμαί*
553 4291 608 4340 in
645 4292 820 4357 capite
865 4295 1041 4357 gerat,
1088 4306 1243 4341 suum
1291 4295 1456 4356 caput
1499 4290 1803 4341 dedecorat.
1862 4289 2093 4340 Proinde
2130 4290 2211 4339 vir
2246 4289 2457 4339 velatus
2504 4304 2623 4341 esse
2670 4306 2777 4340 non

293 4382 488 4443 potest,
534 4378 664 4441 quin
711 4393 810 4427 suo
857 4378 1026 4443 ipsius
1063 4379 1226 4443 capiti
1270 4378 1306 4427 i.
1343 4392 1389 4427 e.
1434 4377 1568 4427 Jesu
1614 4377 1825 4428 Christo
1870 4377 2215 4442 ignominiam
2265 4382 2477 4439 causet3
2528 4378 2777 4442 quoniam

292 4465 472 4529 capite
507 4464 835 4514 muliebriter
867 4465 1143 4527 instructo,
1183 4464 1338 4530 quasi
1371 4464 1428 4513 in
1464 4463 1714 4514 feminam
1748 4478 1807 4513 se
1844 4462 2199 4513 transformet.
2258 4462 2343 4512 Ex
2388 4462 2577 4513 eodem
2616 4479 2776 4529 porro

293 4550 454 4601 effato
480 4550 684 4616 colligit
706 4565 755 4601 v.
776 4551 825 4600 5.
852 4552 1094 4616 quamvis
1117 4549 1391 4600 mulierem
1415 4552 1462 4599 si
1487 4556 1651 4616 caput
1674 4550 1817 4601 haud
1842 4550 2131 4616 cooperiat,
2158 4565 2266 4600 non
2290 4549 2447 4601 modo
2468 4551 2778 4601 indecenter

291 4652 354 4687 se
390 4652 601 4703 gerere,
649 4636 746 4687 sed
783 4638 943 4687 etiam
979 4642 1148 4687 semet
1191 4636 1347 4703 quasi
1393 4636 1450 4687 in
1483 4638 1657 4687 virum
1703 4635 2093 4700 commutando,
2140 4638 2497 4689 necessariam
2532 4638 2589 4687 in
2622 4652 2777 4688 suum
