3267 5259
1151 416 1434 457 chronotaxis
1459 414 1725 467 Apo-tolia.
2504 402 2683 453 XCIII

203 602 326 651 tem
354 591 574 652 fidem
609 594 872 655 Romae
901 596 1176 671 primus
1217 598 1401 656 Nero
1432 599 1905 657 cruentavit.‘
1968 598 2132 657 Tunc
2158 599 2369 655 Petrus
2400 599 2473 655 ab
2503 597 2686 656 altero

200 698 444 770 cingitur
466 718 604 757 cum
629 702 788 758 cruci
817 701 1234 774 adstringitur3
1271 708 1412 760 tunc
1440 702 1663 760 Paulus
1695 702 1957 762 civitatis
1988 703 2282 760 Romanae
2313 703 2687 780 consequitur

201 803 597 875 nativitatem,
654 824 787 862 cum
834 805 962 863 illic
1006 807 1279 882 martyrii
1330 782 1657 864 renascitur
1686 807 2112 881 generositate!
2175 807 2619 864 Prudentius
2646 805 2682 877 ¹,

201 926 326 963 vero
349 909 537 965 canit:
573 908 804 978 ,Prima
827 910 1070 967 Petrum
1092 911 1293 986 rapuit
1315 912 1607 969 sententia
1629 911 1857 985 legibus
1882 912 2149 983 Neronis,
2186 912 2433 985 pendere
2464 911 2685 969 iussum

201 1013 590 1085 praeminente
621 1012 837 1086 ligno‘3
871 1018 930 1071 et
958 1015 1097 1071 inde
1128 1016 1198 1071 de
1228 1036 1272 1072 s.
1293 1014 1510 1072 Paulo:
1546 1014 1647 1086 ,Ut
1680 1020 1829 1073 teres
1876 1016 2031 1073 orbis
2063 1015 2177 1073 iter
2206 1014 2351 1072 flexi
2389 1020 2517 1073 rota
2554 1034 2685 1090 per-

200 1115 442 1172 cucurrit
473 1116 644 1187 anni,
679 1116 949 1195 diemque
979 1119 1226 1175 eundem
1257 1118 1342 1175 sol
1373 1120 1611 1176 reduxit
1638 1124 1828 1189 ortum
1862 1118 2081 1177 evomit
2115 1120 2177 1175 in
2209 1118 2481 1193 iugulum
2512 1119 2684 1177 Pauli

203 1218 340 1275 Nero
377 1219 684 1277 fervidum
721 1222 995 1291 furorem,
1047 1224 1208 1279 iubet
1247 1222 1414 1279 feriri
1452 1222 1721 1296 gentium
1761 1223 2150 1297 magistrum‘.
2214 1218 2687 1281 Lactantius²

201 1322 418 1379 scribit:
451 1324 694 1402 ‚Itaque
723 1331 851 1401 post
882 1325 1122 1383 illorum
1152 1326 1398 1397 obitum,
1433 1345 1564 1384 cum
1595 1346 1689 1384 eos
1708 1328 1864 1385 Nero
1896 1326 2300 1393 interemisset,
2327 1327 2366 1383 J
2368 1328 2685 1385 udaeorum

203 1446 394 1483 nomen
445 1434 504 1485 et
557 1435 796 1502 gentem
829 1430 1218 1505 Vespasianus
1249 1430 1582 1488 exstinxit‘.
1638 1431 1695 1488 S.
1727 1431 1764 1487 J
1778 1451 2041 1489 oannes
2092 1431 2641 1507 chrysostomus
2662 1428 2685 1467 ³

203 1530 334 1587 belle
364 1532 478 1589 ait:
523 1534 686 1603 ,Non
717 1534 806 1591 ita
834 1534 1102 1609 splendet
1131 1534 1352 1593 coelum
1385 1553 1516 1591 cum
1549 1534 1741 1592 radios
1770 1534 1856 1592 sol
1887 1534 2125 1605 emittit,
2177 1540 2241 1592 ut
2286 1534 2683 1593 Romanorum

203 1638 328 1691 urbs
353 1636 496 1694 duas
539 1637 681 1696 illas
723 1638 988 1695 lucernas
1027 1640 1246 1695 habens
1285 1658 1388 1714 per
1425 1644 1615 1696 totum
1657 1640 1855 1696 orbem
1894 1638 2083 1696 lucem
2126 1638 2474 1696 emittentes.
2525 1638 2686 1696 Hinc

205 1740 448 1813 rapietur
477 1742 726 1812 Paulus,
773 1742 914 1799 hinc
950 1743 1178 1800 Petrus,
1241 1742 1506 1815 Cogitate
1535 1747 1594 1800 et
1623 1743 2045 1813 exhorrescite,
2094 1744 2247 1820 quod
2292 1742 2683 1818 spectaculum

205 1844 388 1901 visura
419 1846 498 1903 sit
530 1844 724 1904 Roma
740 1891 755 1918 ‚
807 1846 1058 1905 Paulum
1105 1846 1377 1904 videlicet
1409 1853 1647 1921 repente
1700 1866 1775 1904 ex
1821 1846 1929 1905 illa
1972 1848 2141 1905 theca
2185 1852 2581 1921 resurgentem
2626 1850 2685 1903 et

206 1948 482 2006 sublatum
513 1951 582 2007 in
615 1970 918 2009 occumum
949 1951 1234 2009 Domini.‘
1295 1952 1446 2009 Eus
1464 1952 1643 2008 ebiu
1661 1972 1688 2008 s
1734 1952 1958 2009 Caesar.
1984 1948 2009 1988 ⁴
2040 1956 2315 2009 annotat:
2351 1950 2468 2022 ,Sic
2498 1950 2685 2023 igitur

205 2053 448 2111 omnium
479 2054 682 2112 divini
713 2054 976 2112 numinis.
1006 2056 1264 2113 hostium
1315 2054 1583 2131 princeps
1634 2060 1691 2113 et
1739 2055 2157 2129 antesignanus
2188 2054 2373 2125 Nem,
2422 2055 2488 2111 in
2531 2054 2683 2129 ipsos

209 2156 366 2215 etiam
425 2158 737 2234 Apostolos
797 2159 1026 2217 saeviit.
1111 2162 1201 2218 Ac
1259 2159 1478 2217 Paulus
1538 2159 1775 2237 quidem
1834 2158 2050 2217 Romae
2111 2159 2301 2234 capite
2354 2162 2678 2229 truncatus,

211 2258 398 2319 Petrus
432 2283 574 2321 vero
607 2262 772 2322 cruci
811 2262 1062 2321 suffixus
1091 2265 1287 2321 eodem
1318 2268 1602 2337 regnante
1632 2264 1990 2321 traduntur!
2056 2264 2131 2319 In
2170 2263 2456 2321 Chronico
2488 2268 2682 2320 autem

209 2364 270 2419 ad
311 2384 360 2423 a.
397 2371 496 2425 14.
548 2370 808 2426 Neronis
855 2370 1066 2427 tradit:
1116 2368 1368 2439 ,Primus
1415 2368 1572 2425 Nero
1613 2388 1787 2443 super
1833 2367 2031 2425 omnia
2082 2366 2298 2425 scelera
2347 2386 2456 2423 sua
2506 2367 2685 2423 etiam

211 2474 652 2541 persecutionem
712 2475 776 2530 in
827 2472 1188 2531 Christianos
1245 2472 1418 2543 facit,
1481 2474 1545 2529 in
1607 2491 1725 2550 qua
1776 2472 1986 2529 Petrus
2047 2479 2105 2529 et
2162 2470 2381 2529 Paulus
2440 2470 2685 2543 gloriose

215 2570 408 2631 Romae
459 2576 950 2636 occubuerunt‘5.
1021 2578 1081 2635 S.
1130 2574 1736 2653 Hieronymusss,
1794 2576 1995 2633 effert:
2034 2574 2231 2647 ·,Quid
2283 2576 2485 2645 Petr0,
2542 2574 2683 2652 quid

213 2673 376 2735 Paulo
405 2681 756 2739 sublimius?
783 2682 1146 2740 Neroianum
1177 2680 1438 2755 gladium
1470 2682 1898 2738 cruentarunt.‘
1942 2679 2109 2737 Idem
2140 2678 2199 2737 S.
2232 2679 2407 2737 Pater
2424 2676 2445 2715 ⁷
2475 2679 2679 2737 habet:

215 2778 456 2847 ‚Romam
508 2789 708 2862 pergit
750 2786 950 2864 ibique
1005 2791 1106 2843 25.
1157 2788 1328 2844 annis
1381 2786 1718 2843 cathedram
1762 2783 2177 2843 sacerdotalem
2224 2784 2445 2853 tenuit,
2504 2803 2684 2861 usque

216 2885 276 2939 ad
319 2886 592 2947 ultimum
643 2910 866 2949 annum
910 2890 1162 2948 Neronis
1209 2890 1250 2947 i.
1293 2910 1343 2948 e.
1393 2890 1683 2947 decimum
1730 2895 2027 2967 quartum.
2098 2890 2153 2945 A
2199 2908 2312 2966 quo
2360 2894 2419 2945 et
2466 2887 2683 2945 affixus

215 2990 378 3061 cruci,
432 2996 728 3071 martyrio
779 3002 1083 3053 coronatus
1137 2998 1220 3052 est
1241 3040 1254 3066 ,
1312 2994 1501 3069 capite
1555 2994 1626 3051 ad
1682 2998 1902 3051 terram
1952 3012 2118 3051 verso
2137 3038 2150 3064 ,
2207 2998 2265 3050 et
2317 2992 2381 3050 in
2434 2991 2682 3050 sublime

217 3094 432 3165 pedibus
463 3098 741 3172 elevatis,
791 3118 1046 3157 asserens
1098 3118 1158 3155 se
1189 3096 1528 3171 indignum,
1579 3099 1685 3175 qui
1714 3096 1797 3155 sic
1827 3096 2269 3170 crucifigeretur
2296 3100 2365 3153 ut
2396 3096 2683 3153 Dominus

215 3216 352 3255 snus.
409 3202 690 3279 Sepultus
749 3204 968 3261 Romae
1025 3203 1092 3261 in
1153 3202 1468 3271 Vaticano,
1533 3204 1707 3259 iuxta
1766 3201 1925 3259 viam
1990 3199 2438 3275 triumphalem,
2503 3201 2683 3256 totius

219 3302 354 3359 orbis
401 3306 780 3365 veneratione
830 3307 1198 3365 celehmtm‘.
1257 3306 1319 3364 S.
1353 3306 1689 3363 Asterius
1739 3308 2133 3362 Amasenus
2155 3349 2169 3376 ,
2226 3303 2683 3361 luculentissime

218 3404 362 3465 docet
399 3413 506 3469 sub
543 3410 775 3469 Nerone
807 3412 1222 3486 Apostolorum
1250 3411 1554 3485 Principes
1581 3409 1839 3485 palmam
1870 3409 2145 3483 martyrii
2177 3408 2412 3481 adeptos
2442 3406 2620 3464 fuisse
2637 3404 2679 3465 ³³.

223 3512 506 3571 Amasaeae
541 3515 859 3590 Episcopus
889 3516 959 3572 de
989 3535 1034 3571 S.
1053 3514 1236 3573 Paulo
1266 3532 1588 3571 sermonem
1617 3512 1835 3571 faciens
1867 3512 1955 3569 ita
1984 3511 2309 3569 concludit:
2347 3511 2679 3589 ,Postquam

221 3616 538 3676 universum
579 3620 1030 3697 circumquaque
1058 3618 1317 3675 lustrans
1348 3619 1574 3689 orbem,
1617 3636 1687 3675 ac
1713 3636 2036 3673 sermonem
2064 3636 2239 3692 super
2268 3615 2681 3673 candelabrum

225 3734 440 3793 ponens,
489 3725 796 3797 ingentem
841 3723 1208 3797 evangelicae
1254 3710 1610 3796 cognitionis
1650 3740 1719 3779 ac
1762 3720 2037 3779 scientiae
2082 3721 2433 3779 accendisset
2462 3720 2678 3793 ignem,

225 3818 439 3883 Romam
469 3828 700 3901 regiam
729 3828 936 3885 urbem
967 3829 1132 3903 petit,
1167 3832 1236 3885 ut
1265 3828 1674 3885 universorum
1705 3826 1967 3883 dominos
1997 3825 2221 3896 docens,
2256 3842 2324 3881 ac
2351 3826 2417 3881 in
2448 3828 2681 3881 senten-

2226 3940 2245 3969 0

407 4069 440 4135 ¹)
477 4069 904 4134 Peristephanon
941 4069 992 4118 h.
1029 4068 1148 4129 XII,
1191 4070 1270 4117 15.
1309 4082 1349 4117 s.
1387 4084 1440 4133 p.
1479 4068 1595 4116 246.
1627 4082 1669 4116 s.
1721 4066 1761 4129 2)
1800 4066 1972 4116 Instit.
2008 4066 2113 4115 div.
2149 4065 2241 4127 IV,
2272 4067 2351 4115 12.
2390 4080 2442 4129 p.
2480 4065 2597 4111 210.
2635 4064 2680 4111 1.

229 4146 262 4203 ³!
297 4151 386 4219 Ep.
421 4156 490 4205 ad
530 4156 683 4205 Rom.
721 4155 946 4217 XXXII,
988 4158 1033 4205 1.
1071 4155 1164 4218 IX,
1204 4157 1319 4206 757.
1391 4154 1432 4219 ⁴)
1469 4154 1538 4202 H.
1577 4154 1641 4201 Ε.
1678 4153 1750 4215 ΙΙ,
1788 4154 1871 4203 25.
1909 4168 1961 4217 p.
2000 4154 2081 4201 67.
2144 4152 2186 4215 ⁵)
2224 4150 2326 4200 Ed.
2362 4148 2499 4197 Van.
2537 4147 2682 4212 VIII,

230 4236 326 4285 1373.
375 4240 412 4305 ⁸)
448 4243 552 4308 Ep.
581 4243 663 4291 68.
713 4241 782 4291 ad
821 4240 1162 4291 Castrutium.
1201 4258 1252 4307 p.
1279 4242 1396 4289 410.
1457 4240 1498 4305 ⁷)
1537 4240 1620 4289 De
1672 4241 1765 4288 vir.
1803 4238 1875 4289 ill.
1903 4254 1947 4287 c.
1978 4240 2021 4287 1.
2060 4236 2143 4286 ed.
2180 4236 2417 4286 Fabricii
2454 4250 2501 4299 p.
2532 4236 2611 4284 18.
2638 4250 2680 4284 s.

230 4320 262 4372 Β»
296 4325 428 4377 Obiit
461 4329 516 4379 S.
553 4330 796 4379 Asterius
834 4345 880 4379 c.
920 4342 968 4379 a.
1006 4330 1126 4379 400.
1163 4328 1548 4377 Testimonium
1586 4328 1701 4375 eius
1738 4325 1876 4374 hom.
1912 4324 2061 4373 vm.
2103 4324 2155 4371 in
2194 4324 2245 4371 S.
2286 4322 2338 4371 S.
2376 4322 2591 4373 Petrum
2629 4327 2682 4371 et

229 4408 422 4465 Paulum
445 4444 510 4453 —
537 4416 686 4481 apud
723 4414 902 4479 Migne
942 4414 994 4465 S.
1037 4414 1090 4464 S.
1127 4414 1344 4464 Patrum
1391 4413 1775 4479 Aegyptiorum
1824 4426 1987 4475 opera
2033 4410 2223 4459 omnia.
2280 4410 2399 4459 I'ar.
2442 4410 2590 4458 1858.
2628 4426 2679 4475 p.

231 4496 326 4546 207.
358 4514 396 4549 s.
421 4531 480 4539 —
505 4501 718 4552 tamdiu
767 4500 1092 4551 occultatum
1127 4515 1193 4549 ac
1241 4500 1296 4549 in
1342 4498 1568 4549 Graecia
1605 4499 1849 4561 latitans,
1898 4497 2111 4562 dignum
2158 4496 2441 4557 habemus,
2492 4502 2549 4544 ut
2586 4510 2683 4561 per

229 4580 458 4651 integrum
491 4593 802 4640 contextum
840 4602 874 4638 a
909 4587 1064 4637 nobis
1098 4584 1359 4636 laudetur.
