3267 5259
554 427 685 491 270
1312 440 1375 481 De
1402 440 1599 482 fontibus
1626 440 1792 483 Hister.
1823 441 1874 481 D.
1905 440 1959 483 N.
1985 441 2030 482 J.
2061 440 2108 483 C.
2137 452 2288 483 comm.

555 630 665 681 ger,
691 619 743 665 (Ἰ.
770 614 819 665 d.
846 615 1127 681 Ursprung
1164 616 1258 665 der
1292 616 1418 666 kan.
1442 617 1655 682 Evang.
1683 616 1876 683 Stuttg.
1904 618 2054 667 1834.
2082 634 2132 681 p.
2163 618 2279 667 160.
2305 634 2350 667 s.
2398 616 2734 680 Lachmann,
2773 617 2844 667 de
2865 618 3035 667 ordine

556 702 921 751 narrationum
956 702 1011 751 in
1036 702 1135 751 Εν.
1164 701 1403 768 Synopt„
1430 705 1483 753 in
1512 717 1635 752 ann.
1664 702 1812 753 Stud.
1839 719 1892 752 u.
1916 704 2050 752 Krit.
2080 706 2230 753 1835.
2255 720 2308 769 p.
2334 705 2453 754 577.
2479 720 2522 753 s.
2575 702 2703 753 Chr.
2731 704 2801 753 Η.
2827 704 3036 761 Weisse,

557 788 641 838 die
678 788 1189 854 Evangelienfrage,
1235 790 1383 855 Lips.
1430 792 1581 840 1856.
1629 807 1682 855 p.
1730 792 1811 840 78.
1850 807 1892 841 s.
1941 790 2009 842 H.
2047 790 2262 853 Ewald,
2300 789 2595 839 Jahrbiich.
2631 790 2684 839 d.
2723 790 2854 841 bibl.
2891 791 3036 839 ivise.

557 873 701 925 Gett.
730 877 879 925 1849.
918 874 987 937 11,
1015 877 1133 925 214.
1159 890 1202 925 s.
1250 876 1479 939 Kostlin,
1518 878 1708 942 Komp.
1737 876 1788 925 (1.
1814 890 1944 941 sym.
1979 876 2081 925 Ev.
2119 892 2170 942 p.
2198 878 2281 925 55.
2329 877 2396 925 Ε.
2420 876 2612 938 Reuss,
2651 876 2746 926 die
2781 876 2971 927 Gesch.
2995 877 3038 926 d.

558 960 609 1011 h.
636 961 785 1011 Schr-
813 962 863 1011 d.
890 962 955 1012 N.
980 964 1043 1013 Τ.
1069 979 1120 1028 p.
1150 964 1265 1013 176.
1293 978 1335 1013 s.
1382 963 1445 1013 B.
1471 964 1696 1025 Weisse,
1735 963 1790 1012 in
1827 978 1950 1013 ann.
1987 961 2138 1013 Stud.
2173 980 2225 1012 u.
2261 962 2395 1013 Krit.
2432 964 2584 1013 1861.
2615 980 2669 1029 p.
2701 964 2788 1013 88.
2839 963 3036 1026 Tobler,

556 1048 641 1098 die
678 1048 1161 1114 Evangelienfrage
1208 1050 1280 1099 im
1304 1050 1673 1115 Allgemeinen
1709 1066 1764 1100 u.
1801 1050 1852 1100 (1.
1887 1049 2302 1116 Johannisfrage
2347 1050 2486 1100 insb.
2527 1052 2648 1099 Ziir.
2691 1052 2850 1101 1858.
2882 1067 2934 1116 Ρ.
2968 1053 3038 1101 15.

554 1134 805 1201 Freytag,
833 1135 919 1185 die
944 1135 995 1185 h.
1023 1134 1076 1185 S.
1103 1135 1153 1186 (1.
1179 1137 1243 1186 Ν.
1269 1138 1332 1186 Τ.
1358 1136 1542 1186 Berlin
1569 1139 1720 1188 1861.
1755 1154 1808 1204 p.
1843 1140 1892 1187 2.
1931 1154 1974 1189 s.
2007 1136 2072 1185 A.
2107 1136 2330 1197 Reville,
2367 1134 2556 1187 etudes
2592 1152 2667 1186 cr.
2703 1152 2801 1187 sur
2831 1137 2867 1186 l'
2895 1151 3038 1187 evan-

555 1221 665 1286 gile
702 1238 743 1271 s,
795 1220 869 1272 St.
894 1222 1155 1273 Matthieu
1192 1223 1253 1273 L.
1290 1224 1352 1273 B.
1389 1226 1540 1273 1862.
1578 1241 1630 1290 p.
1668 1226 1750 1273 52.
1787 1225 1846 1273 in
1883 1240 1968 1289 op.
2004 1239 2115 1273 soc.
2140 1223 2404 1289 Haganae
2439 1240 2536 1289 pro
2576 1223 2684 1274 des.
2721 1224 2818 1274 rel.
2856 1224 2971 1273 Chr.
3001 1241 3038 1273 s.

554 1304 647 1371 IV,
676 1310 725 1357 3.
751 1310 815 1357 Ε.
843 1309 909 1359 de
932 1309 1183 1373 Muralto,
1210 1308 1367 1360 traite
1404 1326 1496 1361 sur
1531 1310 1586 1360 la
1622 1312 1974 1375 composition
1999 1310 2066 1359 de
2092 1309 2126 1359 l'
2153 1326 2236 1359 ev.
2265 1308 2318 1359 S.
2340 1310 2532 1360 Matth.
2557 1310 2632 1360 ib.
2657 1328 2714 1377 p.
2741 1314 2791 1361 3.
2814 1338 2881 1347 -
2899 1311 3036 1360 doce-

555 1400 679 1444 rent
714 1410 876 1445 voees
916 1389 1011 1457 »τὰ
1044 1392 1224 1464 λόγιαῑ*
1262 1398 1318 1446 in
1342 1411 1507 1462 supra
1541 1397 1763 1447 laudato
1800 1397 2102 1447 testimonio
2129 1398 2330 1461 Papiae
2355 1412 2463 1447 non
2491 1397 2558 1447 de
2581 1398 2706 1463 ipso
2733 1414 2776 1448 s.
2799 1397 3040 1448 Matthaei

555 1482 855 1548 Evangelio
903 1482 1252 1548 intelligenda
1302 1499 1447 1548 esse3
1498 1484 1594 1534 sed
1643 1484 1874 1549 aliquam
1923 1484 2136 1533 nonnisi
2189 1498 2553 1533 sermonum
2609 1484 2648 1533 J
2656 1500 2774 1535 esu
2824 1485 2886 1535 C.
2929 1484 3040 1533 col-

556 1568 913 1619 lectionem
961 1585 1025 1619 ex
1062 1585 1171 1635 qua
1212 1571 1382 1620 serius
1418 1571 1640 1634 additis,
1669 1571 1886 1637 ‘quibus
1932 1584 2067 1621 ansa
2113 1586 2296 1620 eorum
2343 1586 2648 1621 sermonum
2699 1571 3042 1637 explicaretur

556 1655 781 1722 aliisque
817 1657 1213 1707 narrationibus
1249 1658 1634 1722 Evangelium,
1685 1657 1829 1723 quod
1865 1672 1905 1706 s.
1933 1657 2207 1707 Matthaeo
2243 1657 2594 1721 adscribitur,
2640 1660 2884 1723 origines
2929 1672 3042 1707 suas

532 1743 783 1793 ·duxerit.
846 1745 987 1793 Hinc
1021 1748 1141 1795 orta
1166 1749 1248 1795 est
1272 1744 1364 1794 illa
1388 1745 1533 1810 apud
1555 1746 1873 1811 interpretes
1911 1746 2232 1795 recentiores
2273 1744 2379 1805 „de
2419 1745 2644 1811 aliqua
2681 1762 3040 1796 sermonum

526 1828 591 1879 ·J
604 1846 721 1880 esu
760 1830 1195 1885 collectione⁴⁴
1244 1830 1458 1894 fabula,
1505 1832 2054 1897 pervagatissimaque
2103 1832 2172 1880 ad
2219 1836 2430 1881 nostros
2473 1847 2646 1897 usque
2685 1832 2805 1883 dies
2845 1834 3041 1882 mansit.

562 1916 828 1967 Fabulam
883 1922 1060 1967 autem
1109 1917 1249 1967 hanc
1296 1919 1658 1967 coniecturam
1709 1918 1894 1968 merito
1952 1917 2191 1969 dicimus.
2263 1918 2589 1984 Quanquam
2643 1920 2788 1969 enim
2845 1921 3042 1969 nomine

557 2000 813 2072 ,,λογίων“
844 2032 905 2041 -
932 2007 965 2053 i.
994 2020 1039 2054 e.
1069 2006 1381 2071 ,,κυριακῶν“
1408 2010 1467 2054 ut
1490 2005 1545 2053 in
1577 2020 1700 2055 mox
1725 2006 2050 2070 praegressis
2075 2005 2272 2070 Papias
2304 2005 2486 2055 aiebat
2509 2034 2578 2043 -
2603 2022 2704 2071 per
2727 2022 2790 2056 se
2815 2011 3045 2071 spectato

560 2092 773 2156 egregie
821 2090 983 2142 effata
1032 2092 1225 2143 Christi
1274 2092 1535 2157 adpellari
1583 2093 1850 2157 potuisse,
1889 2108 2000 2142 non
2033 2096 2118 2141 est
2151 2091 2294 2157 quod
2329 2093 2384 2139 in
2429 2094 2856 2142 controversiam
2893 2092 3046 2143 addu-

560 2182 742 2241 catur3
779 2183 959 2229 tamen
996 2178 1197 2245 Papiae
1234 2178 1402 2227 verba
1424 2195 1533 2228 non
1562 2180 1640 2229 ita
1675 2178 2008 2243 accipienda,
2045 2183 2116 2227 ut
2154 2178 2332 2227 dicta
2367 2184 2798 2244 opponantur
2837 2180 3045 2239 rebus,

558 2264 654 2315 sed
692 2266 1049 2315 narrationem
1086 2264 1230 2315 haud
1256 2264 1417 2315 dubie
1455 2265 1680 2315 eandem
1717 2264 2034 2330 significare,
2073 2280 2181 2329 qua
2210 2280 2252 2315 s.
2278 2264 2584 2315 Matthaeus
2611 2266 2838 2332 eloquia
2863 2266 3048 2315 Christi

554 2351 741 2416 refert3
792 2350 894 2402 hoc
929 2368 995 2402 ex
1032 2351 1362 2402 connexione
1399 2352 1704 2415 verborum,
1744 2358 1798 2403 et
1833 2368 1896 2401 ex
1935 2352 2000 2401 iis
2038 2366 2176 2417 quae
2211 2353 2450 2417 proxime
2487 2358 2651 2402 antea
2685 2354 2844 2403 iuxta
2880 2354 3044 2403 Euse-

558 2438 705 2487 bium
744 2439 1083 2489 recitavimus
1120 2439 1481 2503 consequitur.
1541 2440 1831 2489 Enimvero
1856 2438 2024 2487 verba
2060 2430 2284 2504 „tsspataz
2319 2435 2595 2506 διαλέκτῳ*
2631 2442 2808 2504 primo
2847 2440 2968 2489 loco
3003 2444 3048 2487 et

560 2541 679 2575 cum
720 2524 957 2590 emphasi
994 2524 1207 2591 prolata
1242 2526 1513 2587 denotant,
1552 2526 1822 2588 Papiam
1857 2542 1982 2575 non
2019 2525 2096 2575 de
2131 2525 2544 2575 collectione
2577 2540 2922 2589 sermonum;
2963 2524 3050 2575 scd

562 2612 627 2661 de
656 2611 859 2662 Libro
882 2612 1239 2678 Evangelii
1265 2612 1573 2663 hebraice
1606 2617 1878 2663 exarato
1902 2613 2110 2678 loqui,
2151 2613 2302 2662 cuius
2328 2614 2664 2663 narrationes
2689 2614 2796 2663 sibi
2828 2616 3052 2679 quisque

560 2704 817 2765 quantum
854 2706 1067 2765 poterat
1100 2701 1157 2749 in
1192 2714 1441 2765 graecum
1478 2700 1766 2761 transtulit,
1804 2700 1975 2749 donec
1999 2727 2065 2735 -
2093 2700 2148 2749 id
2184 2698 2330 2764 quod
2365 2699 2726 2764 supplendum
2765 2706 2850 2749 est
2873 2728 2944 2735 —-
2966 2698 3052 2747 illa

560 2784 713 2835 fieret
729 2787 1099 2851 interpretatio
1120 2800 1330 2852 graeca,
1352 2801 1511 2851 quam
1532 2802 1675 2835 nunc
1696 2790 1950 2837 tenemus.
1989 2787 2180 2851 Itaque
2200 2802 2306 2836 non
2328 2786 2492 2835 effata
2509 2792 2860 2851 opponuntur
2881 2786 3052 2847 rebus,

561 2871 658 2923 sed
694 2872 951 2923 hebraica
988 2872 1171 2938 lingua
1206 2888 1450 2938 graecae.
1512 2873 1648 2922 Nam
1685 2874 1907 2938 Papiam
1955 2873 2238 2938 plurimum
2286 2874 2568 2934 intererat,
2607 2872 2830 2938 eloquia
2865 2873 3052 2923 Christi

562 2972 629 3009 ea
664 2960 835 3009 forma
870 2964 1071 3019 tenere,
1110 2974 1217 3024 qua
1250 2959 1411 3009 Jesus
1448 2961 1564 3025 ipse
1599 2974 1728 3009 usus
1776 2964 1906 3010 erat.
1966 2960 2030 3008 In
2067 2959 2210 3009 hunc
2253 2974 2468 3009 sensum
2505 2960 2732 3024 Papiam
2783 2960 3052 3009 intellexe-

560 3051 685 3095 runt
708 3047 894 3095 etiam:
934 3045 991 3095 C.
1020 3045 1117 3095 Th.
1142 3046 1390 3109 Kuinoel,
1416 3047 1517 3096 Ev.
1542 3046 1729 3096 Matth.
1753 3046 1944 3097 illustr.
1971 3047 2056 3096 ed.
2079 3047 2172 3095 Iv.
2197 3046 2331 3111 prol.
2359 3063 2411 3111 p.
2437 3048 2524 3096 23.
2563 3046 2616 3095 J.
2647 3046 2774 3095 Chr.
2803 3047 3051 3103 Roaiam.

561 3131 687 3182 diss.
722 3132 789 3182 de
826 3132 931 3183 fide
964 3133 1183 3182 Patrum
1218 3134 1273 3182 in
1308 3134 1374 3182 iis
1410 3150 1459 3199 q.
1487 3133 1553 3183 de
1588 3134 1718 3199 orig.
1743 3134 1845 3182 Ev.
1872 3148 1990 3183 can.
2015 3148 2152 3182 mar.
2189 3132 2450 3183 Matthaei
2484 3132 2842 3183 tradiderimt.
2893 3134 3052 3182 Hasn-

564 3221 714 3271 1839.
742 3236 793 3285 p.
824 3221 939 3269 170.
966 3235 1007 3269 s.
1052 3219 1293 3281 Harless,
1320 3219 1583 3270 lucubrat..
1610 3234 1728 3269 can.
1753 3220 1962 3284 Evang.
1989 3224 2157 3284 spect.
2182 3219 2242 3268 P.
2271 3220 2314 3268 1.
2338 3219 2453 3268 Erl.
2481 3220 2634 3269 1841.
2660 3236 2712 3284 p.
2741 3222 2792 3269 4.
2817 3238 2862 3270 s.
2915 3220 3052 3283 Ηυξ,

560 3306 749 3356 Theol.
786 3306 1037 3357 zeitschr.
1072 3306 1250 3355 Freib.
1292 3308 1442 3356 1839.
1476 3307 1519 3355 1.
1558 3310 1601 3367 1,
1643 3308 1726 3355 33.
1761 3322 1804 3355 s.
1852 3306 2055 3369 Liicke,
2091 3306 2146 3355 in
2181 3305 2331 3355 Stud.
2359 3321 2409 3355 u.
2433 3306 2570 3355 Krit.
2600 3308 2753 3357 1833.
2781 3324 2834 3371 p.
2859 3310 2984 3357 5⁰1.
3013 3322 3052 3354 s.

561 3393 898 3455 Frommann,
934 3393 1005 3441 ib.
1047 3393 1197 3442 1840.
1233 3409 1283 3458 p.
1320 3395 1437 3443 912.
1464 3408 1505 3442 s.
1556 3392 1831 3455 Thiersch,
1857 3393 2007 3443 Vers.
2044 3410 2088 3441 z.
2113 3392 2382 3441 VViederh.
2419 3392 2469 3441 d.
2495 3391 2616 3440 hist.
2644 3392 2836 3442 Stand.
2859 3410 2914 3458 p.
2943 3392 3054 3442 186.

560 3479 612 3531 J.
639 3478 971 3542 Kirchhoser,
1000 3479 1528 3543 Quellensammlung
1552 3495 1648 3529 zur
1673 3479 1866 3528 Gesch.
1889 3479 1938 3528 d.
1963 3479 2203 3529 Neutest.
2231 3477 2465 3529 Canons.
2489 3479 2614 3527 Ziir.
2644 3480 2798 3529 1844.
2819 3496 2872 3545 p.
2893 3480 2980 3529 88.
3007 3489 3054 3527 et

564 3567 679 3631 ipse
706 3581 862 3631 quem
887 3566 1090 3615 mireris
1115 3566 1184 3616 D.
1210 3565 1441 3627 Strauss,
1466 3566 1599 3615 Leb.
1623 3566 1677 3615 J.
1705 3565 1786 3615 ed.
1808 3566 1906 3613 111.
1927 3582 1978 3630 p.
2008 3568 2089 3615 73.
2115 3570 2168 3613 et
2190 3566 2248 3614 in
2273 3580 2396 3615 ann.
2420 3565 2474 3614 J.
2499 3565 2538 3614 f.
2561 3566 2704 3614 miss.
2729 3566 2872 3615 Krit.
2903 3566 3052 3615 1834.

560 3670 612 3719 p.
637 3654 752 3701 763.
790 3650 1083 3713 Delitzsch,
1108 3652 1145 3701 l.
1164 3667 1205 3701 s.
1228 3668 1272 3702 c.
1300 3652 1461 3713 Baur,
1488 3652 1621 3701 Krit.
1645 3652 1768 3701 Unt.
1790 3668 1842 3717 p.
1863 3654 1981 3713 580,
2007 3651 2362 3716 Reithmayer,
2383 3650 2524 3700 Einl.
2545 3668 2596 3717 p.
2624 3653 2746 3701 353.
2783 3654 2846 3701 A.
2866 3653 3054 3710 Maior,

559 3738 702 3789 Einl.
740 3755 791 3803 p.
830 3738 911 3787 50.
948 3752 989 3787 s.
1049 3738 1135 3788 W.
1172 3738 1245 3788 M.
1280 3740 1341 3787 L.
1390 3738 1455 3787 de
1488 3739 1696 3799 W'ette‚
1735 3737 1930 3789 Lehrb.
1969 3738 2020 3787 (1.
2057 3738 2108 3787 h.
2143 3738 2196 3786 k.
2239 3738 2551 3803 Einleitung
2595 3739 2650 3787 in
2697 3738 2787 3787 die
2836 3740 3050 3788 Kanon.

560 3825 773 3875 Biicher
811 3825 859 3874 (1.
886 3825 949 3874 N.
976 3825 1047 3873 T.
1066 3825 1149 3875 ed.
1176 3826 1265 3874 VI.
1298 3826 1365 3875 ab
1392 3826 1635 3875 Messner
1671 3830 1724 3875 et
1747 3825 2079 3875 Liinemann.
2117 3824 2316 3875 Berlin.
2349 3826 2501 3874 1860.
2535 3841 2588 3889 p.
2627 3827 2746 3875 197.
2799 3825 3052 3885 Guerike,

564 3911 960 3978 Gesamtgesch.
998 3912 1047 3960 d.
1084 3912 1149 3961 N.
1184 3912 1245 3961 T.
1282 3928 1333 3976 p.
1374 3913 1485 3961 111.
1538 3910 1871 3977 Hilgenfeld,
1921 3911 2016 3961 der
2050 3912 2242 3961 Kanon
2279 3911 2389 3960 und
2427 3911 2512 3960 die
2549 3912 2726 3961 Kritik
2767 3912 2862 3961 des
2899 3912 2969 3961 N.
2993 3911 3051 3959 T.

560 3998 721 4050 Halle
749 4000 899 4049 1863.
926 4015 976 4063 Ρ.
1007 4000 1089 4049 13.
1113 4015 1155 4047 s.
1206 3998 1402 4059 Giider,
1436 3999 1492 4047 in
1518 3999 1736 4063 Herzog
1768 3998 1830 4047 R.
1857 3998 1922 4046 E.
1948 3998 2042 4060 IX,
2073 3999 2187 4047 171.
2215 4013 2257 4047 s.
2295 3996 2480 4061 Bleek,
2515 3998 2660 4047 Einl.
2685 4016 2739 4060 p.
2765 4001 2848 4048 93.
2899 3999 2964 4047 C.
2990 4000 3052 4047 E..

561 4086 851 4149 Luthardt,
899 4084 965 4135 de
1012 4101 1245 4151 compos.
1288 4086 1389 4135 Ev.
1431 4083 1620 4135 Matth.
1665 4101 1718 4149 p.
1765 4086 1814 4133 5.
1885 4085 2025 4145 Quid
2082 4084 2226 4150 quod
2285 4084 2766 4136 luculentissimum
2811 4085 3052 4135 eiusdem

560 4172 815 4238 loquendi
852 4173 1073 4223 rationis
1105 4170 1404 4237 exemplum
1434 4171 1692 4222 habemus
1717 4171 1862 4237 apud
1885 4171 2150 4233 Photium,
2188 4171 2440 4234 Biblioth,
2467 4170 2584 4221 cod.
2613 4174 2732 4221 228.
2761 4172 2844 4221 ed.
2867 4172 3054 4237 Migne

560 4277 613 4326 p.
640 4261 759 4309 966.
796 4260 889 4309 ubi
926 4260 980 4307 in
1020 4274 1094 4308 or.
1122 4274 1163 4309 s.
1186 4258 1454 4321 Ephraem
1493 4258 1698 4323 Theop.
1722 4258 1866 4307 Patr.
1893 4262 2060 4307 toturn
2096 4258 2513 4323 Evangeliorum
2550 4273 2746 4323 corpus
2785 4258 2853 4307 ab
2891 4274 3052 4323 argu-

564 4350 741 4395 mento
778 4344 1061 4411 principali
1100 4338 1195 4406 „rit
1230 4338 1433 4411 κυριακὰ
1466 4340 1646 4411 λόγια“
1684 4350 1922 4393 vocatur.
1977 4346 2129 4405 Quae
2161 4360 2281 4394 cum
2317 4346 2394 4394 ita
2427 4346 2548 4407 sint,
2586 4360 2695 4395 non
2724 4350 2906 4410 potest
2945 4360 3054 4394 non

562 4430 813 4481 affirmari
849 4433 1061 4481 nornine
1100 4428 1357 4499 ,,λογίων“
1394 4431 1752 4495 Evangelium
1787 4448 1828 4481 s.
1853 4430 2143 4493 Matthaei,
2189 4446 2288 4481 ceu
2325 4432 2664 4495 scriptionem
2701 4436 2758 4480 et
2791 4432 2966 4481 verba
3001 4438 3056 4479 et

562 4518 707 4567 facta
743 4520 811 4568 D.
844 4518 909 4568 N.
934 4519 985 4568 J.
1024 4518 1081 4569 C.
1120 4520 1456 4581 recitantem,
1494 4519 1702 4584 absque
1737 4518 1850 4568 ulla
1885 4518 2232 4583 ambiguitate
2273 4534 2367 4583 per
2403 4518 2805 4584 compendium,
2843 4519 3054 4584 Papiae

562 4604 761 4653 dictum
808 4620 943 4655 esse.
1015 4605 1098 4654 Ad
1152 4604 1309 4655 fidem
1364 4620 1489 4655 vero
1546 4605 1690 4670 quod
1746 4606 1962 4667 attinet,
2013 4619 2154 4669 quae
2199 4604 2506 4655 adhibenda
2551 4606 2624 4656 sit
2669 4605 2796 4655 huic
2839 4605 3054 4670 Papiae
