3267 5259
628 456 751 521 138
1288 468 1405 509 nm.
1434 468 1539 511 nov.
1570 467 1658 509 div.
1691 466 1742 509 u.
1769 468 1818 509 τ.
1852 466 2018 509 Parios.
2051 467 2088 508 1.
2111 478 2204 518 cap.
2235 467 2435 508 altarum.

622 639 964 706 Barabbas
1007 642 1275 727 insignis
1333 640 1498 706 latro
1523 645 1573 724 ¹,
1634 642 2068 727 praesentatis
2127 640 2170 705 J
2175 662 2292 704 esu
2354 648 2420 704 et
2477 638 2792 704 Barabba
2833 638 3080 703 Judaeis

626 754 957 838 optionem
1034 752 1165 835 dat,
1241 761 1455 817 utrum
1505 776 1589 818 ex
1664 752 1761 817 his
1839 752 2070 817 dimitti
2147 750 2400 816 velint?
2419 754 2444 795 ²
2553 751 2656 816 Illi
2731 750 3080 816 Barabbam

620 864 1042 951 respondent.
1111 864 1360 929 Pilatus
1402 864 1516 930 ubi
1558 864 1742 930 videt
1786 886 1856 929 se
1903 887 2020 951 spe
2067 886 2187 929 sua
2231 864 2642 947 frustratum,
2705 862 3084 949 obstupescit

623 977 819 1063 plane
881 986 1078 1063 atque
1140 980 1448 1043 attonitus
1507 979 1797 1063 rogavit,
1869 976 2025 1062 quid
2093 999 2249 1061 ergo
2314 976 2602 1041 facturus
2663 987 2837 1041 esset
2895 975 3085 1041 Jesu‘?

626 1090 747 1157 Cui
792 1090 881 1154 illi
930 1090 1363 1175 crucifigatur.
1424 1089 1672 1155 Pilatus
1719 1112 1758 1153 a
1801 1090 2138 1176 proposito
2184 1087 2504 1153 liberandi
2548 1088 2593 1152 J
2595 1110 2780 1153 esum
2825 1087 3082 1152 dimotus

623 1202 913 1267 nondum
984 1212 1083 1267 est
1146 1202 1273 1267 hoc
1338 1202 1564 1289 populi
1632 1202 1917 1267 clamore
1935 1251 1953 1284 ‚
2019 1202 2378 1285 interrogat
2441 1203 2698 1287 itaque:
2778 1200 3084 1285 quodnam

625 1316 870 1379 crimen
903 1316 1223 1379 commisit
1262 1325 1393 1379 tam
1423 1336 1647 1400 grave,
1677 1324 1751 1379 ut
1795 1313 2204 1379 subeundum
2232 1316 2358 1400 ipsi
2387 1313 2518 1377 tale
2561 1310 2947 1399 supplicium
2977 1310 3086 1375 sit?

626 1424 713 1490 Se
773 1425 963 1491 ullius
1018 1426 1283 1491 sceleris
1338 1449 1524 1491 reum
1584 1425 2094 1513 deprehendisse
2166 1435 2384 1511 negat.
2469 1424 2878 1510 Castigatum
2925 1444 3082 1508 ergo,
3184 1464 3185 1517 3

626 1535 933 1620 addebat,
981 1560 1127 1603 eum
1172 1541 1371 1625 virg-is
1419 1539 1754 1605 dimittam.
1827 1539 1934 1603 Ita
1973 1537 2284 1623 flagellati
2329 1536 2566 1603 Christi
2611 1539 2926 1623 sanguine
2969 1538 3084 1599 sni-
3184 1526 3185 1595 ἐ

625 1672 769 1714 mos
827 1649 1003 1715 feros
1060 1651 1262 1718 lenire
1332 1654 1639 1738 cupiens,
1707 1654 1914 1717 iustae
1985 1673 2182 1737 quam
2247 1652 2518 1736 agnovit
2584 1672 2822 1715 causae
2889 1658 3086 1735 patro-
3184 1648 3185 1713 ξ

628 1763 865 1827 oinium
914 1762 1199 1829 deseruit
1212 1767 1255 1829 ³.
1316 1762 1706 1829 Abscedens
1768 1766 1963 1849 igitur
2015 1762 2292 1847 Pilatus,
2353 1764 2419 1827 in
2478 1762 2779 1827 manibus
2837 1760 3087 1825 militum
3184 1794 3185 1827 i

625 2026 832 2076 Pilatus
868 2026 1017 2075 nullo
1054 2025 1210 2076 modo
1254 2027 1455 2076 evitare
1500 2028 1698 2092 potuit,
1755 2026 1884 2091 quin
1931 2028 2083 2075 iuxta
2125 2025 2404 2091 privilegia
2447 2026 2826 2091 imperatorum
2873 2052 2938 2061 -—-
2983 2022 3090 2073 coll.
3184 2046 3185 2057 π

626 2112 884 2178 Josepho,
921 2112 1100 2177 Antiq.
1134 2112 1274 2162 XIV.
1313 2115 1396 2175 10,
1423 2115 1471 2163 2.
1510 2130 1561 2179 p.
1590 2114 1708 2163 703.
1747 2117 1936 2162 contra
1968 2113 2159 2177 Apion.
2191 2112 2260 2175 11,
2289 2114 2338 2162 4.
2370 2128 2422 2177 p.
2449 2113 2549 2161 4¹71
2587 2140 2654 2149 --
2692 2112 2760 2161 de
2795 2110 3014 2161 Judaeis
3045 2112 3094 2158 in

626 2199 793 2249 sacris
828 2200 941 2247 suis
974 2214 1085 2247 non
1119 2198 1425 2260 turbandis,
1462 2214 1627 2248 unum
1673 2214 1738 2249 ex
1783 2200 1974 2249 vinctis
2013 2203 2066 2247 et
2101 2199 2314 2263 quidem
2349 2214 2488 2260 eum,
2529 2214 2688 2264 quem
2723 2197 2920 2247 Judaei
2953 2203 3083 2263 pete·
3184 2226 3185 2253 z

630 2290 764 2348 rent,
801 2284 1029 2334 vinculis
1066 2286 1177 2334 suis
1222 2284 1466 2335 solveret.
1518 2284 1598 2335 cf.
1644 2285 1710 2335 de
1745 2285 1848 2335 hoc
1883 2290 2219 2351 argumento:
2263 2285 2314 2334 J.
2348 2284 2589 2349 Englert‚
2635 2284 2703 2333 de
2747 2284 3092 2349 indulgentiae

626 2370 883 2421 Judaeor.
932 2370 1116 2436 pasch.
1162 2374 1399 2437 tempore
1446 2370 1730 2437 modoque.
1779 2370 1949 2421 Giess.
1988 2370 2138 2421 1731.
2187 2370 2239 2420 J.
2277 2370 2336 2420 C.
2375 2371 2698 2435 Hottingeri‚
2739 2370 2862 2420 diss.
2901 2370 2964 2419 de
2998 2370 3090 2419 ritu

629 2456 926 2506 dimittendi
960 2472 1111 2506 reum
1146 2458 1203 2506 in
1238 2456 1375 2506 festo
1410 2457 1611 2523 pasch„
1649 2459 1706 2507 in
1741 2457 1900 2508 Thes.
1937 2474 2061 2508 nov.
2099 2474 2150 2521 p.
2177 2458 2295 2507 355.
2323 2474 2364 2507 s.
2409 2456 2467 2507 C.
2493 2457 2874 2523 Langhausem
2912 2457 2976 2506 de
3001 2458 3092 2505 ritu
3184 2494 3185 2541 ἑ

630 2542 927 2593 dimittendi
966 2544 1208 2609 captivos
1244 2544 1299 2591 in
1336 2543 1471 2593 festo
1510 2544 1796 2609 paschatos
1832 2544 2179 2595 Judaeorum.
2216 2543 2554 2608 Regiomonti
2582 2544 2733 2593 1757.
2769 2560 2821 2609 p.
2847 2544 2896 2593 3.
2921 2558 2963 2592 s.
3184 2546 3185 2607 J

840 2630 878 2694 ¹)
916 2629 984 2679 D.
1009 2629 1189 2679 Lucas
1212 2629 1313 2679 Ev,
1338 2632 1423 2691 23,
1451 2632 1532 2680 19.
1570 2630 1715 2693 dicit,
1753 2630 1898 2696 quod
1935 2629 2247 2679 seditionem
2283 2630 2604 2679 commiserit
2636 2629 2695 2677 in
2731 2629 2878 2691 urbe,
2903 2644 2942 2679 s.
2971 2630 3093 2678 Mar-
3184 2616 3185 2647 ἶ

630 2731 741 2777 cus,
783 2717 863 2778 15,
890 2717 938 2765 7.
984 2716 1147 2779 addit,
1187 2715 1330 2781 quod
1366 2716 1641 2766 seditionis
1679 2722 1866 2767 auctor
1897 2716 2084 2777 fuerit,
2124 2720 2287 2781 atque
2333 2730 2400 2765 ea
2447 2716 2731 2765 occasione
2775 2716 3094 2765 homicidium
3184 2696 3185 2701 Ἰ

628 2802 843 2866 fecerit3
907 2817 948 2852 s.
990 2804 1233 2853 Joanues
1291 2804 1511 2868 insuper
1570 2807 1798 2853 testatur
1858 2804 1949 2865 18,
1993 2804 2078 2853 40.
2141 2818 2260 2852 eum
2311 2800 2575 2851 latronem
2627 2802 2822 2865 fuisse,
2882 2803 3096 2867 denique

629 2902 672 2938 s.
710 2888 1011 2939 Matthaeus
1055 2891 1229 2954 ipsum
1274 2904 1405 2956 prae
1450 2892 1644 2940 ceteris
1690 2886 1988 2957 ,ἐπίσημον
2039 2893 2213 2939 vocat.
2276 2887 2521 2938 Summus
2570 2894 2750 2938 autem
2791 2890 3096 2954 ignominiae
3184 2922 3185 2933 ,

634 2974 831 3040 gradus
870 2980 999 3038 erat,
1033 2975 1178 3041 quod
1199 2976 1363 3027 Jesus
1400 2990 1507 3025 non
1540 2980 1746 3025 tantum
1792 2976 1988 3025 latroni
2012 2976 2067 3024 in
2102 2975 2362 3025 electione
2397 2979 2823 3040 postponeretur,
2849 2976 2939 3025 sed
2968 2980 3019 3023 et
3039 2972 3098 3021 ad

634 3066 855 3111 mortem
904 3062 1077 3112 crucis
1127 3062 1501 3128 postularetur.
1566 3062 1998 3127 Indignissimum
2056 3060 2242 3127 populi
2295 3061 2520 3110 furentis
2565 3060 2779 3111 facinus
2833 3077 2873 3111 s.
2920 3062 3098 3110 Penus

630 3146 855 3197 Judaeis
904 3149 1258 3213 exprobravit.
1307 3148 1425 3198 Act.
1460 3150 1521 3209 3,
1562 3150 1642 3198 14.
1683 3150 1764 3199 16.
1827 3148 1867 3214 ²)
1908 3150 2078 3199 Ratus
2113 3163 2222 3198 non
2267 3162 2644 3213 progressuros
2691 3162 2786 3198 eos
2833 3162 2896 3197 eo
2941 3150 3096 3212 impu-

632 3234 846 3285 dentiae
892 3236 1311 3301 impietatisque,
1367 3238 1427 3284 ut
1470 3234 1774 3283 Barabbam
1822 3235 2153 3301 reipublicae
2201 3239 2430 3301 pestem,
2485 3234 2620 3283 Jesu
2669 3234 2874 3284 doctori
2918 3248 3097 3299 magno

633 3324 687 3370 et
718 3321 989 3371 miraculis
1026 3320 1332 3383 clarissimo,
1371 3320 1715 3386 praeferrent.
1753 3322 1906 3382 Quae
1931 3322 2112 3387 opinio
2138 3326 2316 3370 tamen
2341 3334 2462 3369 eum
2488 3321 2702 3370 omnino
2727 3320 2940 3371 fefellit:
2983 3336 3097 3385 pon-

632 3405 801 3457 tifices
837 3408 1046 3458 turbam
1082 3408 1377 3459 rationibus
1414 3412 1792 3473 permoverunt
1815 3412 1870 3456 et
1894 3407 2175 3457 verborum
2203 3406 2493 3468 blanditiis,
2521 3411 2584 3455 ut
2601 3406 2907 3457 Barabbam
2931 3408 3098 3471 potius

633 3507 795 3558 quam
829 3494 1015 3544 Jesum
1048 3498 1293 3561 peterent
1327 3494 1533 3543 dimitti.
1584 3490 1625 3559 ³)
1675 3494 2082 3559 Flagellationis
2125 3492 2320 3543 Christi
2367 3498 2476 3543 tres
2529 3492 2910 3558 Evangelistae
2971 3506 3098 3541 men·
3184 3552 3185 3567 χ

633 3580 831 3631 tionem
854 3580 1075 3630 faciunt.
1114 3578 1167 3630 S.
1186 3579 1490 3630 Matthaeus
1514 3582 1599 3642 27,
1627 3582 1710 3630 26.
1731 3580 1814 3630 27.
1841 3595 1900 3643 s.‚
1928 3581 2016 3629 cui
2040 3580 2270 3629 succinit
2293 3594 2336 3629 s.
2352 3578 2569 3629 Marcus
2596 3580 2678 3642 15,
2701 3582 2783 3629 15.
2805 3582 2886 3630 16.
2903 3592 2963 3641 a,
2991 3578 3099 3627 snb-

632 3668 807 3731 iungit
848 3681 965 3717 eam
1007 3666 1437 3717 condemnationi
1480 3666 1694 3729 Christi,
1739 3672 1900 3733 atque
1941 3666 2088 3716 illam
2131 3682 2196 3715 ex
2238 3681 2386 3715 more
2437 3680 2657 3715 romano
2705 3666 2904 3715 factam
2951 3666 3099 3714 fuisse
3184 3656 3185 3705 ἶ

632 3754 857 3803 innuere
892 3754 1117 3804 videtur.
1154 3753 1208 3804 S.
1232 3754 1473 3803 ,Ioannes
1510 3760 1689 3804 autem
1739 3753 1961 3803 eandem
1999 3752 2430 3802 condemnationi
2467 3751 2666 3802 Christi
2701 3754 2994 3818 anteponit,
3029 3753 3100 3807 19,

640 3840 687 3888 1.
716 3854 758 3889 s.
796 3852 1021 3905 eamque
1056 3842 1193 3890 inter
1228 3840 1407 3889 media
1442 3844 1680 3891 tentatae
1715 3839 2046 3889 liberationis
2083 3838 2270 3903 rescrt3
2308 3854 2415 3903 quo
2453 3841 2510 3888 et
2539 3838 2638 3888 illa
2672 3838 2818 3904 apud
2853 3852 2894 3887 s.
2913 3838 3100 3886 Lucam

639 3930 899 3991 spectant.
938 3926 1022 3987 23,
1048 3927 1133 3975 22.
1182 3924 1337 3975 Haec
1375 3926 1698 3976 narrationis
1736 3924 2015 3975 diversitas
2051 3929 2264 3975 exercet
2297 3926 2631 3991 interpretes.
2670 3924 2901 3985 Quidam
2935 3922 3101 3979 semel,

636 4011 727 4062 alii
766 4011 849 4061 bis
883 4010 1212 4076 flagellatum
1258 4026 1375 4062 esse
1422 4016 1680 4061 statuunt.
1739 4012 1850 4061 Nos
1895 4026 2017 4060 cum
2061 4026 2104 4060 s.
2141 4011 2457 4077 Augustino,
2508 4011 2574 4061 de
2611 4026 2760 4061 cons.
2794 4010 2897 4061 Ev.
2930 4010 3026 4071 ΠΙ,
3059 4012 3100 4058 9.

634 4116 686 4165 p.
727 4100 843 4149 120.
880 4099 995 4148 121.
1046 4098 1319 4149 sumimus.
1377 4097 1585 4148 Pilatus
1639 4097 1862 4148 eandem
1917 4114 2028 4147 rem
2083 4097 2285 4163 duplici
2337 4097 2430 4147 fini
2485 4098 2892 4159 subordinasse,
2945 4099 3102 4162 primo

636 4190 979 4251 exasperatos
1017 4184 1256 4234 Judaeos
1294 4199 1414 4233 cum
1450 4186 1587 4233 tristi
1622 4184 1930 4249 spectaculo
1969 4182 2039 4233 ad
2072 4184 2490 4234 misericordiam
2525 4184 2758 4247 flectere,
2811 4184 2898 4234 vel
2935 4185 2980 4232 si
3013 4182 3102 4231 hoe

633 4286 745 4321 non
778 4270 1103 4333 succederet,
1143 4276 1197 4320 et
1230 4285 1447 4336 prorsus
1490 4275 1768 4336 cogeretur
1814 4270 2001 4321 Jesum
2037 4270 2106 4321 ad
2143 4270 2560 4335 crucifigendum
2607 4270 2845 4335 tradere;
2903 4275 2965 4319 ut
3015 4269 3102 4317 hac

636 4372 850 4423 quoque
898 4359 955 4407 in
1002 4362 1155 4423 parte
1200 4359 1334 4407 mori
1383 4371 1601 4407 romano
1651 4358 1983 4408 satisfactum
2027 4358 2178 4407 soret.
2228 4357 2404 4422 Atque
2447 4356 2590 4406 hanc
2635 4356 2844 4406 consilii
2911 4360 3102 4423 partem

634 4456 678 4493 s.
702 4442 1027 4493 Matthaeum
1066 4448 1119 4493 et
1152 4443 1407 4505 Marcum,
1443 4443 1591 4493 illam
1615 4458 1658 4493 s.
1684 4443 1950 4494 Joannem
1973 4448 2030 4493 et
2050 4444 2256 4493 Lucam
2292 4448 2583 4509 spectasse.
2621 4443 2707 4492 Ita
2730 4443 2898 4509 probe
2923 4440 3101 4491 cohae-

636 4534 755 4579 rent
790 4531 984 4580 0mnia.
1034 4528 1281 4580 Ceterum
1317 4531 1561 4596 quamvis
1598 4530 1742 4595 apud
1777 4532 2044 4581 Romanos
2083 4532 2313 4596 positum
2347 4532 2406 4579 in
2441 4545 2586 4579 more
2621 4530 2738 4592 fuit,
2773 4534 2838 4579 ut
2875 4530 2966 4595 qui
2998 4542 3103 4576 cru-

638 4616 715 4668 cis
752 4615 1017 4687 supplicio
1056 4620 1208 4670 erant
1242 4614 1512 4669 afficiendi
1526 4654 1540 4681 ‚
1588 4617 1737 4686 prius
1774 4616 2122 4669 caederentur
2170 4616 2396 4685 flagellis
2411 4653 2424 4679 ‚
2473 4618 2650 4684 potuit
2696 4620 2876 4667 tamen
2923 4622 2974 4666 et
3013 4614 3106 4663 hoc
