3267 5259
71 3634 85 3701 —-.
71 3520 78 3583 ‚v—
71 3498 73 3503 .
71 3474 74 3491 .-

71 4622 73 4635 -
69 4512 82 4593 -----v
71 4470 74 4491 ·-
69 3868 85 4462 -ή-τ-μ-ιιμιιυΊἻ-ῑ-ΊὛ
69 3724 85 3853 *fu-*ff

659 444 739 509 78
1324 458 1440 500 πίει.
1470 458 1575 500 nov.
1605 458 1693 499 «nv.
1725 458 1776 500 u.
1807 458 1855 500 Τ.
1889 458 2054 499 Pei-iod.
2085 458 2118 500 1.
2139 470 2233 511 cap.
2263 460 2460 509 primun.

656 630 797 694 Hos
856 630 969 695 ubi
1024 630 1309 715 benigne
1357 642 1423 695 et
1488 633 1760 695 comiter
1814 634 2150 718 exciperet
2206 632 2436 715 Jesus,
2482 642 2556 696 ut
2612 630 2720 696 vel
2781 648 2952 697 eum·
2989 636 3128 719 ipsi-s

658 742 910 826 ederet,
974 741 1373 807 familiaritas
1436 745 1560 807 ista
1620 743 1965 828 supercilio
2025 743 2525 809 Pharisaeorum
2591 745 2936 810 offensioni
3003 746 3126 808 fuit.
3200 750 3201 753 ’

656 856 933 919 Factum
987 878 1146 919 vero
1205 854 1507 921 Salvator
1560 866 1778 919 tuetur
1832 878 2020 919 suum
2075 854 2402 941 parabolis
2457 856 2896 941 elegantibuS,
2943 868 3008 920 et
3057 858 3129 921 ad

655 966 1183 1053 persuadendum
1230 990 1535 1053 magnam
1579 970 1714 1034 vim
1759 966 2150 1033 habentibus
2175 972 2214 1033 ¹.
2278 968 2446 1033 Cum
2489 968 2654 1033 haec
2696 978 2762 1034 et
2789 969 2888 1033 his
2919 969 3129 1034 similia

658 1080 953 1163 doceret,
979 1080 1245 1145 tandem
1276 1081 1320 1146 J
1324 1102 1473 1145 esus
1512 1078 2006 1166 Hierosolymas
2050 1082 2350 1167 pervenit
2389 1080 2475 1145 ad
2513 1081 2776 1166 agenda
2813 1084 3126 1145 encaenia.
3200 1138 3201 1141 ,

656 1192 734 1255 In
780 1214 914 1256 una
956 1191 1145 1257 huius
1192 1192 1339 1256 festi
1388 1192 1492 1257 die
1539 1192 1766 1276 Jesus,
1807 1216 1938 1257 non
1983 1194 2327 1258 recreandi
2375 1194 2639 1279 quidem
2679 1192 2800 1258 sed
2846 1194 3127 1275 docendi,

659 1326 859 1369 causa
882 1302 1256 1368 ambulabat
1279 1306 1346 1368 in
1367 1306 1644 1391 porticu,
1670 1327 1838 1390 quae
1857 1303 2224 1371 Salomonis
2249 1306 2591 1371 dicebatur
2607 1308 2650 1369 2.
2675 1306 3122 1370 Ambulanteni

656 1417 1013 1481 Dominum
1060 1418 1323 1481 cinxere
1356 1417 1595 1482 Judaei
1635 1417 1828 1483 valde
1873 1420 2209 1500 instantes,
2242 1428 2314 1482 ut
2341 1419 2580 1504 palam,
2620 1422 2760 1483 sine
2796 1419 3126 1483 verborum

654 1527 1033 1611 involucris,
1082 1529 1329 1593 diceret
1374 1532 1501 1595 eis:
1565 1532 1617 1595 si
1664 1533 1802 1616 ipse
1849 1531 2020 1595 foret
2067 1530 2407 1596 Christus?
2471 1531 2724 1611 Quibus
2782 1554 2930 1595 cum
2981 1554 3126 1594 vere

662 1650 727 1705 et
771 1642 1101 1726 sapienter
1144 1642 1617 1728 respondisset,
1665 1666 1798 1707 non
1841 1642 2060 1707 verbis
2113 1643 2310 1709 modo
2359 1644 2478 1708 sed
2531 1644 2720 1709 factis
2776 1644 3128 1723 ostendenS,

658 1776 728 1817 se
760 1753 938 1818 illum
985 1777 1126 1819 esse
1157 1755 1487 1839 Messiam,
1538 1757 1720 1820 cuius
1752 1758 1817 1819 in
1851 1758 2340 1841 exspectatione
2373 1766 2576 1839 erant,
2609 1756 2810 1837 addit,
2843 1779 2914 1821 se
2943 1779 3127 1820 unum

660 1889 801 1931 esse
835 1889 983 1931 cum
1014 1867 1183 1932 Deo.
1228 1867 1351 1932 His
1384 1868 1619 1933 auditis
1650 1868 1889 1933 Judaei
1919 1870 2135 1932 statim
2183 1868 2579 1933 sustulerunt
2621 1869 2874 1954 lapides
2911 1868 3129 1954 quibus

658 2002 808 2043 eum
842 1979 1209 2044 obruerent.
1251 1979 1342 2043 At
1371 1980 1477 2045 ille
1512 1983 1850 2066 quaesivit,
1885 2004 1971 2045 ex
1995 2004 2280 2067 quonam
2309 1981 2628 2047 beneficio
2661 1984 2728 2045 in
2758 2004 2878 2046 vos
2909 1981 3127 2045 collato

658 2092 785 2155 tale
819 2092 1202 2178 supplicium
1257 2092 1411 2156 mihi
1456 2092 1854 2181 rependitis?
1902 2092 2198 2179 Cumque
2244 2094 2334 2157 illi
2375 2094 2885 2179 respondissent,
2913 2117 3044 2158 non
3070 2096 3128 2157 in

658 2204 982 2269 beneficia
1014 2205 1132 2269 sed
1161 2207 1228 2268 in
1258 2204 1730 2291 blasphemiam
1763 2216 2178 2291 arrogantem
2212 2206 2332 2271 sibi
2361 2206 2788 2271 Divinitatem
2821 2228 2900 2270 ea
2929 2228 3128 2291 poena

666 2317 1130 2401 animadverti,
1178 2317 1461 2383 ostendit
1516 2320 1812 2404 iniquum
1872 2341 2014 2383 esse
2061 2318 2180 2383 sibi
2227 2320 2310 2383 de
2356 2328 2664 2404 usurpato
2711 2321 2970 2383 nomine
3013 2319 3126 2381 Dei

662 2430 907 2493 crimen
950 2431 1292 2515 imputare,
1326 2453 1475 2496 cum
1504 2431 1705 2495 Pater
1749 2434 1810 2496 ei
1852 2431 2107 2496 dederit
2149 2454 2333 2497 suam
2377 2444 2677 2497 naturam
2723 2442 2918 2518 atque
2963 2444 3126 2517 pote—

658 2549 911 2606 statem.
1000 2542 1251 2607 Verum
1308 2543 1548 2608 Judaei
1614 2543 1714 2607 his
1781 2545 2044 2608 minime
2121 2546 2409 2609 contenti
2468 2568 2701 2609 manus
2763 2546 2822 2609 ei
2880 2545 3126 2607 iniicere

657 2664 1020 2739 tentarunt3
1084 2656 1202 2721 sed
1260 2679 1469 2742 aeque
1532 2656 1724 2721 facile
1773 2679 1850 2721 ac
1897 2667 2090 2721 antea
2136 2656 2393 2743 elapsus
2459 2668 2590 2741 est,
2637 2659 3124 2741 transmissoque

657 2766 700 2831 J
705 2767 951 2831 ordane
978 2766 1133 2832 abiit
1153 2768 1593 2833 Bethabaram
1608 2773 1650 2834 3.
1683 2768 1814 2834 Ubi
1837 2771 1903 2833 in
1926 2770 2441 2835 transiordanica
2463 2780 2836 2835 versaretur
2853 2768 3123 2835 Christus

656 2881 945 2965 regione,
993 2891 1409 2946 accesserunt
1446 2882 1533 2946 ad
1579 2904 1727 2947 eum
1781 2882 1864 2946 de
1911 2904 2092 2948 more
2135 2906 2252 2947 suo
2283 2882 2636 2966 Pharisaei,
2677 2906 2812 2947 non
2851 2879 3122 2946 discendi

664 2992 875 3056 studio
934 2992 1052 3056 sed
1110 2993 1404 3058 tentandi
1467 3015 1684 3059 causa.
1761 2995 2198 3075 Quaesierunt
2263 3004 2510 3069 autem,
2577 2996 2631 3059 si
2698 2994 2854 3059 licet
2903 2993 3122 3058 homini

660 3103 979 3169 dimittere
1047 3127 1323 3170 uxorem
1394 3130 1577 3171 suam
1661 3129 2074 3193 quacumque
2151 3131 2236 3173 ex
2306 3106 2554 3172 causa?
2577 3110 2603 3151 4
2675 3105 3120 3185 Quaestionem

658 3217 850 3281 solvit
894 3220 1275 3284 auctoritate
1320 3219 1586 3305 Moysis,
1635 3242 1767 3306 qua
1813 3220 2095 3285 ostendit
2137 3222 2328 3285 unius
2372 3221 2495 3284 viri
2541 3230 2605 3284 et
2641 3221 2865 3284 uxoris
2911 3242 2949 3283 a
2991 3218 3120 3281 Deo

658 3329 1014 3395 institutam
1082 3354 1223 3395 esse
1290 3334 1848 3417 coniunctionem3
1920 3333 2310 3418 divortiique
2375 3332 2703 3397 licentiam
2763 3312 3120 3397 concessam

870 3568 909 3633 ¹)
946 3568 1030 3617 De
1068 3584 1168 3617 ove
1204 3574 1535 3633 recuperata,
1563 3569 1630 3619 de
1669 3569 1922 3619 drachma
1955 3574 2182 3635 reperta,
2211 3568 2276 3619 de
2313 3569 2422 3619 filio
2460 3570 2698 3635 prodige,
2724 3569 2904 3619 villico
2939 3570 3120 3632 iniquo,

660 3654 889 3718 epulone
935 3654 1099 3705 divite
1136 3660 1191 3704 et
1223 3656 1459 3718 Lazaro,
1498 3656 1756 3721 operariis
1802 3657 1858 3706 in
1903 3657 2086 3719 vinea,
2131 3656 2198 3705 de
2243 3656 2473 3722 superbo
2519 3656 2812 3706 Pharisaeo
2859 3663 2912 3706 et
2951 3653 3118 3704 humili

658 3740 985 3803 Publicano,
1046 3740 1211 3790 vidua
1265 3747 1318 3791 et
1368 3742 1562 3791 iudice.
1643 3744 1794 3804 Quae
1849 3745 2028 3793 omnia
2080 3744 2332 3793 continuo
2395 3744 2578 3793 ordine
2633 3742 2750 3792 fuse
2805 3742 3122 3809 prosequitur

659 3842 703 3876 s.
732 3826 1039 3877 Matthaeus
1068 3844 1114 3878 c.
1141 3831 1223 3879 20.
1245 3843 1288 3878 s.
1323 3829 1518 3893 Lucas,
1546 3845 1591 3879 c.
1614 3845 1660 3879 c.
1682 3832 1764 3879 14.
1789 3832 1869 3879 15.
1893 3832 1974 3879 16.
2023 3828 2063 3895 ²)
2089 3830 2150 3879 V.
2178 3830 2247 3879 H.
2273 3832 2336 3880 R.
2361 3831 2428 3879 D.
2453 3830 2518 3879 V.
2543 3830 2605 3879 Τ.
2631 3832 2828 3896 ρ.,497.
2863 3830 2905 3894 ³)
2930 3830 2989 3878 V.
3011 3828 3121 3877 Not.

656 3918 695 3963 t.
743 3928 785 3963 s.
828 3930 1006 3980 geogr.
1051 3932 1103 3980 p.
1146 3915 1341 3965 XCIII.
1408 3916 1605 3967 Joann.
1653 3919 1741 3980 10,
1787 3919 1870 3966 22.
1919 3931 1960 3966 s.
2029 3916 2093 3965 In
2137 3916 2446 3967 Bethabara
2491 3915 2760 3967 Christum
2813 3932 2926 3969 non
2974 3914 3120 3963 fuisse

660 4001 892 4050 otiosum
932 4007 1074 4051 certo
1112 4002 1307 4051 certius
1346 4008 1442 4052 est.
1509 4004 1648 4053 Num
1688 4020 1816 4053 vero
1867 4019 2076 4067 semper
2118 4003 2194 4051 ibi
2238 4008 2482 4052 versatus
2525 4004 2708 4065 fuerit,
2772 4004 2940 4053 donec
2983 4016 3031 4049 se
3073 4000 3122 4046 in

657 4086 695 4136 J
700 4088 927 4138 udaeam
950 4094 1277 4154 postremum
1314 4090 1593 4151 conferret,
1621 4094 1716 4140 aut
1743 4090 1992 4155 quamdiu
2025 4090 2100 4138 ibi
2131 4092 2384 4139 manserit
2413 4089 2622 4139 silentio
2653 4094 2902 4155 premunt
2935 4104 2973 4137 s.
2999 4086 3118 4136 Scri·

658 4179 855 4238 ptores.
916 4176 1118 4241 Elapso
1158 4175 1389 4240 quodam
1434 4178 1688 4241 temporis
1733 4177 1908 4242 spatio
1945 4176 2106 4225 Jesus
2143 4178 2290 4225 venit
2325 4182 2472 4225 trans
2508 4176 2826 4237 Jordanem,
2865 4174 2956 4224 sed
2990 4171 3120 4221 brevi

658 4263 714 4309 in
747 4262 1001 4311 Peraeam
1038 4262 1196 4311 rediit
1226 4262 1413 4312 Matth.
1444 4264 1522 4325 19,
1554 4266 1613 4325 1.,
1653 4264 1746 4312 ubi
1783 4263 1967 4312 turbas
2005 4263 2333 4313 confluentes
2371 4264 2567 4324 docuit,
2593 4263 2808 4312 morbos
2847 4261 3042 4311 curarit
3075 4264 3120 4305 et

658 4347 811 4397 multi
850 4348 1188 4399 crediderunt
1222 4350 1279 4397 in
1317 4365 1451 4398 eum.
1508 4351 1549 4413 ⁴)
1582 4351 1764 4413 Digna
1791 4349 1978 4399 Matth.
2008 4352 2088 4411 19,
2115 4352 2164 4400 3.
2207 4349 2372 4399 Marc.
2401 4354 2490 4413 10,
2517 4352 2564 4399 2.
2597 4351 2812 4414 ingenio
2843 4347 3119 4414 pharisaico

671 4436 930 4498 quaestio·
978 4436 1251 4485 Putabant
1276 4436 1415 4485 enim
1439 4438 1698 4485 utrumvis
1724 4436 2083 4501 responderet,
2109 4436 2385 4486 habituros
2409 4451 2484 4497 se,
2511 4436 2654 4501 quod
2679 4436 3120 4485 calumniarentur.

663 4519 720 4569 Si
766 4522 967 4571 diceret
1012 4538 1119 4571 non
1163 4521 1350 4583 licere,
1388 4524 1633 4572 accusari
1676 4522 1826 4571 illum
1866 4538 2022 4588 posse
2059 4528 2331 4588 tamquam
2367 4524 2500 4588 Legi
2537 4525 2886 4587 contrarium3
2931 4522 2974 4570 si
3005 4534 3120 4567 vero

660 4606 861 4657 diceret
898 4608 1073 4669 licere,
1112 4610 1354 4659 accusari
1394 4625 1551 4674 posse
1589 4610 1703 4658 eius
1741 4610 2036 4659 doctrinam
2073 4615 2324 4675 tanquam
2351 4610 2729 4675 imperfectam.
