<?xml version="1.0" encoding="UTF-8"?>
<!DOCTYPE html PUBLIC "-//W3C//DTD XHTML 1.0 Transitional//EN"
    "http://www.w3.org/TR/xhtml1/DTD/xhtml1-transitional.dtd">
<html xmlns="http://www.w3.org/1999/xhtml" xml:lang="en" lang="en">
 <head>
  <title>
</title>
<meta http-equiv="Content-Type" content="text/html;charset=utf-8" />
  <meta name='ocr-system' content='tesseract 3.04.00' />
  <meta name='ocr-capabilities' content='ocr_page ocr_carea ocr_par ocr_line ocrx_word'/>
</head>
<body>
  <div class='ocr_page' id='page_1' title='image "./historiarevelat00unkngoog_0053.png"; bbox 0 0 3267 5259; ppageno 0'>
   <div class='ocr_carea' id='block_1_1' title="bbox 1124 477 2681 542">
    <p class='ocr_par' dir='ltr' id='par_1_1' title="bbox 1124 477 2681 542">
     <span class='ocr_line' id='line_1_1' title="bbox 1124 477 2681 542; baseline -0.001 -10"><span class='ocrx_word' id='word_1_1' title='bbox 1124 489 1423 532; x_wconf 67' lang='lat' dir='ltr'><strong>chronotaxis</strong></span> <span class='ocrx_word' id='word_1_2' title='bbox 1451 490 1729 542; x_wconf 60' lang='lat' dir='ltr'><strong>Evangelia.</strong></span> <span class='ocrx_word' id='word_1_3' title='bbox 2426 477 2681 530; x_wconf 81' lang='lat' dir='ltr'>XXXVII</span> 
     </span>
    </p>
   </div>
   <div class='ocr_carea' id='block_1_2' title="bbox 189 670 2679 2736">
    <p class='ocr_par' dir='ltr' id='par_1_2' title="bbox 189 670 2679 2736">
     <span class='ocr_line' id='line_1_2' title="bbox 383 670 2679 744; baseline 0.003 -20"><span class='ocrx_word' id='word_1_4' title='bbox 383 671 478 726; x_wconf 83' lang='lat'><strong>28.</strong></span> <span class='ocrx_word' id='word_1_5' title='bbox 551 670 675 734; x_wconf 77' lang='lat' dir='ltr'><strong>Quo</strong></span> <span class='ocrx_word' id='word_1_6' title='bbox 737 689 886 727; x_wconf 77' lang='lat' dir='ltr'><strong>anno</strong></span> <span class='ocrx_word' id='word_1_7' title='bbox 947 673 1220 728; x_wconf 67' lang='lat' dir='ltr'><strong>Dominus</strong></span> <span class='ocrx_word' id='word_1_8' title='bbox 1265 673 1684 742; x_wconf 75' lang='lat' dir='ltr'><strong>praedicationi</strong></span> <span class='ocrx_word' id='word_1_9' title='bbox 1742 691 1963 744; x_wconf 81' lang='lat' dir='ltr'><strong><em>operam</em></strong></span> <span class='ocrx_word' id='word_1_10' title='bbox 2023 674 2395 744; x_wconf 72' lang='lat' dir='ltr'><strong>applicuerit?</strong></span> <span class='ocrx_word' id='word_1_11' title='bbox 2466 673 2679 732; x_wconf 80' lang='lat' dir='ltr'>Tribus</span> 
     </span>
     <span class='ocr_line' id='line_1_3' title="bbox 194 757 2675 856; baseline 0.003 -25"><span class='ocrx_word' id='word_1_12' title='bbox 194 772 410 832; x_wconf 86' lang='lat' dir='ltr'><strong>indiciis</strong></span> <span class='ocrx_word' id='word_1_13' title='bbox 457 757 726 851; x_wconf 87' lang='lat' dir='ltr'><strong>primum</strong></span> <span class='ocrx_word' id='word_1_14' title='bbox 776 775 1226 852; x_wconf 60' lang='lat' dir='ltr'><strong>praedicationis</strong></span> <span class='ocrx_word' id='word_1_15' title='bbox 1265 775 1504 849; x_wconf 76' lang='lat' dir='ltr'><strong>Christi,</strong></span> <span class='ocrx_word' id='word_1_16' title='bbox 1563 796 1668 835; x_wconf 87' lang='lat' dir='ltr'><strong>ceu</strong></span> <span class='ocrx_word' id='word_1_17' title='bbox 1722 777 2019 850; x_wconf 75' lang='lat' dir='ltr'><strong>citimum,</strong></span> <span class='ocrx_word' id='word_1_18' title='bbox 2062 797 2235 856; x_wconf 88' lang='lat' dir='ltr'><strong>quem</strong></span> <span class='ocrx_word' id='word_1_19' title='bbox 2284 779 2591 838; x_wconf 79' lang='lat' dir='ltr'><strong>intervalli</strong></span> <span class='ocrx_word' id='word_1_20' title='bbox 2638 799 2675 838; x_wconf 87' lang='lat' dir='ltr'><strong>a</strong></span> 
     </span>
     <span class='ocr_line' id='line_1_4' title="bbox 194 861 2677 960; baseline 0.002 -24"><span class='ocrx_word' id='word_1_21' title='bbox 194 880 458 955; x_wconf 81' lang='lat' dir='ltr'><strong>baptismo</strong></span> <span class='ocrx_word' id='word_1_22' title='bbox 486 899 676 958; x_wconf 90' lang='lat' dir='ltr'><strong>usque</strong></span> <span class='ocrx_word' id='word_1_23' title='bbox 707 881 782 939; x_wconf 81' lang='lat' dir='ltr'><strong>ad</strong></span> <span class='ocrx_word' id='word_1_24' title='bbox 813 899 1042 940; x_wconf 88' lang='lat' dir='ltr'><strong>crucem</strong></span> <span class='ocrx_word' id='word_1_25' title='bbox 1071 881 1406 960; x_wconf 80' lang='lat' dir='ltr'><strong>quaerimus</strong></span> <span class='ocrx_word' id='word_1_26' title='bbox 1449 883 1772 941; x_wconf 87' lang='lat' dir='ltr'><strong>terminum</strong></span> <span class='ocrx_word' id='word_1_27' title='bbox 1788 929 1803 956; x_wconf 91' lang='lat'><strong>,</strong></span> <span class='ocrx_word' id='word_1_28' title='bbox 1853 883 2207 959; x_wconf 81' lang='lat' dir='ltr'><strong>deprehendi</strong></span> <span class='ocrx_word' id='word_1_29' title='bbox 2248 861 2420 960; x_wconf 39' lang='lat' dir='ltr'><strong>‘posse</strong></span> <span class='ocrx_word' id='word_1_30' title='bbox 2466 887 2677 942; x_wconf 83' lang='lat' dir='ltr'><strong>existi·</strong></span> 
     </span>
     <span class='ocr_line' id='line_1_5' title="bbox 193 986 2676 1065; baseline 0.002 -22"><span class='ocrx_word' id='word_1_31' title='bbox 193 987 342 1044; x_wconf 83' lang='lat' dir='ltr'><strong>mant</strong></span> <span class='ocrx_word' id='word_1_32' title='bbox 383 986 731 1061; x_wconf 79' lang='lat' dir='ltr'><strong>scriptores,</strong></span> <span class='ocrx_word' id='word_1_33' title='bbox 800 987 903 1065; x_wconf 88' lang='lat' dir='ltr'><strong>qui</strong></span> <span class='ocrx_word' id='word_1_34' title='bbox 949 987 1302 1045; x_wconf 78' lang='lat' dir='ltr'><strong>industriam</strong></span> <span class='ocrx_word' id='word_1_35' title='bbox 1363 987 1427 1045; x_wconf 89' lang='lat' dir='ltr'><strong>in</strong></span> <span class='ocrx_word' id='word_1_36' title='bbox 1488 989 1825 1065; x_wconf 81' lang='lat' dir='ltr'><strong>quaestione</strong></span> <span class='ocrx_word' id='word_1_37' title='bbox 1863 987 1973 1045; x_wconf 84' lang='lat' dir='ltr'><strong>hac</strong></span> <span class='ocrx_word' id='word_1_38' title='bbox 2012 987 2291 1047; x_wconf 83' lang='lat' dir='ltr'><strong>solvenda</strong></span> <span class='ocrx_word' id='word_1_39' title='bbox 2340 997 2676 1065; x_wconf 85' lang='lat' dir='ltr'><strong>posuerunt.</strong></span> 
     </span>
     <span class='ocr_line' id='line_1_6' title="bbox 193 1089 2665 1170; baseline 0.002 -24"><span class='ocrx_word' id='word_1_40' title='bbox 193 1089 438 1147; x_wconf 89' lang='lat' dir='ltr'><strong>Primum</strong></span> <span class='ocrx_word' id='word_1_41' title='bbox 468 1091 574 1149; x_wconf 87' lang='lat' dir='ltr'><strong>dat</strong></span> <span class='ocrx_word' id='word_1_42' title='bbox 609 1111 660 1149; x_wconf 92' lang='lat' dir='ltr'><strong>s.</strong></span> <span class='ocrx_word' id='word_1_43' title='bbox 695 1091 886 1150; x_wconf 79' lang='lat' dir='ltr'><strong>Lucas</strong></span> <span class='ocrx_word' id='word_1_44' title='bbox 919 1095 975 1163; x_wconf 89' lang='lat'><strong>3,</strong></span> <span class='ocrx_word' id='word_1_45' title='bbox 1015 1096 1071 1149; x_wconf 96' lang='grc'><strong>1.</strong></span> <span class='ocrx_word' id='word_1_46' title='bbox 1113 1093 1178 1150; x_wconf 87' lang='lat' dir='ltr'><strong>in</strong></span> <span class='ocrx_word' id='word_1_47' title='bbox 1209 1111 1363 1150; x_wconf 85' lang='lat' dir='ltr'><strong>anno</strong></span> <span class='ocrx_word' id='word_1_48' title='bbox 1393 1092 1826 1170; x_wconf 86' lang='lat' dir='ltr'><strong>quintodecimo</strong></span> <span class='ocrx_word' id='word_1_49' title='bbox 1866 1092 2099 1167; x_wconf 88' lang='lat' dir='ltr'><strong>imperii</strong></span> <span class='ocrx_word' id='word_1_50' title='bbox 2132 1091 2355 1150; x_wconf 87' lang='lat' dir='ltr'><strong>Tiberii</strong></span> <span class='ocrx_word' id='word_1_51' title='bbox 2387 1092 2665 1166; x_wconf 85' lang='lat' dir='ltr'><strong>Caesaris,</strong></span> 
     </span>
     <span class='ocr_line' id='line_1_7' title="bbox 193 1178 2676 1273; baseline 0.001 -21"><span class='ocrx_word' id='word_1_52' title='bbox 193 1215 292 1273; x_wconf 87' lang='lat' dir='ltr'><strong>quo</strong></span> <span class='ocrx_word' id='word_1_53' title='bbox 346 1178 752 1254; x_wconf 73' lang='lat' dir='ltr'><strong>ministerium</strong></span> <span class='ocrx_word' id='word_1_54' title='bbox 809 1215 980 1254; x_wconf 83' lang='lat' dir='ltr'><strong>snum</strong></span> <span class='ocrx_word' id='word_1_55' title='bbox 1049 1196 1254 1254; x_wconf 85' lang='lat' dir='ltr'><strong>multis</strong></span> <span class='ocrx_word' id='word_1_56' title='bbox 1319 1197 1613 1255; x_wconf 86' lang='lat' dir='ltr'><strong>adiunctis</strong></span> <span class='ocrx_word' id='word_1_57' title='bbox 1682 1196 2038 1272; x_wconf 88' lang='lat' dir='ltr'><strong>descriptum</strong></span> <span class='ocrx_word' id='word_1_58' title='bbox 2108 1197 2265 1273; x_wconf 87' lang='lat' dir='ltr'><strong>cepit</strong></span> <span class='ocrx_word' id='word_1_59' title='bbox 2322 1219 2367 1254; x_wconf 86' lang='lat' dir='ltr'><strong>s.</strong></span> <span class='ocrx_word' id='word_1_60' title='bbox 2418 1197 2455 1254; x_wconf 88' lang='lat' dir='ltr'><strong>J</strong></span> <span class='ocrx_word' id='word_1_61' title='bbox 2456 1217 2676 1255; x_wconf 87' lang='lat' dir='ltr'><strong>oannes</strong></span> 
     </span>
     <span class='ocr_line' id='line_1_8' title="bbox 191 1299 2672 1379; baseline 0.002 -23"><span class='ocrx_word' id='word_1_62' title='bbox 191 1299 454 1375; x_wconf 75' lang='lat' dir='ltr'><strong>Baptista.</strong></span> <span class='ocrx_word' id='word_1_63' title='bbox 516 1299 805 1358; x_wconf 84' lang='lat' dir='ltr'><strong>Alterum</strong></span> <span class='ocrx_word' id='word_1_64' title='bbox 836 1301 988 1358; x_wconf 88' lang='lat' dir='ltr'><strong>idem</strong></span> <span class='ocrx_word' id='word_1_65' title='bbox 1030 1321 1074 1358; x_wconf 87' lang='lat' dir='ltr'><strong>s.</strong></span> <span class='ocrx_word' id='word_1_66' title='bbox 1109 1301 1296 1360; x_wconf 84' lang='lat' dir='ltr'><strong>Lucas</strong></span> <span class='ocrx_word' id='word_1_67' title='bbox 1325 1302 1664 1378; x_wconf 83' lang='lat' dir='ltr'><strong>suppeditat</strong></span> <span class='ocrx_word' id='word_1_68' title='bbox 1692 1301 1733 1360; x_wconf 91' lang='lat' dir='ltr'><strong>l.</strong></span> <span class='ocrx_word' id='word_1_69' title='bbox 1767 1320 1815 1359; x_wconf 90' lang='lat' dir='ltr'><strong>c.</strong></span> <span class='ocrx_word' id='word_1_70' title='bbox 1849 1321 1907 1360; x_wconf 82' lang='lat' dir='ltr'><strong>v.</strong></span> <span class='ocrx_word' id='word_1_71' title='bbox 1946 1306 2045 1360; x_wconf 80' lang='lat'><strong>23.</strong></span> <span class='ocrx_word' id='word_1_72' title='bbox 2078 1302 2392 1360; x_wconf 88' lang='lat' dir='ltr'><strong>indicando</strong></span> <span class='ocrx_word' id='word_1_73' title='bbox 2424 1308 2672 1379; x_wconf 87' lang='lat' dir='ltr'><strong>tempus,</strong></span> 
     </span>
     <span class='ocr_line' id='line_1_9' title="bbox 193 1403 2673 1484; baseline 0.002 -23"><span class='ocrx_word' id='word_1_74' title='bbox 193 1423 294 1481; x_wconf 88' lang='lat' dir='ltr'><strong>quo</strong></span> <span class='ocrx_word' id='word_1_75' title='bbox 333 1405 404 1462; x_wconf 85' lang='lat' dir='ltr'><strong>ad</strong></span> <span class='ocrx_word' id='word_1_76' title='bbox 441 1403 896 1463; x_wconf 83' lang='lat' dir='ltr'><strong>Praecursorem</strong></span> <span class='ocrx_word' id='word_1_77' title='bbox 943 1405 1182 1464; x_wconf 85' lang='lat' dir='ltr'><strong>accessit</strong></span> <span class='ocrx_word' id='word_1_78' title='bbox 1225 1405 1524 1480; x_wconf 76' lang='lat' dir='ltr'><strong>Salvator,</strong></span> <span class='ocrx_word' id='word_1_79' title='bbox 1577 1425 1711 1463; x_wconf 89' lang='lat' dir='ltr'><strong>cum</strong></span> <span class='ocrx_word' id='word_1_80' title='bbox 1757 1426 1965 1482; x_wconf 85' lang='lat' dir='ltr'><strong>nempe</strong></span> <span class='ocrx_word' id='word_1_81' title='bbox 1995 1412 2143 1465; x_wconf 86' lang='lat' dir='ltr'><strong>esset</strong></span> <span class='ocrx_word' id='word_1_82' title='bbox 2170 1407 2460 1484; x_wconf 80' lang='lat' dir='ltr'><strong>incipiens</strong></span> <span class='ocrx_word' id='word_1_83' title='bbox 2491 1427 2673 1466; x_wconf 87' lang='lat' dir='ltr'><strong>anno-</strong></span> 
     </span>
     <span class='ocr_line' id='line_1_10' title="bbox 192 1509 2679 1590; baseline 0.003 -26"><span class='ocrx_word' id='word_1_84' title='bbox 192 1527 309 1565; x_wconf 85' lang='lat' dir='ltr'><strong>rnm</strong></span> <span class='ocrx_word' id='word_1_85' title='bbox 337 1512 502 1586; x_wconf 86' lang='lat' dir='ltr'><strong>quasi</strong></span> <span class='ocrx_word' id='word_1_86' title='bbox 535 1511 815 1584; x_wconf 82' lang='lat' dir='ltr'><strong>triginta.</strong></span> <span class='ocrx_word' id='word_1_87' title='bbox 863 1509 1132 1568; x_wconf 84' lang='lat' dir='ltr'><strong>Tertium</strong></span> <span class='ocrx_word' id='word_1_88' title='bbox 1163 1512 1506 1587; x_wconf 84' lang='lat' dir='ltr'><strong>praeferunt</strong></span> <span class='ocrx_word' id='word_1_89' title='bbox 1534 1510 1823 1570; x_wconf 83' lang='lat' dir='ltr'><strong>Paschata</strong></span> <span class='ocrx_word' id='word_1_90' title='bbox 1850 1517 2117 1590; x_wconf 87' lang='lat' dir='ltr'><strong>quatuor,</strong></span> <span class='ocrx_word' id='word_1_91' title='bbox 2153 1531 2302 1590; x_wconf 87' lang='lat' dir='ltr'><strong>quae</strong></span> <span class='ocrx_word' id='word_1_92' title='bbox 2332 1513 2407 1570; x_wconf 88' lang='lat' dir='ltr'><strong>ad</strong></span> <span class='ocrx_word' id='word_1_93' title='bbox 2430 1517 2679 1571; x_wconf 89' lang='lat' dir='ltr'><strong>mortem</strong></span> 
     </span>
     <span class='ocr_line' id='line_1_11' title="bbox 193 1614 2679 1693; baseline 0.002 -23"><span class='ocrx_word' id='word_1_94' title='bbox 193 1633 340 1670; x_wconf 85' lang='lat' dir='ltr'><strong>suam</strong></span> <span class='ocrx_word' id='word_1_95' title='bbox 385 1634 572 1692; x_wconf 89' lang='lat' dir='ltr'><strong>usque</strong></span> <span class='ocrx_word' id='word_1_96' title='bbox 619 1617 877 1673; x_wconf 76' lang='lat' dir='ltr'><strong>obivisse</strong></span> <span class='ocrx_word' id='word_1_97' title='bbox 922 1614 1210 1674; x_wconf 86' lang='lat' dir='ltr'><strong>Dominus</strong></span> <span class='ocrx_word' id='word_1_98' title='bbox 1259 1621 1455 1673; x_wconf 85' lang='lat' dir='ltr'><strong>noster</strong></span> <span class='ocrx_word' id='word_1_99' title='bbox 1499 1617 1572 1673; x_wconf 85' lang='lat' dir='ltr'><strong>ab</strong></span> <span class='ocrx_word' id='word_1_100' title='bbox 1603 1615 2002 1690; x_wconf 85' lang='lat' dir='ltr'><strong>Evangelistis</strong></span> <span class='ocrx_word' id='word_1_101' title='bbox 2048 1621 2345 1675; x_wconf 84' lang='lat' dir='ltr'><strong>narratur.</strong></span> <span class='ocrx_word' id='word_1_102' title='bbox 2407 1617 2679 1693; x_wconf 83' lang='lat' dir='ltr'><strong>Implexa</strong></span> 
     </span>
     <span class='ocr_line' id='line_1_12' title="bbox 193 1719 2671 1798; baseline 0.001 -22"><span class='ocrx_word' id='word_1_103' title='bbox 193 1723 370 1776; x_wconf 73' lang='lat' dir='ltr'><strong>tamen</strong></span> <span class='ocrx_word' id='word_1_104' title='bbox 413 1725 556 1776; x_wconf 87' lang='lat' dir='ltr'><strong>sunt</strong></span> <span class='ocrx_word' id='word_1_105' title='bbox 604 1720 756 1777; x_wconf 85' lang='lat' dir='ltr'><strong>haec</strong></span> <span class='ocrx_word' id='word_1_106' title='bbox 798 1723 996 1778; x_wconf 84' lang='lat' dir='ltr'><strong>omnia</strong></span> <span class='ocrx_word' id='word_1_107' title='bbox 1039 1719 1516 1790; x_wconf 84' lang='lat' dir='ltr'><strong>difficultatibus,</strong></span> <span class='ocrx_word' id='word_1_108' title='bbox 1569 1725 1747 1798; x_wconf 83' lang='lat' dir='ltr'><strong>atque</strong></span> <span class='ocrx_word' id='word_1_109' title='bbox 1794 1720 2009 1780; x_wconf 89' lang='lat' dir='ltr'><strong>idcirco</strong></span> <span class='ocrx_word' id='word_1_110' title='bbox 2038 1740 2075 1778; x_wconf 85' lang='lat' dir='ltr'><strong>a</strong></span> <span class='ocrx_word' id='word_1_111' title='bbox 2104 1722 2271 1778; x_wconf 87' lang='lat' dir='ltr'><strong>nobis</strong></span> <span class='ocrx_word' id='word_1_112' title='bbox 2302 1721 2671 1797; x_wconf 83' lang='lat' dir='ltr'><strong>explicanda,</strong></span> 
     </span>
     <span class='ocr_line' id='line_1_13' title="bbox 192 1823 2675 1902; baseline 0.002 -24"><span class='ocrx_word' id='word_1_113' title='bbox 192 1829 250 1878; x_wconf 86' lang='lat' dir='ltr'><strong>ut</strong></span> <span class='ocrx_word' id='word_1_114' title='bbox 275 1823 463 1880; x_wconf 84' lang='lat' dir='ltr'><strong>aditus</strong></span> <span class='ocrx_word' id='word_1_115' title='bbox 499 1825 576 1882; x_wconf 84' lang='lat' dir='ltr'><strong>ad</strong></span> <span class='ocrx_word' id='word_1_116' title='bbox 623 1824 942 1882; x_wconf 80' lang='lat' dir='ltr'><strong>veritatem</strong></span> <span class='ocrx_word' id='word_1_117' title='bbox 993 1829 1208 1900; x_wconf 81' lang='lat' dir='ltr'><strong>pateat.</strong></span> <span class='ocrx_word' id='word_1_118' title='bbox 1271 1825 1366 1882; x_wconf 82' lang='lat' dir='ltr'><strong>Ex</strong></span> <span class='ocrx_word' id='word_1_119' title='bbox 1409 1829 1580 1882; x_wconf 85' lang='lat' dir='ltr'><strong>tanta</strong></span> <span class='ocrx_word' id='word_1_120' title='bbox 1626 1825 2083 1896; x_wconf 85' lang='lat' dir='ltr'><strong>sententiarum,</strong></span> <span class='ocrx_word' id='word_1_121' title='bbox 2130 1844 2277 1902; x_wconf 86' lang='lat' dir='ltr'><strong>quas</strong></span> <span class='ocrx_word' id='word_1_122' title='bbox 2328 1828 2481 1884; x_wconf 83' lang='lat' dir='ltr'><strong>circa</strong></span> <span class='ocrx_word' id='word_1_123' title='bbox 2525 1826 2675 1884; x_wconf 89' lang='lat' dir='ltr'><strong>desi·</strong></span> 
     </span>
     <span class='ocr_line' id='line_1_14' title="bbox 193 1927 2675 2006; baseline 0.002 -22"><span class='ocrx_word' id='word_1_124' title='bbox 193 1927 470 2000; x_wconf 83' lang='lat' dir='ltr'><strong>gnandum</strong></span> <span class='ocrx_word' id='word_1_125' title='bbox 519 1929 762 1986; x_wconf 83' lang='lat' dir='ltr'><strong>Christo</strong></span> <span class='ocrx_word' id='word_1_126' title='bbox 807 1928 1062 1986; x_wconf 84' lang='lat' dir='ltr'><strong>natalem</strong></span> <span class='ocrx_word' id='word_1_127' title='bbox 1115 1949 1338 1986; x_wconf 84' lang='lat' dir='ltr'><strong>annum</strong></span> <span class='ocrx_word' id='word_1_128' title='bbox 1384 1930 1725 2006; x_wconf 85' lang='lat' dir='ltr'><strong>reperimus,</strong></span> <span class='ocrx_word' id='word_1_129' title='bbox 1782 1929 2089 2001; x_wconf 81' lang='lat' dir='ltr'><strong>varietate,</strong></span> <span class='ocrx_word' id='word_1_130' title='bbox 2146 1949 2262 1987; x_wconf 88' lang='lat' dir='ltr'><strong>non</strong></span> <span class='ocrx_word' id='word_1_131' title='bbox 2316 1931 2508 2006; x_wconf 88' lang='lat' dir='ltr'><strong>potuit</strong></span> <span class='ocrx_word' id='word_1_132' title='bbox 2558 1950 2675 1988; x_wconf 89' lang='lat' dir='ltr'><strong>non</strong></span> 
     </span>
     <span class='ocr_line' id='line_1_15' title="bbox 191 2029 2677 2113; baseline 0.002 -26"><span class='ocrx_word' id='word_1_133' title='bbox 191 2031 332 2089; x_wconf 84' lang='lat' dir='ltr'><strong>nasci</strong></span> <span class='ocrx_word' id='word_1_134' title='bbox 379 2031 500 2091; x_wconf 84' lang='lat' dir='ltr'><strong>alia</strong></span> <span class='ocrx_word' id='word_1_135' title='bbox 545 2035 879 2092; x_wconf 82' lang='lat' dir='ltr'><strong>dubitatio:</strong></span> <span class='ocrx_word' id='word_1_136' title='bbox 931 2034 1001 2091; x_wconf 88' lang='lat' dir='ltr'><strong>de</strong></span> <span class='ocrx_word' id='word_1_137' title='bbox 1032 2029 1292 2110; x_wconf 80' lang='lat' dir='ltr'><strong>tempore</strong></span> <span class='ocrx_word' id='word_1_138' title='bbox 1336 2053 1450 2112; x_wconf 89' lang='lat' dir='ltr'><strong>quo</strong></span> <span class='ocrx_word' id='word_1_139' title='bbox 1492 2033 1715 2094; x_wconf 75' lang='lat' dir='ltr'><strong>Christi</strong></span> <span class='ocrx_word' id='word_1_140' title='bbox 1760 2035 2063 2092; x_wconf 73' lang='lat' dir='ltr'><strong>descensus</strong></span> <span class='ocrx_word' id='word_1_141' title='bbox 2092 2035 2158 2090; x_wconf 88' lang='lat' dir='ltr'><strong>in</strong></span> <span class='ocrx_word' id='word_1_142' title='bbox 2194 2033 2231 2090; x_wconf 89' lang='lat' dir='ltr'><strong>J</strong></span> <span class='ocrx_word' id='word_1_143' title='bbox 2232 2034 2466 2092; x_wconf 87' lang='lat' dir='ltr'><strong>ordauis</strong></span> <span class='ocrx_word' id='word_1_144' title='bbox 2497 2054 2677 2113; x_wconf 82' lang='lat' dir='ltr'><strong>aquas</strong></span> 
     </span>
     <span class='ocr_line' id='line_1_16' title="bbox 191 2121 2678 2213; baseline 0.002 -21"><span class='ocrx_word' id='word_1_145' title='bbox 191 2135 390 2196; x_wconf 78' lang='lat' dir='ltr'><strong>evenit.</strong></span> <span class='ocrx_word' id='word_1_146' title='bbox 451 2137 586 2196; x_wconf 87' lang='lat' dir='ltr'><strong>Etsi</strong></span> <span class='ocrx_word' id='word_1_147' title='bbox 635 2141 796 2196; x_wconf 88' lang='lat' dir='ltr'><strong>enim</strong></span> <span class='ocrx_word' id='word_1_148' title='bbox 855 2138 1016 2196; x_wconf 87' lang='lat' dir='ltr'><strong>inter</strong></span> <span class='ocrx_word' id='word_1_149' title='bbox 1065 2158 1262 2197; x_wconf 87' lang='lat' dir='ltr'><strong>omnes</strong></span> <span class='ocrx_word' id='word_1_150' title='bbox 1308 2121 1636 2213; x_wconf 74' lang='lat' dir='ltr'><strong>conveniat,</strong></span> <span class='ocrx_word' id='word_1_151' title='bbox 1687 2140 2024 2198; x_wconf 79' lang='lat' dir='ltr'><strong>descensum</strong></span> <span class='ocrx_word' id='word_1_152' title='bbox 2067 2139 2239 2198; x_wconf 89' lang='lat' dir='ltr'><strong>illum</strong></span> <span class='ocrx_word' id='word_1_153' title='bbox 2289 2159 2321 2194; x_wconf 91' lang='lat' dir='ltr'><strong>e</strong></span> <span class='ocrx_word' id='word_1_154' title='bbox 2366 2139 2678 2198; x_wconf 83' lang='lat' dir='ltr'><strong>Sacramm</strong></span> 
     </span>
     <span class='ocr_line' id='line_1_17' title="bbox 189 2239 2673 2317; baseline 0.002 -21"><span class='ocrx_word' id='word_1_155' title='bbox 189 2239 622 2317; x_wconf 71' lang='lat' dir='ltr'><strong>seripturarum</strong></span> <span class='ocrx_word' id='word_1_156' title='bbox 653 2243 1006 2313; x_wconf 80' lang='lat' dir='ltr'><strong>testimoniO,</strong></span> <span class='ocrx_word' id='word_1_157' title='bbox 1041 2263 1076 2301; x_wconf 86' lang='lat' dir='ltr'><strong>a</strong></span> <span class='ocrx_word' id='word_1_158' title='bbox 1105 2243 1400 2301; x_wconf 87' lang='lat' dir='ltr'><strong>tricesimo</strong></span> <span class='ocrx_word' id='word_1_159' title='bbox 1431 2245 1641 2302; x_wconf 81' lang='lat' dir='ltr'><strong>aetatis</strong></span> <span class='ocrx_word' id='word_1_160' title='bbox 1664 2243 1885 2303; x_wconf 85' lang='lat' dir='ltr'><strong>Christi</strong></span> <span class='ocrx_word' id='word_1_161' title='bbox 1918 2264 2073 2303; x_wconf 86' lang='lat' dir='ltr'><strong>anno</strong></span> <span class='ocrx_word' id='word_1_162' title='bbox 2100 2243 2355 2301; x_wconf 89' lang='lat' dir='ltr'><strong>multum</strong></span> <span class='ocrx_word' id='word_1_163' title='bbox 2386 2245 2673 2303; x_wconf 85' lang='lat' dir='ltr'><strong>removeri</strong></span> 
     </span>
     <span class='ocr_line' id='line_1_18' title="bbox 191 2343 2676 2425; baseline 0.002 -23"><span class='ocrx_word' id='word_1_164' title='bbox 191 2364 294 2402; x_wconf 88' lang='lat' dir='ltr'><strong>non</strong></span> <span class='ocrx_word' id='word_1_165' title='bbox 335 2365 534 2422; x_wconf 82' lang='lat' dir='ltr'><strong>posse3</strong></span> <span class='ocrx_word' id='word_1_166' title='bbox 583 2347 730 2425; x_wconf 89' lang='lat' dir='ltr'><strong>quia</strong></span> <span class='ocrx_word' id='word_1_167' title='bbox 773 2353 971 2405; x_wconf 83' lang='lat' dir='ltr'><strong>tamen</strong></span> <span class='ocrx_word' id='word_1_168' title='bbox 1017 2349 1294 2406; x_wconf 84' lang='lat' dir='ltr'><strong>adiuncta</strong></span> <span class='ocrx_word' id='word_1_169' title='bbox 1337 2349 1497 2406; x_wconf 87' lang='lat' dir='ltr'><strong>haud</strong></span> <span class='ocrx_word' id='word_1_170' title='bbox 1541 2349 1685 2406; x_wconf 86' lang='lat' dir='ltr'><strong>satis</strong></span> <span class='ocrx_word' id='word_1_171' title='bbox 1729 2348 1884 2406; x_wconf 87' lang='lat' dir='ltr'><strong>clare</strong></span> <span class='ocrx_word' id='word_1_172' title='bbox 1925 2369 1960 2406; x_wconf 84' lang='lat' dir='ltr'><strong>a</strong></span> <span class='ocrx_word' id='word_1_173' title='bbox 2007 2343 2425 2425; x_wconf 82' lang='lat' dir='ltr'><strong>Hagiographo</strong></span> <span class='ocrx_word' id='word_1_174' title='bbox 2472 2351 2676 2425; x_wconf 86' lang='lat' dir='ltr'><strong>expri-</strong></span> 
     </span>
     <span class='ocr_line' id='line_1_19' title="bbox 193 2452 2673 2530; baseline 0.002 -24"><span class='ocrx_word' id='word_1_175' title='bbox 193 2455 432 2522; x_wconf 84' lang='lat' dir='ltr'><strong>mantur,</strong></span> <span class='ocrx_word' id='word_1_176' title='bbox 479 2452 800 2510; x_wconf 85' lang='lat' dir='ltr'><strong>dissidium</strong></span> <span class='ocrx_word' id='word_1_177' title='bbox 845 2455 1066 2510; x_wconf 83' lang='lat' dir='ltr'><strong>oritur:</strong></span> <span class='ocrx_word' id='word_1_178' title='bbox 1110 2453 1182 2511; x_wconf 86' lang='lat' dir='ltr'><strong>ad</strong></span> <span class='ocrx_word' id='word_1_179' title='bbox 1233 2471 1405 2530; x_wconf 87' lang='lat' dir='ltr'><strong>quem</strong></span> <span class='ocrx_word' id='word_1_180' title='bbox 1455 2454 1692 2529; x_wconf 87' lang='lat' dir='ltr'><strong>proprie</strong></span> <span class='ocrx_word' id='word_1_181' title='bbox 1733 2473 1957 2511; x_wconf 87' lang='lat' dir='ltr'><strong>annum</strong></span> <span class='ocrx_word' id='word_1_182' title='bbox 2002 2453 2163 2512; x_wconf 78' lang='lat' dir='ltr'><strong>vitae</strong></span> <span class='ocrx_word' id='word_1_183' title='bbox 2199 2473 2235 2510; x_wconf 89' lang='lat' dir='ltr'><strong>a</strong></span> <span class='ocrx_word' id='word_1_184' title='bbox 2279 2453 2433 2511; x_wconf 87' lang='lat' dir='ltr'><strong>Filio</strong></span> <span class='ocrx_word' id='word_1_185' title='bbox 2462 2452 2576 2510; x_wconf 88' lang='lat' dir='ltr'><strong>Dei</strong></span> <span class='ocrx_word' id='word_1_186' title='bbox 2607 2456 2673 2510; x_wconf 88' lang='lat' dir='ltr'><strong>in</strong></span> 
     </span>
     <span class='ocr_line' id='line_1_20' title="bbox 190 2554 2668 2635; baseline 0.002 -25"><span class='ocrx_word' id='word_1_187' title='bbox 190 2554 272 2611; x_wconf 89' lang='lat' dir='ltr'><strong>his</strong></span> <span class='ocrx_word' id='word_1_188' title='bbox 301 2556 474 2614; x_wconf 86' lang='lat' dir='ltr'><strong>terris</strong></span> <span class='ocrx_word' id='word_1_189' title='bbox 496 2555 710 2616; x_wconf 81' lang='lat' dir='ltr'><strong>actae?</strong></span> <span class='ocrx_word' id='word_1_190' title='bbox 737 2557 809 2614; x_wconf 85' lang='lat' dir='ltr'><strong>ad</strong></span> <span class='ocrx_word' id='word_1_191' title='bbox 840 2577 1015 2635; x_wconf 90' lang='lat' dir='ltr'><strong>quem</strong></span> <span class='ocrx_word' id='word_1_192' title='bbox 1047 2559 1255 2615; x_wconf 87' lang='lat' dir='ltr'><strong>deinde</strong></span> <span class='ocrx_word' id='word_1_193' title='bbox 1287 2577 1509 2616; x_wconf 85' lang='lat' dir='ltr'><strong>annum</strong></span> <span class='ocrx_word' id='word_1_194' title='bbox 1540 2577 1708 2616; x_wconf 83' lang='lat' dir='ltr'><strong>aerae</strong></span> <span class='ocrx_word' id='word_1_195' title='bbox 1739 2556 2102 2616; x_wconf 84' lang='lat' dir='ltr'><strong>communis?</strong></span> <span class='ocrx_word' id='word_1_196' title='bbox 2138 2561 2489 2634; x_wconf 80' lang='lat' dir='ltr'><strong>mysterium</strong></span> <span class='ocrx_word' id='word_1_197' title='bbox 2518 2557 2668 2616; x_wconf 88' lang='lat' dir='ltr'><strong>illud</strong></span> 
     </span>
     <span class='ocr_line' id='line_1_21' title="bbox 191 2657 1428 2736; baseline 0.006 -23"><span class='ocrx_word' id='word_1_198' title='bbox 191 2657 494 2718; x_wconf 81' lang='lat' dir='ltr'><strong>ablutionis</strong></span> <span class='ocrx_word' id='word_1_199' title='bbox 525 2661 594 2720; x_wconf 84' lang='lat' dir='ltr'><strong>in</strong></span> <span class='ocrx_word' id='word_1_200' title='bbox 624 2661 878 2720; x_wconf 86' lang='lat' dir='ltr'><strong>Jordane</strong></span> <span class='ocrx_word' id='word_1_201' title='bbox 907 2661 1269 2736; x_wconf 81' lang='lat' dir='ltr'><strong>affigendum</strong></span> <span class='ocrx_word' id='word_1_202' title='bbox 1300 2661 1428 2720; x_wconf 87' lang='lat' dir='ltr'><strong>est?</strong></span> 
     </span>
    </p>
   </div>
   <div class='ocr_carea' id='block_1_3' title="bbox 189 2850 2673 4751">
    <p class='ocr_par' dir='ltr' id='par_1_3' title="bbox 189 2850 2673 4751">
     <span class='ocr_line' id='line_1_22' title="bbox 387 2850 2671 2920; baseline 0.002 -21"><span class='ocrx_word' id='word_1_203' title='bbox 387 2850 730 2902; x_wconf 61' lang='lat' dir='ltr'><strong>convertimus</strong></span> <span class='ocrx_word' id='word_1_204' title='bbox 763 2851 926 2902; x_wconf 63' lang='lat' dir='ltr'><strong>iri-star</strong></span> <span class='ocrx_word' id='word_1_205' title='bbox 971 2852 1285 2920; x_wconf 62' lang='lat' dir='ltr'><strong>digressionis</strong></span> <span class='ocrx_word' id='word_1_206' title='bbox 1331 2868 1598 2903; x_wconf 66' lang='lat' dir='ltr'><strong>sennonem</strong></span> <span class='ocrx_word' id='word_1_207' title='bbox 1642 2851 1713 2902; x_wconf 82' lang='lat' dir='ltr'><strong>ad</strong></span> <span class='ocrx_word' id='word_1_208' title='bbox 1746 2850 1978 2913; x_wconf 79' lang='lat' dir='ltr'><strong>Herodis,</strong></span> <span class='ocrx_word' id='word_1_209' title='bbox 2027 2851 2271 2920; x_wconf 67' lang='lat' dir='ltr'><strong>Phihppi,</strong></span> <span class='ocrx_word' id='word_1_210' title='bbox 2319 2853 2495 2920; x_wconf 62' lang='lat' dir='ltr'><strong>hysara</strong></span> <span class='ocrx_word' id='word_1_211' title='bbox 2503 2853 2671 2920; x_wconf 74' lang='lat' dir='ltr'><strong>ineque</strong></span> 
     </span>
     <span class='ocr_line' id='line_1_23' title="bbox 192 2934 2673 3002; baseline 0.002 -21"><span class='ocrx_word' id='word_1_212' title='bbox 192 2935 479 2988; x_wconf 70' lang='lat' dir='ltr'><strong>tetrarchias.</strong></span> <span class='ocrx_word' id='word_1_213' title='bbox 517 2935 656 2986; x_wconf 86' lang='lat' dir='ltr'><strong>Luc.</strong></span> <span class='ocrx_word' id='word_1_214' title='bbox 678 2937 728 2998; x_wconf 88' lang='lat'><strong>3,</strong></span> <span class='ocrx_word' id='word_1_215' title='bbox 753 2939 798 2987; x_wconf 90' lang='lat'><strong>1.</strong></span> <span class='ocrx_word' id='word_1_216' title='bbox 848 2936 1168 2986; x_wconf 83' lang='lat' dir='ltr'><strong>Tetrarchas</strong></span> <span class='ocrx_word' id='word_1_217' title='bbox 1193 2937 1346 2986; x_wconf 88' lang='lat' dir='ltr'><strong>initio</strong></span> <span class='ocrx_word' id='word_1_218' title='bbox 1371 2941 1593 2986; x_wconf 84' lang='lat' dir='ltr'><strong>vocatos</strong></span> <span class='ocrx_word' id='word_1_219' title='bbox 1618 2934 2080 3002; x_wconf 85' lang='lat' dir='ltr'><strong>deprehendimus,</strong></span> <span class='ocrx_word' id='word_1_220' title='bbox 2110 2939 2201 3002; x_wconf 89' lang='lat' dir='ltr'><strong>qui</strong></span> <span class='ocrx_word' id='word_1_221' title='bbox 2226 2937 2445 2987; x_wconf 85' lang='lat' dir='ltr'><strong>tetranti</strong></span> <span class='ocrx_word' id='word_1_222' title='bbox 2465 2964 2529 2972; x_wconf 90' lang='lat'><strong>—-</strong></span> <span class='ocrx_word' id='word_1_223' title='bbox 2552 2953 2673 2986; x_wconf 85' lang='lat' dir='ltr'><strong>cum</strong></span> 
     </span>
     <span class='ocr_line' id='line_1_24' title="bbox 189 3017 2672 3094; baseline 0.002 -26"><span class='ocrx_word' id='word_1_224' title='bbox 189 3019 429 3088; x_wconf 78' lang='grc' dir='ltr'>τέσσαρες,</span> <span class='ocrx_word' id='word_1_225' title='bbox 481 3027 719 3090; x_wconf 85' lang='lat' dir='ltr'><strong>quatuor</strong></span> <span class='ocrx_word' id='word_1_226' title='bbox 764 3017 876 3074; x_wconf 83' lang='lat' dir='ltr'><strong>sint</strong></span> <span class='ocrx_word' id='word_1_227' title='bbox 893 3052 959 3060; x_wconf 93' lang='lat'>—</span> <span class='ocrx_word' id='word_1_228' title='bbox 986 3025 1190 3090; x_wconf 82' lang='lat' dir='ltr'><strong>regioni</strong></span> <span class='ocrx_word' id='word_1_229' title='bbox 1227 3024 1575 3090; x_wconf 83' lang='lat' dir='ltr'><strong>imperarent3</strong></span> <span class='ocrx_word' id='word_1_230' title='bbox 1623 3038 1720 3073; x_wconf 89' lang='lat' dir='ltr'><strong>seu</strong></span> <span class='ocrx_word' id='word_1_231' title='bbox 1768 3022 1961 3088; x_wconf 87' lang='lat' dir='ltr'><strong>quibus</strong></span> <span class='ocrx_word' id='word_1_232' title='bbox 2007 3028 2201 3089; x_wconf 86' lang='lat' dir='ltr'><strong>quarta</strong></span> <span class='ocrx_word' id='word_1_233' title='bbox 2248 3018 2431 3094; x_wconf 73' lang='grc' dir='ltr'>ἀρχῆς,</span> <span class='ocrx_word' id='word_1_234' title='bbox 2477 3025 2672 3090; x_wconf 88' lang='lat' dir='ltr'><strong>princi·</strong></span> 
     </span>
     <span class='ocr_line' id='line_1_25' title="bbox 189 3109 2673 3176; baseline 0.001 -19"><span class='ocrx_word' id='word_1_235' title='bbox 189 3111 350 3172; x_wconf 85' lang='lat' dir='ltr'><strong>patus,</strong></span> <span class='ocrx_word' id='word_1_236' title='bbox 385 3124 514 3176; x_wconf 86' lang='lat' dir='ltr'><strong>pars</strong></span> <span class='ocrx_word' id='word_1_237' title='bbox 547 3110 806 3176; x_wconf 86' lang='lat' dir='ltr'><strong>obsequia</strong></span> <span class='ocrx_word' id='word_1_238' title='bbox 837 3115 1114 3176; x_wconf 85' lang='lat' dir='ltr'><strong>praestare</strong></span> <span class='ocrx_word' id='word_1_239' title='bbox 1149 3111 1449 3161; x_wconf 84' lang='lat' dir='ltr'><strong>tenebatur.</strong></span> <span class='ocrx_word' id='word_1_240' title='bbox 1500 3109 1813 3161; x_wconf 72' lang='lat' dir='ltr'><strong>subsecutis</strong></span> <span class='ocrx_word' id='word_1_241' title='bbox 1848 3110 2178 3176; x_wconf 79' lang='lat' dir='ltr'><strong>temporibus</strong></span> <span class='ocrx_word' id='word_1_242' title='bbox 2204 3127 2261 3161; x_wconf 88' lang='lat' dir='ltr'><strong>re</strong></span> <span class='ocrx_word' id='word_1_243' title='bbox 2286 3113 2407 3176; x_wconf 88' lang='lat' dir='ltr'><strong>ipsa</strong></span> <span class='ocrx_word' id='word_1_244' title='bbox 2428 3113 2487 3160; x_wconf 86' lang='lat' dir='ltr'><strong>in</strong></span> <span class='ocrx_word' id='word_1_245' title='bbox 2511 3110 2673 3160; x_wconf 88' lang='lat' dir='ltr'><strong>aliam</strong></span> 
     </span>
     <span class='ocr_line' id='line_1_26' title="bbox 189 3193 2671 3266; baseline 0.002 -23"><span class='ocrx_word' id='word_1_246' title='bbox 189 3194 396 3247; x_wconf 82' lang='lat' dir='ltr'><strong>formam</strong></span> <span class='ocrx_word' id='word_1_247' title='bbox 443 3202 657 3248; x_wconf 84' lang='lat' dir='ltr'><strong>mutata</strong></span> <span class='ocrx_word' id='word_1_248' title='bbox 701 3199 919 3248; x_wconf 82' lang='lat' dir='ltr'><strong>nomina</strong></span> <span class='ocrx_word' id='word_1_249' title='bbox 961 3193 1230 3266; x_wconf 80' lang='grc' dir='ltr'>τετράρχης</span> <span class='ocrx_word' id='word_1_250' title='bbox 1277 3203 1330 3248; x_wconf 87' lang='lat' dir='ltr'><strong>et</strong></span> <span class='ocrx_word' id='word_1_251' title='bbox 1373 3195 1662 3266; x_wconf 73' lang='grc' dir='ltr'>τετραρχία,</span> <span class='ocrx_word' id='word_1_252' title='bbox 1713 3197 1859 3263; x_wconf 89' lang='lat' dir='ltr'><strong>quod</strong></span> <span class='ocrx_word' id='word_1_253' title='bbox 1907 3201 2191 3263; x_wconf 83' lang='lat' dir='ltr'><strong>utrumque</strong></span> <span class='ocrx_word' id='word_1_254' title='bbox 2238 3197 2407 3248; x_wconf 85' lang='lat' dir='ltr'><strong>latina</strong></span> <span class='ocrx_word' id='word_1_255' title='bbox 2455 3199 2671 3248; x_wconf 83' lang='lat' dir='ltr'><strong>civitate</strong></span> 
     </span>
     <span class='ocr_line' id='line_1_27' title="bbox 191 3279 2671 3351; baseline 0.002 -21"><span class='ocrx_word' id='word_1_256' title='bbox 191 3281 428 3334; x_wconf 88' lang='lat' dir='ltr'><strong>donatum</strong></span> <span class='ocrx_word' id='word_1_257' title='bbox 466 3289 578 3348; x_wconf 84' lang='lat' dir='ltr'><strong>est,</strong></span> <span class='ocrx_word' id='word_1_258' title='bbox 627 3287 884 3336; x_wconf 82' lang='lat' dir='ltr'><strong>remansit</strong></span> <span class='ocrx_word' id='word_1_259' title='bbox 919 3286 1079 3336; x_wconf 80' lang='lat' dir='ltr'><strong>etiam</strong></span> <span class='ocrx_word' id='word_1_260' title='bbox 1117 3286 1208 3334; x_wconf 91' lang='lat' dir='ltr'><strong>ubi</strong></span> <span class='ocrx_word' id='word_1_261' title='bbox 1247 3284 1378 3335; x_wconf 81' lang='lat' dir='ltr'><strong>ditio</strong></span> <span class='ocrx_word' id='word_1_262' title='bbox 1415 3300 1522 3336; x_wconf 85' lang='lat' dir='ltr'><strong>non</strong></span> <span class='ocrx_word' id='word_1_263' title='bbox 1560 3285 1720 3334; x_wconf 89' lang='lat' dir='ltr'><strong>unius</strong></span> <span class='ocrx_word' id='word_1_264' title='bbox 1754 3279 1982 3351; x_wconf 83' lang='grc' dir='ltr'>τετράδος</span> <span class='ocrx_word' id='word_1_265' title='bbox 2018 3283 2214 3334; x_wconf 86' lang='lat' dir='ltr'><strong>finibus</strong></span> <span class='ocrx_word' id='word_1_266' title='bbox 2258 3285 2671 3348; x_wconf 82' lang='lat' dir='ltr'><strong>terminabatur3</strong></span> 
     </span>
     <span class='ocr_line' id='line_1_28' title="bbox 190 3368 2671 3437; baseline 0.001 -19"><span class='ocrx_word' id='word_1_267' title='bbox 190 3368 274 3418; x_wconf 83' lang='lat' dir='ltr'><strong>sed</strong></span> <span class='ocrx_word' id='word_1_268' title='bbox 319 3370 402 3421; x_wconf 82' lang='lat' dir='ltr'><strong>vel</strong></span> <span class='ocrx_word' id='word_1_269' title='bbox 451 3377 624 3423; x_wconf 87' lang='lat' dir='ltr'><strong>totam</strong></span> <span class='ocrx_word' id='word_1_270' title='bbox 672 3376 885 3437; x_wconf 77' lang='lat' dir='ltr'><strong>gentem</strong></span> <span class='ocrx_word' id='word_1_271' title='bbox 932 3371 1245 3422; x_wconf 86' lang='lat' dir='ltr'><strong>continebat</strong></span> <span class='ocrx_word' id='word_1_272' title='bbox 1279 3399 1345 3408; x_wconf 90' lang='lat'><em>-</em></span> <span class='ocrx_word' id='word_1_273' title='bbox 1382 3374 1460 3421; x_wconf 81' lang='lat' dir='ltr'><strong>uti</strong></span> <span class='ocrx_word' id='word_1_274' title='bbox 1509 3386 1677 3436; x_wconf 87' lang='lat' dir='ltr'><strong>penes</strong></span> <span class='ocrx_word' id='word_1_275' title='bbox 1727 3369 2066 3434; x_wconf 84' lang='lat' dir='ltr'><strong>Ciceronem,</strong></span> <span class='ocrx_word' id='word_1_276' title='bbox 2114 3370 2180 3420; x_wconf 89' lang='lat' dir='ltr'><strong>de</strong></span> <span class='ocrx_word' id='word_1_277' title='bbox 2230 3370 2337 3420; x_wconf 81' lang='lat' dir='ltr'><strong>div.</strong></span> <span class='ocrx_word' id='word_1_278' title='bbox 2373 3371 2427 3434; x_wconf 92' lang='lat' dir='ltr'><strong>I,</strong></span> <span class='ocrx_word' id='word_1_279' title='bbox 2468 3373 2549 3420; x_wconf 80' lang='lat'><strong>15.</strong></span> <span class='ocrx_word' id='word_1_280' title='bbox 2587 3370 2671 3420; x_wconf 89' lang='lat' dir='ltr'><strong>ed.</strong></span> 
     </span>
     <span class='ocr_line' id='line_1_29' title="bbox 189 3454 2670 3528; baseline 0.002 -25"><span class='ocrx_word' id='word_1_281' title='bbox 189 3454 388 3528; x_wconf 77' lang='lat' dir='ltr'><strong>Bipont.</strong></span> <span class='ocrx_word' id='word_1_282' title='bbox 425 3459 524 3520; x_wconf 84' lang='lat' dir='ltr'><strong>XI,</strong></span> <span class='ocrx_word' id='word_1_283' title='bbox 565 3459 684 3509; x_wconf 84' lang='grc'><strong>187.</strong></span> <span class='ocrx_word' id='word_1_284' title='bbox 716 3485 782 3494; x_wconf 91' lang='lat'><em>-</em></span> <span class='ocrx_word' id='word_1_285' title='bbox 816 3458 900 3508; x_wconf 83' lang='lat' dir='ltr'><strong>vel</strong></span> <span class='ocrx_word' id='word_1_286' title='bbox 937 3465 1422 3525; x_wconf 80' lang='lat' dir='ltr'><strong>quantamcumque</strong></span> <span class='ocrx_word' id='word_1_287' title='bbox 1466 3457 1624 3508; x_wconf 84' lang='lat' dir='ltr'><strong>huius</strong></span> <span class='ocrx_word' id='word_1_288' title='bbox 1660 3463 1897 3524; x_wconf 67' lang='lat' dir='ltr'><strong>partem,</strong></span> <span class='ocrx_word' id='word_1_289' title='bbox 1934 3485 1997 3493; x_wconf 91' lang='lat'><em>-</em></span> <span class='ocrx_word' id='word_1_290' title='bbox 2034 3472 2199 3524; x_wconf 88' lang='lat' dir='ltr'><strong>penes</strong></span> <span class='ocrx_word' id='word_1_291' title='bbox 2236 3457 2493 3520; x_wconf 84' lang='lat' dir='ltr'><strong>Plinium,</strong></span> <span class='ocrx_word' id='word_1_292' title='bbox 2530 3457 2670 3509; x_wconf 74' lang='lat' dir='ltr'><strong>nist.</strong></span> 
     </span>
     <span class='ocr_line' id='line_1_30' title="bbox 190 3542 2671 3611; baseline 0.001 -20"><span class='ocrx_word' id='word_1_293' title='bbox 190 3542 300 3592; x_wconf 82' lang='lat' dir='ltr'><strong>Nat.</strong></span> <span class='ocrx_word' id='word_1_294' title='bbox 323 3545 386 3608; x_wconf 89' lang='lat' dir='ltr'><strong>V,</strong></span> <span class='ocrx_word' id='word_1_295' title='bbox 413 3547 499 3596; x_wconf 89' lang='lat'><strong>18.</strong></span> <span class='ocrx_word' id='word_1_296' title='bbox 527 3547 611 3596; x_wconf 80' lang='lat'><strong>32.</strong></span> <span class='ocrx_word' id='word_1_297' title='bbox 649 3562 701 3611; x_wconf 90' lang='lat' dir='ltr'><strong>p.</strong></span> <span class='ocrx_word' id='word_1_298' title='bbox 727 3546 844 3595; x_wconf 80' lang='lat'><strong>224.</strong></span> <span class='ocrx_word' id='word_1_299' title='bbox 884 3547 1095 3595; x_wconf 83' lang='lat'><strong>240.·—-</strong></span> <span class='ocrx_word' id='word_1_300' title='bbox 1121 3550 1282 3611; x_wconf 86' lang='lat' dir='ltr'><strong>atque</strong></span> <span class='ocrx_word' id='word_1_301' title='bbox 1325 3549 1592 3611; x_wconf 82' lang='lat' dir='ltr'><strong>postremo</strong></span> <span class='ocrx_word' id='word_1_302' title='bbox 1640 3544 1743 3596; x_wconf 87' lang='lat' dir='ltr'><strong>hoc</strong></span> <span class='ocrx_word' id='word_1_303' title='bbox 1778 3544 1935 3596; x_wconf 88' lang='lat' dir='ltr'><strong>modo</strong></span> <span class='ocrx_word' id='word_1_304' title='bbox 1972 3545 2379 3595; x_wconf 80' lang='lat' dir='ltr'><strong>Tetrarchae</strong></span> <span class='ocrx_word' id='word_1_305' title='bbox 2416 3544 2671 3611; x_wconf 86' lang='lat' dir='ltr'><strong>adpellati</strong></span> 
     </span>
     <span class='ocr_line' id='line_1_31' title="bbox 190 3629 2669 3698; baseline 0.001 -20"><span class='ocrx_word' id='word_1_306' title='bbox 190 3629 387 3682; x_wconf 69' lang='lat' dir='ltr'><strong>merant</strong></span> <span class='ocrx_word' id='word_1_307' title='bbox 431 3648 486 3683; x_wconf 92' lang='lat' dir='ltr'><strong>n.</strong></span> <span class='ocrx_word' id='word_1_308' title='bbox 525 3631 562 3682; x_wconf 89' lang='lat'><strong>1.</strong></span> <span class='ocrx_word' id='word_1_309' title='bbox 605 3631 853 3682; x_wconf 87' lang='lat' dir='ltr'><strong>Herodes</strong></span> <span class='ocrx_word' id='word_1_310' title='bbox 899 3632 1152 3698; x_wconf 82' lang='lat' dir='ltr'><strong>Antipas,</strong></span> <span class='ocrx_word' id='word_1_311' title='bbox 1201 3631 1480 3698; x_wconf 84' lang='lat' dir='ltr'><strong>Philippus</strong></span> <span class='ocrx_word' id='word_1_312' title='bbox 1530 3637 1584 3682; x_wconf 87' lang='lat' dir='ltr'><strong>et</strong></span> <span class='ocrx_word' id='word_1_313' title='bbox 1629 3630 1915 3696; x_wconf 76' lang='lat' dir='ltr'><strong>Lysaniae.</strong></span> <span class='ocrx_word' id='word_1_314' title='bbox 1988 3630 2355 3682; x_wconf 86' lang='lat' dir='ltr'><strong>Praesidiatus</strong></span> <span class='ocrx_word' id='word_1_315' title='bbox 2402 3631 2565 3682; x_wconf 84' lang='lat' dir='ltr'><strong>Pilati</strong></span> <span class='ocrx_word' id='word_1_316' title='bbox 2612 3633 2669 3682; x_wconf 89' lang='lat' dir='ltr'><strong>in</strong></span> 
     </span>
     <span class='ocr_line' id='line_1_32' title="bbox 191 3715 2671 3786; baseline 0.002 -20"><span class='ocrx_word' id='word_1_317' title='bbox 191 3715 410 3783; x_wconf 77' lang='lat' dir='ltr'><strong>Judaea‚</strong></span> <span class='ocrx_word' id='word_1_318' title='bbox 461 3723 520 3769; x_wconf 84' lang='lat' dir='ltr'><strong>et</strong></span> <span class='ocrx_word' id='word_1_319' title='bbox 563 3720 842 3785; x_wconf 87' lang='lat' dir='ltr'><strong>utriusque</strong></span> <span class='ocrx_word' id='word_1_320' title='bbox 888 3719 1208 3771; x_wconf 81' lang='lat' dir='ltr'><strong>tetrarchiae</strong></span> <span class='ocrx_word' id='word_1_321' title='bbox 1255 3719 1402 3785; x_wconf 81' lang='lat' dir='ltr'><strong>origo</strong></span> <span class='ocrx_word' id='word_1_322' title='bbox 1453 3717 1678 3769; x_wconf 88' lang='lat' dir='ltr'><strong>debetur</strong></span> <span class='ocrx_word' id='word_1_323' title='bbox 1723 3718 1803 3769; x_wconf 91' lang='lat' dir='ltr'><strong>illi</strong></span> <span class='ocrx_word' id='word_1_324' title='bbox 1851 3718 2101 3769; x_wconf 83' lang='lat' dir='ltr'><strong>divisioni</strong></span> <span class='ocrx_word' id='word_1_325' title='bbox 2145 3719 2397 3784; x_wconf 83' lang='lat' dir='ltr'><strong>Augusti,</strong></span> <span class='ocrx_word' id='word_1_326' title='bbox 2446 3735 2511 3770; x_wconf 84' lang='lat' dir='ltr'><strong>ex</strong></span> <span class='ocrx_word' id='word_1_327' title='bbox 2562 3734 2671 3786; x_wconf 84' lang='lat' dir='ltr'><strong>qua</strong></span> 
     </span>
     <span class='ocr_line' id='line_1_33' title="bbox 193 3802 2668 3872; baseline 0.001 -19"><span class='ocrx_word' id='word_1_328' title='bbox 193 3802 408 3856; x_wconf 87' lang='lat' dir='ltr'><strong>Herodis</strong></span> <span class='ocrx_word' id='word_1_329' title='bbox 443 3807 524 3856; x_wconf 82' lang='lat' dir='ltr'><strong>M.</strong></span> <span class='ocrx_word' id='word_1_330' title='bbox 558 3821 782 3872; x_wconf 80' lang='lat' dir='ltr'><strong>regnum</strong></span> <span class='ocrx_word' id='word_1_331' title='bbox 817 3807 872 3857; x_wconf 89' lang='lat' dir='ltr'><strong>in</strong></span> <span class='ocrx_word' id='word_1_332' title='bbox 911 3811 1018 3857; x_wconf 87' lang='lat' dir='ltr'><strong>tres</strong></span> <span class='ocrx_word' id='word_1_333' title='bbox 1053 3807 1222 3872; x_wconf 85' lang='lat' dir='ltr'><strong>ipsius</strong></span> <span class='ocrx_word' id='word_1_334' title='bbox 1257 3805 1425 3857; x_wconf 87' lang='lat' dir='ltr'><strong>filios:</strong></span> <span class='ocrx_word' id='word_1_335' title='bbox 1475 3804 1894 3867; x_wconf 74' lang='lat' dir='ltr'><strong>Archelaum,</strong></span> <span class='ocrx_word' id='word_1_336' title='bbox 1942 3806 2033 3870; x_wconf 90' lang='lat' dir='ltr'><strong>qui</strong></span> <span class='ocrx_word' id='word_1_337' title='bbox 2069 3807 2219 3871; x_wconf 85' lang='lat' dir='ltr'><strong>regia</strong></span> <span class='ocrx_word' id='word_1_338' title='bbox 2254 3805 2468 3872; x_wconf 86' lang='lat' dir='ltr'><strong>quidem</strong></span> <span class='ocrx_word' id='word_1_339' title='bbox 2502 3807 2668 3856; x_wconf 89' lang='lat' dir='ltr'><strong>mino-</strong></span> 
     </span>
     <span class='ocr_line' id='line_1_34' title="bbox 192 3891 2668 3960; baseline 0.001 -20"><span class='ocrx_word' id='word_1_340' title='bbox 192 3905 312 3954; x_wconf 83' lang='lat' dir='ltr'><strong>rem,</strong></span> <span class='ocrx_word' id='word_1_341' title='bbox 347 3894 570 3960; x_wconf 87' lang='lat' dir='ltr'><strong>reliquis</strong></span> <span class='ocrx_word' id='word_1_342' title='bbox 607 3899 788 3944; x_wconf 87' lang='lat' dir='ltr'><strong>tamen</strong></span> <span class='ocrx_word' id='word_1_343' title='bbox 822 3894 992 3960; x_wconf 77' lang='lat' dir='ltr'><strong>magis</strong></span> <span class='ocrx_word' id='word_1_344' title='bbox 1029 3893 1372 3944; x_wconf 83' lang='lat' dir='ltr'><strong>honorificam</strong></span> <span class='ocrx_word' id='word_1_345' title='bbox 1409 3893 1625 3944; x_wconf 88' lang='lat' dir='ltr'><strong>sortitus</strong></span> <span class='ocrx_word' id='word_1_346' title='bbox 1664 3897 1747 3942; x_wconf 85' lang='lat' dir='ltr'><strong>est</strong></span> <span class='ocrx_word' id='word_1_347' title='bbox 1782 3891 2197 3958; x_wconf 85' lang='lat' dir='ltr'><strong>adpellationem</strong></span> <span class='ocrx_word' id='word_1_348' title='bbox 2235 3892 2668 3957; x_wconf 79' lang='lat' dir='ltr'><strong>ethnarcha03</strong></span> 
     </span>
     <span class='ocr_line' id='line_1_35' title="bbox 194 3976 2669 4046; baseline 0 -19"><span class='ocrx_word' id='word_1_349' title='bbox 194 3976 370 4030; x_wconf 81' lang='lat' dir='ltr'><strong>deinde</strong></span> <span class='ocrx_word' id='word_1_350' title='bbox 405 3982 546 4031; x_wconf 85' lang='lat' dir='ltr'><strong>inter</strong></span> <span class='ocrx_word' id='word_1_351' title='bbox 583 3980 852 4031; x_wconf 86' lang='lat' dir='ltr'><strong>Herodem</strong></span> <span class='ocrx_word' id='word_1_352' title='bbox 886 3981 1138 4046; x_wconf 81' lang='lat' dir='ltr'><strong>Antipam</strong></span> <span class='ocrx_word' id='word_1_353' title='bbox 1175 3986 1230 4030; x_wconf 88' lang='lat' dir='ltr'><strong>et</strong></span> <span class='ocrx_word' id='word_1_354' title='bbox 1265 3980 1570 4046; x_wconf 86' lang='lat' dir='ltr'><strong>Philippum</strong></span> <span class='ocrx_word' id='word_1_355' title='bbox 1606 3979 1891 4030; x_wconf 84' lang='lat' dir='ltr'><strong>distribuit.</strong></span> <span class='ocrx_word' id='word_1_356' title='bbox 1941 3979 2093 4042; x_wconf 83' lang='lat' dir='ltr'><strong>Quae</strong></span> <span class='ocrx_word' id='word_1_357' title='bbox 2128 3995 2213 4030; x_wconf 89' lang='lat' dir='ltr'><strong>res</strong></span> <span class='ocrx_word' id='word_1_358' title='bbox 2251 3995 2371 4029; x_wconf 86' lang='lat' dir='ltr'><strong>cum</strong></span> <span class='ocrx_word' id='word_1_359' title='bbox 2408 3979 2477 4029; x_wconf 87' lang='lat' dir='ltr'><strong>ad</strong></span> <span class='ocrx_word' id='word_1_360' title='bbox 2514 3978 2669 4028; x_wconf 85' lang='lat' dir='ltr'><strong>intel-</strong></span> 
     </span>
     <span class='ocr_line' id='line_1_36' title="bbox 191 4062 2668 4133; baseline -0.001 -17"><span class='ocrx_word' id='word_1_361' title='bbox 191 4062 444 4130; x_wconf 76' lang='lat' dir='ltr'><strong>ligendum</strong></span> <span class='ocrx_word' id='word_1_362' title='bbox 483 4067 549 4117; x_wconf 78' lang='lat' dir='ltr'><strong>N.</strong></span> <span class='ocrx_word' id='word_1_363' title='bbox 587 4067 650 4117; x_wconf 73' lang='lat'><strong>&#39;1⁸.</strong></span> <span class='ocrx_word' id='word_1_364' title='bbox 688 4068 928 4133; x_wconf 88' lang='lat' dir='ltr'><strong>apprime</strong></span> <span class='ocrx_word' id='word_1_365' title='bbox 963 4067 1154 4129; x_wconf 83' lang='lat' dir='ltr'><strong>faciat,</strong></span> <span class='ocrx_word' id='word_1_366' title='bbox 1203 4082 1268 4116; x_wconf 89' lang='lat' dir='ltr'><strong>ex</strong></span> <span class='ocrx_word' id='word_1_367' title='bbox 1312 4065 1554 4132; x_wconf 86' lang='lat' dir='ltr'><strong>Josepho</strong></span> <span class='ocrx_word' id='word_1_368' title='bbox 1599 4064 1867 4118; x_wconf 81' lang='lat' dir='ltr'><strong>illustrata</strong></span> <span class='ocrx_word' id='word_1_369' title='bbox 1912 4071 1995 4116; x_wconf 87' lang='lat' dir='ltr'><strong>est</strong></span> <span class='ocrx_word' id='word_1_370' title='bbox 2028 4081 2063 4116; x_wconf 88' lang='lat' dir='ltr'><strong>a</strong></span> <span class='ocrx_word' id='word_1_371' title='bbox 2097 4066 2254 4116; x_wconf 88' lang='lat' dir='ltr'><strong>nobis</strong></span> <span class='ocrx_word' id='word_1_372' title='bbox 2300 4067 2355 4115; x_wconf 90' lang='lat' dir='ltr'><strong>in</strong></span> <span class='ocrx_word' id='word_1_373' title='bbox 2390 4065 2515 4116; x_wconf 86' lang='lat' dir='ltr'><strong>Not.</strong></span> <span class='ocrx_word' id='word_1_374' title='bbox 2550 4069 2589 4113; x_wconf 86' lang='lat' dir='ltr'><strong>t.</strong></span> <span class='ocrx_word' id='word_1_375' title='bbox 2626 4079 2668 4126; x_wconf 75' lang='lat' dir='ltr'><strong>s.</strong></span> 
     </span>
     <span class='ocr_line' id='line_1_37' title="bbox 193 4149 2672 4220; baseline -0 -17"><span class='ocrx_word' id='word_1_376' title='bbox 193 4166 356 4219; x_wconf 78' lang='lat' dir='ltr'><strong>geogr.</strong></span> <span class='ocrx_word' id='word_1_377' title='bbox 383 4171 436 4220; x_wconf 88' lang='lat' dir='ltr'><strong>p.</strong></span> <span class='ocrx_word' id='word_1_378' title='bbox 461 4153 683 4206; x_wconf 84' lang='lat' dir='ltr'><strong>XLVII.</strong></span> <span class='ocrx_word' id='word_1_379' title='bbox 717 4151 888 4217; x_wconf 87' lang='lat' dir='ltr'><strong>XCI.;</strong></span> <span class='ocrx_word' id='word_1_380' title='bbox 927 4153 996 4204; x_wconf 83' lang='lat' dir='ltr'><strong>ad</strong></span> <span class='ocrx_word' id='word_1_381' title='bbox 1033 4169 1192 4220; x_wconf 83' lang='lat' dir='ltr'><strong>quam</strong></span> <span class='ocrx_word' id='word_1_382' title='bbox 1228 4154 1482 4204; x_wconf 87' lang='lat' dir='ltr'><strong>lectorem</strong></span> <span class='ocrx_word' id='word_1_383' title='bbox 1519 4152 1897 4204; x_wconf 84' lang='lat' dir='ltr'><strong>humanissime</strong></span> <span class='ocrx_word' id='word_1_384' title='bbox 1934 4154 2261 4204; x_wconf 83' lang='lat' dir='ltr'><strong>remittimus.</strong></span> <span class='ocrx_word' id='word_1_385' title='bbox 2302 4149 2573 4217; x_wconf 87' lang='lat' dir='ltr'><strong>Superest,</strong></span> <span class='ocrx_word' id='word_1_386' title='bbox 2610 4156 2672 4202; x_wconf 85' lang='lat' dir='ltr'><strong>ut</strong></span> 
     </span>
     <span class='ocr_line' id='line_1_38' title="bbox 193 4237 2667 4305; baseline 0 -17"><span class='ocrx_word' id='word_1_387' title='bbox 193 4237 254 4286; x_wconf 78' lang='lat' dir='ltr'><strong>ad</strong></span> <span class='ocrx_word' id='word_1_388' title='bbox 275 4239 564 4304; x_wconf 81' lang='lat' dir='ltr'><strong>Lysaniam</strong></span> <span class='ocrx_word' id='word_1_389' title='bbox 601 4240 897 4304; x_wconf 85' lang='lat' dir='ltr'><strong>redeamus,</strong></span> <span class='ocrx_word' id='word_1_390' title='bbox 937 4241 1087 4292; x_wconf 88' lang='lat' dir='ltr'><strong>cuius</strong></span> <span class='ocrx_word' id='word_1_391' title='bbox 1123 4256 1232 4292; x_wconf 89' lang='lat' dir='ltr'><strong>non</strong></span> <span class='ocrx_word' id='word_1_392' title='bbox 1256 4239 1380 4290; x_wconf 87' lang='lat' dir='ltr'><strong>ideo</strong></span> <span class='ocrx_word' id='word_1_393' title='bbox 1417 4241 1657 4291; x_wconf 82' lang='lat' dir='ltr'><strong>meminit</strong></span> <span class='ocrx_word' id='word_1_394' title='bbox 1692 4257 1733 4291; x_wconf 88' lang='lat' dir='ltr'><strong>s.</strong></span> <span class='ocrx_word' id='word_1_395' title='bbox 1758 4239 1955 4302; x_wconf 85' lang='lat' dir='ltr'><strong>Lucas,</strong></span> <span class='ocrx_word' id='word_1_396' title='bbox 1995 4239 2137 4305; x_wconf 85' lang='lat' dir='ltr'><strong>quod</strong></span> <span class='ocrx_word' id='word_1_397' title='bbox 2170 4241 2310 4288; x_wconf 84' lang='lat' dir='ltr'><strong>inter</strong></span> <span class='ocrx_word' id='word_1_398' title='bbox 2332 4237 2667 4289; x_wconf 87' lang='lat' dir='ltr'><strong>Herodiades</strong></span> 
     </span>
     <span class='ocr_line' id='line_1_39' title="bbox 193 4325 2667 4393; baseline 0.001 -19"><span class='ocrx_word' id='word_1_399' title='bbox 193 4329 440 4378; x_wconf 85' lang='lat' dir='ltr'><strong>numerari</strong></span> <span class='ocrx_word' id='word_1_400' title='bbox 487 4343 610 4378; x_wconf 85' lang='lat' dir='ltr'><strong>eum</strong></span> <span class='ocrx_word' id='word_1_401' title='bbox 658 4328 846 4391; x_wconf 78' lang='lat' dir='ltr'><strong>vellet3</strong></span> <span class='ocrx_word' id='word_1_402' title='bbox 892 4327 989 4378; x_wconf 84' lang='lat' dir='ltr'><strong>scd</strong></span> <span class='ocrx_word' id='word_1_403' title='bbox 1035 4333 1098 4377; x_wconf 86' lang='lat' dir='ltr'><strong>ut</strong></span> <span class='ocrx_word' id='word_1_404' title='bbox 1138 4328 1294 4378; x_wconf 84' lang='lat' dir='ltr'><strong>initia</strong></span> <span class='ocrx_word' id='word_1_405' title='bbox 1338 4342 1514 4378; x_wconf 88' lang='lat' dir='ltr'><strong>rerum</strong></span> <span class='ocrx_word' id='word_1_406' title='bbox 1561 4343 1596 4377; x_wconf 87' lang='lat' dir='ltr'><strong>a</strong></span> <span class='ocrx_word' id='word_1_407' title='bbox 1631 4325 1845 4378; x_wconf 87' lang='lat' dir='ltr'><strong>Christo</strong></span> <span class='ocrx_word' id='word_1_408' title='bbox 1891 4331 2162 4393; x_wconf 77' lang='lat' dir='ltr'><strong>gestarum</strong></span> <span class='ocrx_word' id='word_1_409' title='bbox 2209 4325 2489 4392; x_wconf 86' lang='lat' dir='ltr'><strong>multiplici</strong></span> <span class='ocrx_word' id='word_1_410' title='bbox 2536 4331 2667 4376; x_wconf 86' lang='lat' dir='ltr'><strong>nota</strong></span> 
     </span>
     <span class='ocr_line' id='line_1_40' title="bbox 193 4412 2669 4481; baseline 0.001 -21"><span class='ocrx_word' id='word_1_411' title='bbox 193 4413 452 4481; x_wconf 82' lang='lat' dir='ltr'><strong>utriusque</strong></span> <span class='ocrx_word' id='word_1_412' title='bbox 499 4416 784 4480; x_wconf 79' lang='lat' dir='ltr'><strong>potestatis</strong></span> <span class='ocrx_word' id='word_1_413' title='bbox 829 4415 1126 4481; x_wconf 78' lang='lat' dir='ltr'><strong>insigniret.</strong></span> <span class='ocrx_word' id='word_1_414' title='bbox 1184 4414 1371 4465; x_wconf 90' lang='lat' dir='ltr'><strong>Voluit</strong></span> <span class='ocrx_word' id='word_1_415' title='bbox 1411 4412 1765 4480; x_wconf 82' lang='lat' dir='ltr'><strong>Evangelista</strong></span> <span class='ocrx_word' id='word_1_416' title='bbox 1811 4415 2100 4464; x_wconf 86' lang='lat' dir='ltr'><strong>memoriae</strong></span> <span class='ocrx_word' id='word_1_417' title='bbox 2150 4413 2403 4478; x_wconf 86' lang='lat' dir='ltr'><strong>prodere,</strong></span> <span class='ocrx_word' id='word_1_418' title='bbox 2450 4414 2669 4479; x_wconf 87' lang='lat' dir='ltr'><strong>quinam</strong></span> 
     </span>
     <span class='ocr_line' id='line_1_41' title="bbox 193 4497 2670 4566; baseline 0.002 -20"><span class='ocrx_word' id='word_1_419' title='bbox 193 4497 278 4548; x_wconf 87' lang='lat' dir='ltr'><strong>illa</strong></span> <span class='ocrx_word' id='word_1_420' title='bbox 311 4507 510 4565; x_wconf 85' lang='lat' dir='ltr'><strong>aetate,</strong></span> <span class='ocrx_word' id='word_1_421' title='bbox 561 4503 714 4553; x_wconf 85' lang='lat' dir='ltr'><strong>cuius</strong></span> <span class='ocrx_word' id='word_1_422' title='bbox 759 4501 1008 4552; x_wconf 83' lang='lat' dir='ltr'><strong>historias</strong></span> <span class='ocrx_word' id='word_1_423' title='bbox 1053 4501 1287 4552; x_wconf 87' lang='lat' dir='ltr'><strong>scribere</strong></span> <span class='ocrx_word' id='word_1_424' title='bbox 1325 4500 1763 4566; x_wconf 80' lang='lat' dir='ltr'><strong>aggrediebatur,</strong></span> <span class='ocrx_word' id='word_1_425' title='bbox 1812 4500 2214 4551; x_wconf 85' lang='lat' dir='ltr'><strong>dominarentur</strong></span> <span class='ocrx_word' id='word_1_426' title='bbox 2248 4501 2303 4549; x_wconf 90' lang='lat' dir='ltr'><strong>in</strong></span> <span class='ocrx_word' id='word_1_427' title='bbox 2340 4501 2670 4565; x_wconf 79' lang='lat' dir='ltr'><strong>regionibus,</strong></span> 
     </span>
     <span class='ocr_line' id='line_1_42' title="bbox 194 4577 2665 4654; baseline -0 -18"><span class='ocrx_word' id='word_1_428' title='bbox 194 4589 292 4636; x_wconf 80' lang='lat' dir='ltr'><strong>tum</strong></span> <span class='ocrx_word' id='word_1_429' title='bbox 338 4589 530 4654; x_wconf 83' lang='lat' dir='ltr'><strong>quibus</strong></span> <span class='ocrx_word' id='word_1_430' title='bbox 574 4593 700 4638; x_wconf 85' lang='lat' dir='ltr'><strong>aute</strong></span> <span class='ocrx_word' id='word_1_431' title='bbox 723 4577 840 4639; x_wconf 85' lang='lat' dir='ltr'><strong>&#39;eos</strong></span> <span class='ocrx_word' id='word_1_432' title='bbox 887 4587 1134 4639; x_wconf 87' lang='lat' dir='ltr'><strong>Herodes</strong></span> <span class='ocrx_word' id='word_1_433' title='bbox 1183 4587 1272 4650; x_wconf 78' lang='lat' dir='ltr'><strong>M..</strong></span> <span class='ocrx_word' id='word_1_434' title='bbox 1323 4593 1434 4638; x_wconf 84' lang='lat' dir='ltr'><strong>turn</strong></span> <span class='ocrx_word' id='word_1_435' title='bbox 1481 4587 1702 4654; x_wconf 87' lang='lat' dir='ltr'><strong>quibus,</strong></span> <span class='ocrx_word' id='word_1_436' title='bbox 1752 4602 1873 4637; x_wconf 90' lang='lat' dir='ltr'><strong>cum</strong></span> <span class='ocrx_word' id='word_1_437' title='bbox 1921 4589 2037 4652; x_wconf 88' lang='lat' dir='ltr'><strong>ipse</strong></span> <span class='ocrx_word' id='word_1_438' title='bbox 2084 4601 2125 4636; x_wconf 80' lang='lat' dir='ltr'><strong>s.</strong></span> <span class='ocrx_word' id='word_1_439' title='bbox 2153 4587 2329 4638; x_wconf 86' lang='lat' dir='ltr'><strong>Lucas</strong></span> <span class='ocrx_word' id='word_1_440' title='bbox 2378 4587 2665 4647; x_wconf 85' lang='lat' dir='ltr'><strong>scribebat,</strong></span> 
     </span>
     <span class='ocr_line' id='line_1_43' title="bbox 195 4670 2665 4751; baseline 0 -25"><span class='ocrx_word' id='word_1_441' title='bbox 195 4670 410 4750; x_wconf 74' lang='lat' dir='ltr'><strong>Agrippa</strong></span> <span class='ocrx_word' id='word_1_442' title='bbox 445 4675 678 4727; x_wconf 86' lang='lat' dir='ltr'><strong>Herodis</strong></span> <span class='ocrx_word' id='word_1_443' title='bbox 715 4690 984 4751; x_wconf 80' lang='lat' dir='ltr'><strong>pronepos</strong></span> <span class='ocrx_word' id='word_1_444' title='bbox 1025 4674 1347 4748; x_wconf 83' lang='lat' dir='ltr'><strong>potiebatur.</strong></span> <span class='ocrx_word' id='word_1_445' title='bbox 1409 4674 1540 4746; x_wconf 70' lang='lat' dir='ltr'><strong>Quis</strong></span> <span class='ocrx_word' id='word_1_446' title='bbox 1589 4678 1768 4725; x_wconf 85' lang='lat' dir='ltr'><strong>autem</strong></span> <span class='ocrx_word' id='word_1_447' title='bbox 1814 4675 1915 4726; x_wconf 83' lang='lat' dir='ltr'><strong>iste</strong></span> <span class='ocrx_word' id='word_1_448' title='bbox 1959 4675 2223 4748; x_wconf 71' lang='lat' dir='ltr'><strong>Lysaniae</strong></span> <span class='ocrx_word' id='word_1_449' title='bbox 2269 4673 2451 4739; x_wconf 81' lang='lat' dir='ltr'><strong>fuerit,</strong></span> <span class='ocrx_word' id='word_1_450' title='bbox 2498 4672 2565 4722; x_wconf 84' lang='lat' dir='ltr'><strong>de</strong></span> <span class='ocrx_word' id='word_1_451' title='bbox 2602 4687 2665 4728; x_wconf 81' lang='lat' dir='ltr'><strong>eo</strong></span> 
     </span>
    </p>
   </div>
  </div>
 </body>
</html>
