3267 5259
955 474 1154 517 Tertium
1173 475 1338 517 Pascha
1365 488 1392 517 a
1421 476 1584 519 christi
1611 478 1895 529 baptismate.
2592 470 2676 533 69

206 646 312 711 sibi
353 645 608 729 vellent,
634 646 924 712 oblocuti
967 658 1136 713 sunt.
1197 649 1339 715 Imo
1375 650 1807 716 offensionem
1842 652 2044 716 etiam
2076 674 2163 716 ex
2190 652 2419 718 iisdem
2458 654 2676 720 verbis

204 761 358 845 passi
401 768 550 823 sunt
587 759 961 846 complures
993 759 1477 847 discipulorum,
1521 765 1630 848 qui
1680 762 2005 828 Christum
2050 774 2403 850 propterea
2445 767 2669 831 incon-

203 872 348 935 sulte
393 871 840 935 deseruerunt.
888 872 1020 937 Illis
1065 875 1286 959 itaque
1331 873 1722 940 abeuntibus
1756 876 1799 940 J
1801 896 1951 939 esus
2000 899 2352 941 conversus
2397 878 2481 942 ad
2515 878 2671 944 duo-

207 982 392 1047 decim
415 982 772 1069 Apostolos
809 988 1144 1070 quaesivit,
1169 986 1486 1072 numquid
1520 997 1584 1050 et
1613 1010 1733 1053 vos
1764 988 1958 1052 vultis
1990 988 2217 1053 abire?
2248 990 2416 1054 Tum
2440 991 2673 1056 Petrus

207 1118 529 1181 epersona
573 1098 888 1181 omnium,
936 1096 1114 1183 quod
1160 1108 1333 1163 esset
1378 1121 1604 1163 eorum
1654 1109 1869 1187 caput,
1918 1100 2122 1165 edidit
2151 1102 2673 1167 confessionem:

205 1232 306 1271 nos
336 1207 658 1274 credimus
686 1220 752 1273 et
775 1212 1220 1295 cognovimuS,
1249 1212 1400 1296 quia
1425 1222 1494 1275 tu
1519 1234 1590 1276 es
1617 1212 1909 1277 Christus
1942 1213 2109 1278 filius
2132 1214 2293 1279 Dei!
2322 1218 2339 1259 ¹
2368 1216 2478 1279 Ad
2508 1216 2674 1281 haec

207 1321 470 1386 Christus
513 1325 842 1409 reposuit,
889 1346 958 1387 se
1007 1322 1353 1388 duodecim
1399 1326 1519 1389 nisi
1565 1324 1921 1411 Apostolos
1980 1326 2277 1411 elegisse,
2334 1336 2400 1391 et
2448 1338 2671 1393 tamen

207 1435 276 1499 ab
317 1458 438 1499 uno
485 1458 572 1500 ex
616 1437 698 1500 iis
745 1458 814 1501 se
861 1438 1103 1501 inimici
1165 1438 1369 1500 instar
1411 1436 1704 1502 habitum
1763 1440 1839 1502 iri
1859 1440 1903 1502 2.
1979 1439 2155 1503 Hinc
2214 1440 2551 1525 profectus
2604 1443 2673 1505 in

205 1556 452 1612 tractum
501 1548 842 1613 Galilaeae
889 1549 1234 1634 Tyriorum
1276 1560 1340 1614 et
1386 1548 1825 1636 Sydoniorum
1872 1553 2043 1637 agris
2088 1552 2466 1637 finitimum,
2524 1576 2673 1619 cum

208 1683 272 1724 eo
302 1664 724 1747 pervenisset,
767 1662 1124 1727 adventum
1155 1685 1342 1727 suum
1377 1664 1682 1749 cuiquam
1712 1664 1984 1728 indicari
2014 1667 2253 1748 vetuit3
2298 1689 2422 1730 nec
2454 1676 2674 1731 tamen

206 1775 390 1857 potuit
428 1773 656 1859 latere,
707 1777 862 1860 quia
905 1775 1084 1839 fama
1127 1776 1170 1841 J
1174 1798 1288 1839 esu
1333 1775 1578 1861 ubique
1623 1778 2016 1840 innotuerat.
2076 1776 2437 1842 Phoenissa
2479 1780 2673 1863 igitur

207 1885 502 1969 quaedam
531 1886 770 1951 mulier
799 1886 886 1951 ad
914 1890 1128 1974 ipsum
1157 1890 1339 1952 venit
1367 1912 1486 1975 pro
1521 1890 1796 1953 sanitate
1827 1888 1997 1952 filiae
2016 1937 2033 1971 ,
2076 1911 2244 1974 quae
2276 1912 2317 1953 a
2347 1889 2668 1954 daemone

207 1999 628 2083 torquebatur,
661 2011 1004 2085 rogatura3
1053 2002 1262 2065 enixis
1306 2001 1614 2088 precibus
1649 2012 1715 2065 et
1760 2003 2001 2065 eximia
2042 2001 2171 2066 fide
2220 2011 2292 2066 ut
2337 2013 2673 2067 curaretur

205 2133 412 2175 revera
452 2114 833 2200 impetravit
850 2117 892 2177 ³.
957 2112 1150 2177 Circa
1191 2090 1368 2177 idem
1413 2123 1673 2199 tempus
1720 2114 1975 2179 scribae
2010 2124 2075 2177 et
2102 2114 2438 2178 Pharisaei
2484 2114 2671 2179 disci-

207 2222 371 2307 pulos
393 2235 808 2309 accusarunt,
842 2226 1017 2311 quod
1043 2225 1235 2290 illotis
1259 2226 1558 2291 manibus
1588 2226 2083 2292 manducarent.
2140 2225 2290 2307 Qua
2322 2229 2669 2292 occasione

209 2346 456 2422 accepta
521 2337 828 2404 Salvator
895 2362 1008 2403 eos
1076 2340 1320 2424 arguit,
1391 2339 1568 2424 quod
1634 2341 1702 2403 in
1772 2339 2203 2403 exterioribus
2280 2339 2669 2425 quibusdam

212 2451 594 2515 caerimoniis
647 2449 733 2515 ab
783 2450 1152 2515 hominibus
1211 2452 1516 2515 institutis
1563 2461 1783 2515 essent
1829 2473 2027 2538 supra
2070 2452 2341 2516 modum
2402 2451 2670 2537 diligen-

211 2568 308 2641 tes,
351 2560 426 2624 de
478 2562 806 2628 mandatis
857 2584 1014 2627 vero
1078 2561 1311 2627 divinis
1358 2573 1665 2627 accurate
1715 2562 2140 2629 observandis
2193 2562 2349 2626 nihil
2409 2566 2669 2649 penitus

210 2684 483 2738 curarent
501 2680 546 2739 ⁴.
623 2675 866 2739 Postea
908 2698 1212 2739 reversus
1255 2674 1341 2739 ad
1385 2698 1564 2739 mare
1615 2674 1951 2740 Galilaeae
1999 2674 2265 2739 surdum
2312 2686 2377 2739 et
2420 2686 2669 2741 mutum

207 2785 476 2851 immissis
520 2790 588 2852 in
635 2810 829 2852 aures
876 2787 1109 2873 digitis,
1158 2788 1447 2873 aliosque
1493 2787 1731 2853 multos
1777 2788 2067 2853 infirmos
2114 2790 2370 2853 sanavit
2390 2793 2431 2853 ⁵.
2504 2787 2671 2853 Cum

207 2910 548 2964 versaretur
569 2903 637 2964 in
662 2903 931 2987 regione
956 2899 1374 2987 Decapoleos
1391 2900 1647 2986 ssplures
1674 2902 1740 2964 in
1765 2900 1902 2965 dies
1931 2900 2016 2965 ad
2044 2924 2191 2965 eum
2218 2911 2670 2967 convenerunt

211 3032 334 3073 cum
377 3012 588 3077 multis
635 3016 940 3099 aegrotis,
984 3036 1146 3100 quos
1195 3037 1420 3079 omnes
1466 3016 1723 3078 sanitati
1762 3014 2060 3078 restituit.
2121 3014 2489 3079 Deficiente
2538 3038 2667 3100 quo

210 3121 560 3207 indigebant
606 3136 980 3191 commeatu
1026 3128 1220 3193 Jesus
1264 3129 1554 3191 misereri
1601 3149 1672 3191 se
1721 3148 1945 3191 eorum
1989 3126 2323 3212 Apostolis
2362 3126 2545 3210 dixit,
2582 3150 2667 3191 ne

211 3232 354 3299 forte
413 3248 765 3324 antequam
813 3239 897 3303 ad
949 3241 1217 3325 propria
1277 3250 1687 3305 remeassent
1742 3239 1963 3304 inedia
2014 3242 2322 3325 perirent.
2401 3240 2669 3326 Septem

209 3346 410 3413 iisdem
455 3362 642 3416 erant
688 3352 1028 3417 dumtaxat
1070 3376 1276 3440 panes
1331 3362 1396 3416 et
1448 3352 1696 3438 aliquot
1739 3352 2053 3438 pisciculi.
2118 3350 2371 3431 Quibus
2431 3354 2665 3437 insigni

209 3460 474 3547 prodigio
501 3464 962 3551 multiplicatis,
985 3464 1276 3530 Christus
1301 3466 1514 3531 denuo
1543 3475 1822 3551 quatuor
1844 3463 2043 3528 millia
2065 3466 2371 3547 virorum,
2405 3474 2671 3550 praeter

395 3682 430 3747 ¹)
467 3684 618 3745 Quae
657 3686 834 3734 omnia
867 3684 1110 3749 pluribus
1147 3686 1386 3734 narravit
1427 3684 1571 3735 solus
1609 3684 1659 3733 d.
1698 3684 1953 3735 Joannes.
1993 3699 2039 3733 c.
2074 3686 2123 3733 6.
2158 3700 2209 3749 p.
2244 3685 2276 3733 i.
2317 3684 2436 3733 coll.
2473 3684 2663 3734 Matth.

216 3766 282 3825 14,
309 3770 380 3817 13.
405 3786 444 3819 s.
490 3772 657 3821 Marc.
685 3774 731 3834 6,
759 3774 840 3821 32.
868 3788 912 3823 s.
958 3772 1182 3823 Accedit
1217 3788 1346 3822 vero
1385 3771 1610 3822 orationi
1651 3770 1846 3821 Christi
1882 3771 2018 3821 lucis
2051 3776 2105 3821 et
2129 3772 2407 3836 gravitatis
2446 3772 2513 3821 ab
2552 3772 2667 3821 eius

211 3848 301 3899 diei
342 3854 456 3905 festi
502 3872 576 3907 sc.
631 3859 898 3923 paschatis
960 3857 1235 3924 dignitate.
1298 3858 1428 3908 Coll.
1466 3857 1665 3908 Joann.
1699 3860 1747 3919 6,
1784 3860 1834 3907 4.
1898 3857 2205 3907 Sermonem
2261 3857 2405 3908 hunc
2452 3858 2665 3906 Domini

211 3934 448 3991 illustrant
481 3944 794 4009 Haneberg,
833 3944 960 3995 dise.
999 3945 1094 3994 das
1133 3945 1392 4009 Zeugniss
1427 3944 1523 3994 der
1570 3944 1716 3993 alten
1751 3942 1988 3993 Kirchen
2037 3944 2174 3993 fiber
2219 3942 2321 3994 den
2368 3958 2666 3994 sacramen-

211 4022 439 4077 talischen
463 4028 593 4079 Siun
619 4030 714 4079 der
738 4030 921 4081 Worte
940 4031 992 4081 J.
1019 4030 1078 4080 C.
1103 4031 1192 4080 bei
1217 4030 1412 4080 Joann.
1439 4033 1486 4092 6,
1518 4032 1602 4079 61.
1633 4044 1697 4092 3.,
1726 4031 1781 4079 in
1803 4030 2017 4079 Archiv.
2038 4029 2122 4079 fiir
2145 4029 2242 4079 Th.
2270 4030 2374 4079 Lit.
2402 4030 2665 4093 Regensb.

219 4110 342 4160 1843.
373 4130 423 4178 p.
459 4118 609 4166 1037.
644 4132 779 4182 seq.,
819 4118 910 4166 ubi
949 4120 1002 4166 et
1036 4134 1087 4182 p.
1125 4118 1274 4167 1086.
1311 4116 1625 4167 traditiones
1668 4122 1721 4165 et
1759 4116 2183 4181 exspectationes
2221 4130 2529 4181 synagogae
2565 4114 2667 4165 hac

215 4194 260 4242 in
291 4212 340 4245 re
374 4200 606 4268 colleg-1133
645 4204 706 4252 F.
731 4204 796 4253 X.
822 4204 1076 4253 Patritius
1115 4218 1144 4251 e
1182 4202 1236 4252 S.
1262 4202 1334 4265 J.,
1362 4218 1548 4253 comm.
1586 4203 1652 4252 de
1693 4202 1903 4252 Christo
1948 4216 2090 4267 pane
2126 4203 2286 4250 vitae.
2334 4202 2483 4251 Rom.
2513 4203 2663 4252 1851.

216 4296 260 4343 p.
280 4284 352 4333 40.
384 4301 423 4335 s.
457 4287 498 4353 2)
533 4289 876 4354 Intelligebat
897 4289 980 4339 his
1005 4288 1202 4339 Judam
1240 4290 1332 4353 qui
1367 4290 1680 4355 magistrum
1716 4304 1871 4339 suum
1909 4294 2025 4337 erat
2058 4286 2381 4353 proditurus.
2410 4286 2450 4353 ³)
2476 4288 2663 4338 Matth.

220 4368 285 4427 15,
307 4372 382 4419 21.
403 4388 444 4423 s.
469 4373 520 4424 S.
545 4374 760 4425 Marcus
788 4376 832 4437 7,
859 4376 940 4425 24.
981 4371 1135 4443 ,,γυνὴ
1174 4370 1401 4437 Ἑλληνὶς
1442 4370 1853 4443 Σύραφοινίκισσα
1886 4374 1958 4441 τῷ
1993 4370 2153 4441 γένει’(
2187 4378 2362 4423 vocat.
2403 4372 2664 4424 Graecam

219 4454 401 4515 quidem
433 4460 700 4526 religionis
737 4475 926 4524 causa,
959 4476 1079 4510 cum
1117 4460 1312 4511 ethnici
1349 4466 1478 4512 tunc
1507 4462 1759 4527 temporis
1785 4476 1819 4510 a
1841 4459 2067 4510 Judaeis
2105 4458 2297 4509 Graeci
2334 4459 2665 4527 dicerentur-3

221 4534 770 4609 syrophoenissam
800 4554 994 4611 autem,
1023 4546 1168 4612 quod
1192 4546 1484 4598 Phoenicia
1509 4545 1698 4612 Syriae
1732 4548 2011 4613 provincia
2035 4550 2360 4598 censeretur.
2407 4545 2449 4613 ⁴)
2474 4547 2662 4599 Matth.

222 4626 289 4687 15,
313 4630 352 4677 1.
375 4645 412 4679 s.
451 4632 614 4683 Marc.
647 4635 691 4695 7,
720 4638 764 4683 1.
791 4648 832 4683 s.
882 4634 922 4700 ὓ)
947 4633 1136 4685 Matth.
1163 4636 1244 4698 15,
1272 4636 1356 4685 29.
1397 4634 1531 4684 Mar.
1560 4636 1605 4698 7,
1631 4637 1717 4685 31.
1741 4648 1783 4684 s.
1833 4630 1874 4699 ὅ)
1904 4634 1968 4683 V.
1994 4632 2117 4684 Not.
2142 4648 2322 4699 geogr.
2347 4651 2399 4700 p.
2424 4634 2591 4685 XCII.
