3267 5259
622 446 752 511 482
1348 458 1461 503 nist.
1493 462 1596 502 Rev.
1624 457 1713 501 div.
1745 458 1910 501 Period.
1943 458 1996 502 ΙΙ.
2021 473 2116 511 cap.
2145 458 2344 502 alterum.

624 640 945 711 exstinctis,
980 641 1223 699 minime
1253 642 1544 699 exstincta
1572 660 1800 719 quoque
1829 642 1949 699 fuit
1977 641 2119 698 fides
2143 641 2362 699 Christi
2393 642 2466 698 ab
2489 642 2564 697 iis
2593 640 2941 716 praedicata3
2968 639 3068 696 imo

624 746 809 819 magis
838 746 1061 819 viguit3
1111 745 1249 804 licet
1286 746 1527 803 Ethnici
1574 751 1632 804 et
1677 746 1880 803 Iudaei
1929 766 2160 804 omnem
2193 749 2494 804 moverent
2539 745 2812 821 lapidem,
2859 749 2924 802 ut
2963 763 3068 801 eam

620 851 985 907 subruerent.
1018 850 1263 907 Romani
1296 852 1674 923 magistratus
1704 871 1742 907 a
1771 856 2030 926 tempore
2059 851 2310 909 Neronis
2340 850 2510 924 longe
2541 850 2686 907 alios
2717 868 2892 927 quam
2917 854 3068 905 antea

622 956 683 1012 in
715 954 1073 1012 Christianos
1115 974 1173 1011 se
1214 956 1586 1030 praebebant.
1639 956 1785 1013 Cum
1815 956 2038 1014 scilicet
2066 961 2239 1013 antea
2285 956 2512 1031 saepius
2557 954 2782 1011 factum
2821 960 2974 1021 esset,
3013 965 3066 1009 ut

622 1058 941 1116 Christiani
964 1060 1034 1116 ad
1062 1060 1453 1117 Romanorum
1484 1059 1809 1118 tribunalia
1841 1062 2011 1117 tracti
2044 1059 2516 1127 absolverentur3
2554 1057 3066 1134 percrebrescebant

626 1164 742 1221 iam
773 1165 929 1222 inter
960 1184 1213 1240 paganos
1258 1183 1519 1222 rumores
1561 1165 1629 1221 de
1662 1166 1734 1222 iis
1773 1164 2029 1222 nefandi.
2079 1166 2498 1241 Mysteriorum
2538 1163 2848 1221 occultatio
2889 1180 3064 1219 ansam

621 1267 891 1343 praebuit
922 1269 1273 1327 criminandi
1305 1268 1518 1339 fideles,
1554 1270 1707 1347 quod⁴
1739 1271 1800 1326 in
1834 1270 2136 1328 nocturnis
2167 1270 2550 1327 conventibus
2580 1286 2816 1325 carnem
2847 1265 3065 1323 infantis

620 1374 813 1443 edere,
870 1373 1101 1451 aliaque
1152 1374 1331 1448 digna
1384 1373 1635 1431 aeternis
1691 1376 1946 1432 tenebris
1998 1373 2230 1448 flagitia
2281 1380 2518 1451 patrare
2569 1372 2841 1430 solerent.
2899 1369 3062 1432 Quam

617 1477 971 1535 calumniam
994 1498 1069 1536 ex
1092 1478 1281 1535 Coena
1302 1478 1613 1536 Dominica
1646 1498 1951 1555 perperam
1984 1478 2284 1537 intellecta
2313 1482 2513 1535 natam
2543 1477 2739 1548 fuisse,
2777 1494 2936 1533 nemo
2961 1493 3060 1531 non

618 1582 797 1639 videt.
830 1582 1000 1639 Nihil
1032 1584 1299 1661 equidem
1332 1583 1458 1639 istis
1489 1584 1804 1641 mendaciis
1836 1585 2078 1657 cogitari
2125 1588 2348 1659 poterat
2396 1582 2724 1647 absurdius,
2771 1580 2864 1637 sed
2893 1584 3062 1636 tamen

618 1686 854 1743 credula
883 1687 948 1744 in
979 1686 1193 1744 vitium
1226 1688 1417 1757 turba,
1452 1687 1627 1745 fidem
1657 1688 1732 1747 iis
1755 1690 2055 1757 adhibuit3
2086 1693 2156 1746 ut
2177 1689 2318 1745 adeo
2341 1706 2568 1745 necesse
2607 1689 2771 1755 esset,
2805 1684 3062 1741 accuratis

618 1810 686 1849 ea
715 1790 1210 1849 confutationibus
1241 1791 1465 1850 diluere
1492 1791 1529 1850 ¹.
1564 1794 1658 1850 Ad
1681 1794 1826 1851 haec
1853 1794 2042 1851 multa
2065 1792 2183 1851 alia
2211 1794 2276 1850 in
2299 1792 2661 1849 Christianos
2683 1787 3062 1849 contumeliose

614 1896 1008 1965 iactabantur3
1054 1897 1359 1954 hominum
1390 1918 1571 1971 genus
1602 1897 1663 1954 id
1694 1918 1812 1955 esse
1843 1899 2108 1967 atheum3
2141 1898 2435 1956 Romanae
2467 1895 2742 1972 potestati
2772 1894 3056 1961 infestum;

614 2001 764 2077 quod
782 1999 1121 2074 religionem
1138 2001 1527 2078 profiteretur,
1554 2020 1702 2079 quae
1721 2022 1838 2059 una
1855 2006 2072 2059 ceteras
2089 2022 2285 2059 omnes
2302 2002 2559 2059 damnat.
2591 2000 2742 2057 Inde
2757 1998 2830 2055 D.
2849 1998 2922 2055 N.
2937 1997 2986 2053 J.
3005 1996 3058 2051 C.

614 2124 777 2161 sacra
812 2104 969 2175 fides,
1012 2125 1159 2181 pura
1198 2104 1303 2163 illa
1340 2112 1398 2163 et
1438 2112 1610 2176 casta,
1655 2108 1895 2181 paganis
1926 2106 2050 2163 eius
2081 2106 2364 2163 interiora
2402 2105 2809 2178 ignorantibus
2845 2120 3060 2159 exosa:

615 2208 895 2267 Suetonio
925 2211 1369 2284 superstitio
1400 2230 1583 2269 nova
1612 2229 1691 2267 ac
1719 2208 2052 2267 malefica
2080 2210 2296 2267 dicitur
2313 2206 2356 2266 2.
2401 2208 2604 2266 Tacito
2633 2204 3060 2274 exitiabilis,

616 2312 811 2371 Plinio
842 2315 1287 2387 contagiosa,
1322 2314 1501 2371 Dioni
1534 2314 1890 2390 impietae.
1926 2314 2159 2371 Animis
2183 2314 2268 2371 ita
2293 2302 2743 2388 praeoccupatis,
2771 2312 2922 2386 ipsae
2943 2311 3064 2367 adeo

613 2416 1080 2475 Christianorum
1109 2420 1361 2476 virtutes
1392 2420 1455 2475 in
1484 2419 1786 2476 sinistram
1818 2424 2045 2493 partem
2076 2418 2532 2495 accipiebantur,
2565 2420 2746 2493 inque
2776 2434 3062 2489 argumen-

613 2527 739 2578 tum
768 2521 1195 2579 criminationis
1226 2522 1741 2599 detorquebantur.
1797 2524 1885 2580 Ob
1915 2528 2109 2599 spreta
2143 2522 2424 2579 nimirum
2453 2526 2688 2597 recepta
2716 2519 3060 2577 ethnicorum

611 2626 873 2695 numina,
900 2629 958 2682 et
982 2626 1131 2703 quod
1156 2646 1215 2682 se
1238 2626 1601 2683 abstinerent
1622 2646 1658 2683 a
1676 2626 1862 2697 circis,
1890 2628 2154 2696 theatri8‚
2181 2626 2336 2683 ludis
2360 2624 2748 2700 gladiatoriis,
2775 2630 2834 2680 et
2853 2642 2890 2680 a
2911 2620 3059 2679 fami·

612 2728 751 2785 ljari
782 2728 1033 2787 aliorum
1063 2732 1405 2787 commercio
1444 2730 1678 2787 odium
1724 2732 2015 2788 humani
2057 2731 2339 2805 generis
2377 2730 2731 2787 Christianis
2767 2728 3062 2803 exprobra-

613 2833 787 2891 batur
800 2830 842 2889 3.
875 2833 1335 2891 Concitabantur
1356 2832 1709 2909 suspiciones
1733 2835 2203 2909 magistratuum,
2230 2836 2331 2912 qui
2357 2834 2622 2892 homines
2644 2834 2716 2890 de
2739 2831 3064 2890 criminibus

612 2943 903 2995 accusatos
932 2939 1086 2997 tueri
1117 2939 1476 2997 desinebant.
1530 2938 1750 3015 Erupit
1793 2941 2046 2997 nominis
2077 2940 2383 2997 christiani
2431 2938 2752 3014 persecutio
2791 2936 3065 2994 dirissima

611 3044 718 3099 sub
750 3043 983 3099 Nerone
1014 3076 1097 3084 —-
1120 3044 1343 3117 auriga,
1379 3046 1664 3114 comoedo,
1699 3045 2036 3103 citharaedo
2060 3078 2141 3085 -—
2166 3043 2270 3122 qui
2301 3044 2460 3101 omni
2491 3042 2726 3100 malitia
2755 3048 2812 3099 et
2841 3040 3068 3098 saevitia

612 3147 865 3223 adusque
904 3148 1211 3218 insaniam,
1261 3148 1525 3206 incendit
1568 3149 2026 3223 persecutionem
2057 3148 2120 3205 in
2161 3153 2388 3205 sanctos
2425 3166 2560 3205 cum
2607 3165 2846 3204 aceensa
2883 3146 3062 3201 Roma.

612 3249 844 3308 Placuit
874 3252 1207 3326 exemplum
1231 3252 1569 3310 Domitiano
1593 3272 1628 3310 a
1651 3254 1901 3311 Neronis
1924 3254 2090 3311 vitiis
2121 3272 2239 3309 non
2263 3252 2454 3308 alieno
2474 3249 2524 3321 ·¹;
2558 3253 2658 3329 qui
2689 3250 2826 3309 totis
2849 3246 3060 3324 imperii

614 3355 841 3412 viribus
874 3354 936 3411 in
968 3355 1185 3413 Christi
1220 3357 1477 3414 Ecclesia
1508 3360 1900 3433 oppugnanda
1941 3358 2212 3415 incubuit
2231 3354 2273 3413 5.
2322 3358 2533 3414 Adhuc
2565 3360 2761 3413 tamen
2793 3352 3064 3431 Apostolis

616 3459 955 3517 viventibus
980 3459 1201 3518 Christi
1224 3461 1506 3533 doctrina,
1538 3483 1654 3519 non
1676 3462 1800 3519 sine
1825 3464 2200 3531 incrementO,
2230 3460 2562 3537 praedicata
2583 3460 2704 3516 fuit
2727 3460 2792 3516 in
2815 3459 3066 3516 aniz-ema

614 3570 788 3635 terra,
822 3583 969 3641 quae
1001 3565 1108 3622 sub
1139 3564 1295 3623 coelo
1334 3570 1422 3623 est
1440 3565 1481 3623 ⁶.
1538 3566 1842 3623 Nimirum
1886 3573 2217 3642 martyrum
2263 3570 2389 3621 erat
2432 3564 2719 3637 sanguine
2771 3560 3068 3639 plantanda

612 3667 871 3725 Ecclesia
892 3714 905 3739 ,
952 3670 1217 3743 augenda
1255 3669 1766 3749 confirmandaque
1803 3670 2165 3728 credentium
2205 3668 2371 3737 fldes;
2423 3674 2583 3725 terra
2623 3668 2754 3743 ipsa
2796 3682 3068 3743 purpureo

822 3876 859 3940 ¹)
900 3874 980 3925 Cf.
1018 3874 1353 3937 Tertulliani,
1392 3875 1729 3942 Apologetic.
1768 3892 1812 3926 c.
1855 3878 1901 3926 7.
1937 3876 1986 3926 8.
2023 3878 2073 3926 9.
2119 3875 2159 3937 1,
2198 3877 2278 3925 64.
2317 3890 2359 3925 s.
2433 3874 2473 3939 2)
2509 3874 2671 3924 Nero.
2707 3890 2759 3923 n.
2799 3875 2878 3923 16.
2911 3871 2988 3921 ed.
3023 3886 3063 3919 c.

610 3964 817 4033 15260.
891 3962 930 4025 ³)
967 3960 1251 4011 Annalium
1288 3960 1403 4022 xV,
1441 3964 1523 4013 44.
1573 3979 1623 4027 p.
1663 3965 1778 4014 147.
1826 3962 1988 4013 refert
2033 3962 2252 4012 Tacitus
2303 3975 2516 4021 „eorum
2563 3960 2848 4010 multitudo
2894 3960 3064 4023 ingens

611 4048 755 4098 haud
801 4048 1019 4113 perinde
1056 4050 1111 4097 in
1152 4050 1370 4099 crimine
1406 4050 1671 4111 incendii,
1718 4065 1878 4115 quam
1927 4050 2052 4099 odio
2102 4048 2320 4098 humani
2369 4049 2578 4113 generis
2627 4047 2862 4098 convicti
2907 4047 3062 4095 sunt*

611 4136 652 4201 ⁴)
706 4135 1043 4196 „Portionem
1091 4135 1319 4185 Neronis
1370 4135 1436 4185 de
1485 4135 1852 4198 crudelitate“‚
1905 4141 2065 4185 vocat
2108 4134 2500 4195 Tertullianus,
2547 4133 2881 4200 Apologetic.
2933 4148 2976 4181 c.
3022 4132 3064 4178 5.

610 4238 661 4286 p.
699 4223 781 4271 62.
836 4222 1229 4283 Domitianum,
1286 4224 1375 4287 qui
1432 4225 1577 4273 circa
1627 4223 1832 4273 saeculi
1887 4221 2176 4287 apostolici
2231 4220 2386 4271 finem
2441 4222 2867 4285 persecutionem
2912 4221 3066 4268 inten-

609 4310 747 4358 tavit
790 4308 1075 4359 Ecclesiae
1125 4308 1341 4361 Christi.
1427 4308 1467 4374 ⁵)
1523 4308 1666 4360 Illud
1719 4310 1877 4359 etiam
1933 4310 2120 4358 mirum
2170 4311 2438 4359 Romanos
2485 4308 2696 4358 iudices
2739 4322 2774 4357 a
2820 4303 3064 4370 sapientia

610 4400 663 4444 et
698 4396 903 4446 iustitia
949 4396 1370 4459 commendatos,
1409 4396 1465 4444 in
1502 4394 1631 4446 foris
1680 4400 1734 4445 et
1769 4396 2014 4460 compitis
2063 4393 2472 4456 celebrioribus,
2515 4396 2854 4461 inspectante
2889 4388 3058 4457 populi

610 4482 859 4532 universa
896 4483 1239 4532 multitudine
1277 4484 1331 4533 in
1370 4481 1509 4532 alios
1547 4482 1832 4545 Romanos,
1871 4481 1957 4532 vel
1995 4487 2138 4532 certe
2174 4484 2229 4531 in
2267 4482 2508 4531 homines
2545 4483 2758 4533 ratione
2794 4478 3060 4546 praeditos,

611 4567 910 4619 arbitrariis
957 4568 1256 4634 suppliciis,
1308 4574 1415 4619 tam
1466 4569 1638 4619 dirum
1677 4584 1742 4619 ac
1777 4570 1990 4633 proprie
2035 4568 2261 4618 ferinum
2299 4570 2353 4617 in
2401 4568 2616 4619 modum
2667 4567 2945 4618 desaevire.
3002 4560 3060 4611 Id

614 4654 754 4719 quod
794 4670 857 4704 ex
895 4654 1047 4705 Actis
1082 4656 1374 4720 Martyrum
1413 4654 1532 4720 plus
1570 4656 1734 4705 nimio
1773 4654 1964 4706 elucet.
2037 4654 2079 4721 ⁶)
2117 4652 2325 4705 Coloss.
2365 4656 2413 4715 1,
2451 4656 2500 4705 6.
2539 4656 2623 4705 23.
