3267 5259
1162 461 1321 503 Saulus
1348 461 1423 512 qui
1452 462 1497 501 et
1523 460 1700 503 Paulus.
2537 446 2668 513 329

222 660 315 718 quo
340 660 497 698 nemo
524 640 847 717 sapientiae
874 640 1047 699 laude
1076 641 1141 699 in
1173 642 1451 699 universa
1470 640 1507 699 J
1508 642 1695 699 udaea
1723 646 1866 699 tunc
1887 641 2006 699 fuit
2023 642 2430 716 praestantior.
2461 639 2664 697 Pluri-

222 764 357 801 mum
381 746 442 801 in
470 764 535 802 eo
564 746 843 803 scientiae
872 764 1081 819 genere
1122 745 1373 821 profecit
1400 744 1611 803 Saulus
1653 750 1827 824 atque
1871 766 1904 802 e
1947 746 2333 803 traditionum
2361 744 2665 803 Pharisai-

220 868 389 905 earum
440 849 854 920 inculcatione,
912 854 1140 907 tantam
1190 849 1305 907 sibi
1356 850 1718 925 comparavit
1765 849 2154 907 eruditionem
2204 849 2496 907 iudaicam
2515 893 2530 919 ,
2593 853 2664 907 ut

220 958 513 1011 coaetaneos
554 972 689 1011 suos
728 952 1059 1027 cognitione
1119 954 1245 1029 ,τῶν
1298 955 1573 1028 πατρικῶν
1624 948 2001 1031 ’μεσιραδὸσιῑωνι
2045 953 2380 1027 longissime
2433 958 2562 1029 post
2607 972 2666 1011 se

220 1056 487 1135 reliquerit
512 1053 552 1114 ¹.
614 1056 721 1114 Uti
752 1054 1142 1133 Pauli'pater‚
1186 1056 1273 1115 ita
1303 1061 1362 1114 et
1392 1061 1732 1132 praeceptor
1761 1056 2066 1128 Gamaliel,
2101 1062 2274 1135 atque
2305 1058 2428 1133 ipse
2457 1056 2668 1115 Saulus

220 1164 347 1218 secta
370 1161 481 1218 fuit
508 1160 861 1219 Pharisaeus
878 1156 922 1219 ².
982 1160 1189 1239 Neque
1216 1160 1253 1219 J
1254 1161 1477 1219 udaieis
1506 1166 1743 1219 tantum
1771 1160 2098 1237 disciplinis
2135 1162 2400 1219 eruditus
2428 1160 2656 1233 Saulus,

106 1458 117 1471 .
220 1420 263 1468 in
288 1419 408 1469 Aeta
430 1420 821 1485 Apostolorum.
869 1418 1044 1470 Lond.
1071 1420 1221 1471 1688.
1260 1436 1311 1481 p.
1335 1422 1419 1470 49.
1457 1420 1746 1470 sententia:
1795 1418 2146 1471 Gamalielem
2180 1421 2662 1487 pertinacissimum

217 1505 551 1569 pharisaeum,
598 1506 721 1557 ideo
760 1506 1039 1557 consilium
1085 1506 1299 1557 dedisse
1344 1512 1405 1557 ut
1446 1506 1835 1557 dimitterentur
1869 1507 2136 1573 Apostoli,
2185 1507 2328 1573 quod
2365 1506 2668 1559 Sadducaei

218 1606 293 1641 eos
327 1598 657 1655 accusarent,
700 1608 836 1659 quos
873 1594 1073 1645 oderat.
1134 1594 1378 1659 Iniquius
1415 1593 1591 1644 adhuc
1626 1594 1832 1645 iudicat
1869 1594 2134 1645 Schrader
2177 1594 2535 1659 acatholicus,
2573 1596 2668 1647 der

216 1677 405 1742 Apostel
438 1680 655 1730 Paulus.
703 1680 889 1745 Leipz.
916 1680 1065 1731 1830.
1098 1680 1169 1731 11.
1195 1681 1279 1730 43.
1317 1679 1662 1746 hypocriseos
1699 1682 1916 1731 crimine
1952 1696 2232 1747 perperam
2259 1697 2380 1731 eum
2415 1696 2664 1733 onerans.

398 1767 434 1831 ¹)
471 1766 589 1816 Gal.
619 1769 667 1829 1,
692 1768 742 1817 4.
782 1766 864 1817 cf.
891 1768 1156 1830 Dassovii,
1194 1768 1373 1818 infans
1398 1768 1681 1818 Hebraeus
1705 1767 1998 1819 liberaliter
2023 1768 2298 1819 educatus.
2335 1769 2484 1819 Witt.
2515 1770 2666 1821 1⁷14.

220 1852 515 1917 Tzachimer,
542 1854 755 1905 observ.
780 1854 935 1904 Pauli
958 1855 1057 1920 Ap.
1095 1855 1371 1919 scriptoris
1404 1854 1674 1919 ingenium
1712 1860 2109 1905 concernentes.
2157 1855 2310 1905 Witt.
2337 1856 2487 1905 1—3.
2516 1857 2666 1905 1800.

218 1938 439 2003 Ammon,
484 1940 551 1990 de
584 1942 825 2005 vestigiis
860 1941 1163 2006 theologiae
1198 1940 1461 1991 Judaicae
1496 1942 1551 1991 in
1589 1956 1672 2007 ep.
1709 1941 1868 1991 Pauli
1901 1941 1972 1992 ad
2014 1942 2165 1993 Rom.
2202 1943 2258 1992 in
2295 1956 2478 2007 opusc.
2523 1941 2666 1993 Gett.

221 2027 347 2075 1803.
387 2044 436 2092 p.
469 2028 553 2077 63.
588 2044 630 2077 s.
678 2026 730 2077 J.
764 2028 828 2077 B.
864 2026 1191 2091 Gerhauser,
1240 2026 1539 2079 Charakter
1572 2027 1684 2078 und
1720 2028 2013 2094 Theologie
2059 2028 2154 2079 des
2188 2028 2410 2094 Apostel
2444 2028 2663 2079 Paulus.

218 2112 421 2163 Laudsh.
457 2115 607 2164 1816.
654 2130 704 2178 p.
738 2116 789 2163 4.
824 2130 865 2165 s.
922 2114 1143 2177 Elsner,
1188 2114 1391 2165 Paulus
1440 2119 1494 2165 et
1536 2116 1748 2166 Jesaias
1792 2117 1932 2165 inter
1975 2130 2033 2165 se
2079 2116 2387 2181 comparati.
2446 2115 2664 2167 Vratisl.

218 2198 253 2247 L
282 2200 344 2249 11.
376 2201 519 2251 1821.
593 2200 635 2266 ²)
686 2200 841 2263 Quod
878 2206 1135 2267 tanquam
1172 2218 1305 2265 rem,
1355 2217 1495 2268 quae
1540 2204 1599 2252 in
1647 2202 1928 2253 Judaismo
1976 2202 2270 2253 honorifica
2315 2202 2501 2255 habita
2544 2202 2662 2267 fuit,

216 2285 485 2351 frequenter
520 2294 913 2339 commemorat.
974 2288 1108 2339 Phil.
1145 2291 1193 2350 3,
1228 2290 1278 2338 ὅ.
1326 2288 1443 2339 Act.
1468 2291 1552 2350 22,
1579 2292 1628 2339 3.
1679 2291 1762 2351 26,
1788 2291 1838 2339 ὅ.
1889 2288 1970 2339 cf.
2003 2289 2319 2353 Grosmann,
2357 2289 2558 2340 Comm.
2597 2288 2664 2341 de

218 2373 411 2439 collegio
460 2375 871 2425 Pharisaeorum
926 2376 1075 2441 Lips.
1121 2378 1271 2427 1851.
1322 2393 1375 2441 p.
1416 2380 1499 2427 22.
1543 2394 1585 2427 s.
1659 2376 1966 2427 Juventutis
2021 2376 2342 2427 erudiendae
2395 2378 2668 2443 Legisque

218 2459 551 2524 explanandae
600 2464 831 2513 maximo
880 2462 1056 2513 studio
1108 2462 1312 2513 deditos
1362 2463 1525 2515 fuisse
1573 2462 1894 2514 Pharisaeos
1942 2464 2200 2513 novimus.
2276 2462 2357 2513 Of.
2395 2463 2464 2513 H.
2501 2464 2565 2514 V.
2603 2464 2665 2517 Τ.

216 2560 259 2609 p.
286 2548 389 2596 592.
410 2537 461 2598 ‘s.
518 2548 819 2599 Gratuitam
856 2554 1035 2599 autem
1070 2549 1235 2599 fuisse
1274 2564 1457 2599 eorum
1492 2551 1904 2612 institutionem,
1945 2564 2050 2615 quo
2089 2548 2482 2601 Socraticorum
2518 2566 2666 2601 more

217 2646 244 2681 a
274 2634 503 2699 sophistis
540 2634 985 2697 discernerentur,
1024 2636 1223 2701 pariter
1260 2642 1485 2686 constat.
1540 2636 1604 2685 In
1632 2635 1942 2687 Gamalielis
1970 2636 2262 2687 Academia
2297 2638 2456 2687 etiam
2491 2638 2668 2688 rabbi-

214 2720 363 2769 nieam
394 2720 444 2771 S.
479 2720 531 2771 S.
564 2722 1059 2787 interpretationem
1096 2748 1163 2759 —-
1197 2723 1263 2773 ef.
1300 2723 1537 2785 Palmer,
1584 2723 1786 2774 Paulus
1833 2723 1944 2773 und
1989 2722 2278 2785 Gamaliel,
2326 2724 2414 2773 ein
2447 2724 2668 2790 Beitrag

215 2822 252 2853 z.
274 2807 428 2857 altest.
466 2808 894 2873 Christengesch.
940 2808 1111 2859 Giess.
1141 2810 1291 2859 1806.
1342 2810 1503 2871 Zunz,
1542 2809 1628 2859 die
1668 2808 1908 2860 Gottesd.
1945 2810 2119 2859 Vortr.
2147 2811 2196 2859 d.
2221 2810 2418 2860 Juden.
2465 2811 2664 2861 Berlin.

218 2894 344 2944 1832.
376 2911 423 2957 p.
458 2896 579 2945 327.
614 2911 659 2945 s.
684 2922 751 2931 —
777 2896 1041 2960 cognovit,
1078 2894 1221 2945 unde
1258 2894 1549 2945 accedente
1585 2900 1776 2961 postea
1810 2895 2078 2945 infallibili
2115 2895 2343 2961 Spiritus
2381 2896 2434 2947 S.
2471 2897 2664 2948 illumi-

216 2980 415 3041 natione,
450 2981 697 3031 iudaicas
734 2980 905 3032 aniles
940 2980 1155 3032 fabulas
1192 2996 1227 3031 a
1258 2996 1390 3031 vera
1425 2981 1806 3047 prophetarum
1850 2982 2094 3033 doctrina
2129 2983 2296 3049 probe
2341 2984 2667 3048 discernens,

216 3063 467 3127 figurarum
513 3067 579 3118 V.
621 3068 685 3117 Τ.
732 3068 990 3132 myster-la
1036 3068 1317 3129 enodavit,
1368 3084 1397 3118 e
1443 3068 1577 3119 locis
1626 3069 1690 3117 A.
1733 3069 1796 3119 T.
1841 3068 2036 3119 Christi
2085 3070 2338 3135 dogmata
2386 3070 2569 3121 elicuit
2615 3076 2672 3122 et

218 3149 589 3217 demonstravit,
638 3154 969 3205 Judaeorum
1015 3170 1111 3205 ora
1158 3156 1445 3217 obturavit,
1494 3156 1599 3205 imo
1634 3157 1692 3204 in
1729 3158 1939 3221 scriptis
1977 3157 2087 3206 suis
2125 3156 2194 3206 ad
2230 3156 2451 3223 phrases
2487 3158 2666 3207 rabbi-

212 3238 339 3289 nioas
368 3242 633 3307 sapienter
671 3240 869 3291 allusit.
906 3268 975 3278 —
1012 3242 1075 3291 In
1112 3257 1231 3291 eum
1268 3248 1448 3292 autem
1485 3258 1583 3292 nos
1622 3243 1902 3293 devenisse
1938 3243 2115 3293 locum
2153 3244 2418 3305 videmus,
2464 3245 2522 3293 in
2557 3260 2664 3310 quo

214 3324 547 3392 subterfugere
584 3342 695 3377 non
732 3342 1033 3393 possumus,
1074 3334 1135 3378 ut
1156 3343 1419 3393 personae
1456 3342 1615 3393 quam
1645 3346 1765 3379 oum
1801 3332 2028 3380 maxime
2064 3332 2386 3381 sustinemus
2421 3328 2666 3392 satisfiat,

214 3412 321 3473 quin
352 3415 405 3465 dc
436 3414 601 3467 Pauli
634 3415 835 3467 dicendi
866 3416 1205 3485 scribendique
1236 3434 1407 3484 penore
1452 3418 1700 3469 iudicium
1743 3418 2172 3482 interponamus;
2217 3418 2424 3482 magnis
2463 3419 2666 3483 agitata

215 3494 417 3550 dissidiis
453 3502 717 3565 quaestio.
777 3500 1007 3551 Paulum
1041 3501 1189 3551 illum
1228 3502 1319 3567 qui
1364 3502 1551 3553 mediis
1587 3502 1810 3553 Athenis
1847 3503 1915 3553 ad
1959 3518 2118 3553 aures
2152 3503 2448 3555 Atticorum
2495 3506 2668 3555 cultas

212 3584 353 3633 verba
380 3586 557 3637 faeere
588 3602 697 3637 non
724 3586 1003 3647 dubitavit,
1043 3586 1237 3637 Graeci
1270 3604 1409 3653 pene
1446 3590 1706 3639 sermonis
1741 3590 2041 3655 imperitum
2078 3590 2258 3655 plures
2285 3618 2352 3627 —-
2377 3606 2428 3641 u.
2455 3606 2497 3641 s.
2523 3608 2574 3641 v.
2601 3618 2667 3628 -—

213 3679 514 3734 censuerunt,
562 3672 655 3722 alii
692 3674 917 3723 scientia
961 3688 1270 3739 graecorum
1308 3676 1624 3740 scriptorum
1661 3675 2006 3740 profanorum
2052 3675 2308 3741 polluisse
2345 3676 2667 3728 inficiantur.

215 3754 284 3803 Ad
325 3756 451 3809 hanc
499 3761 919 3809 controversiam
973 3760 1317 3811 dirimendam
1376 3761 1479 3811 duo
1536 3761 1735 3812 debent
1782 3776 1988 3812 summa
2035 3778 2154 3813 cum
2205 3779 2335 3814 cura
2376 3763 2666 3814 observari.

212 3855 252 3889 a.
284 3844 339 3893 ln
360 3848 489 3895 omni
518 3847 761 3896 oratione
786 3847 1133 3911 seiugendam
1159 3863 1275 3897 esse
1304 3848 1604 3910 dictionem,
1639 3854 1694 3898 et
1716 3864 1890 3899 rerum
1923 3864 2061 3915 quae
2097 3855 2490 3915 pertractantur
2527 3866 2664 3900 com-

214 3931 507 3991 positionem.
583 3934 737 3983 Haec
786 3934 855 3984 ab
910 3935 1207 3985 eruditione
1264 3935 1547 3985 scribentis
1603 3941 1659 3985 et
1709 3935 1890 3985 indole
1945 3935 2169 4001 pendet,
2227 3937 2322 3987 illa
2369 3938 2436 3987 ad
2485 3952 2666 3987 curam

213 4022 549 4077 grammatices
596 4021 845 4085 pertinet.
906 4021 989 4070 De
1040 4020 1193 4070 Pauli
1244 4021 1475 4071 dictione
1520 4023 1565 4071 si
1610 4037 1773 4072 voees
1822 4022 1996 4084 solae,
2043 4022 2265 4088 phrases
2311 4028 2364 4072 et
2411 4024 2667 4073 orationis

212 4116 353 4153 nexus
396 4112 691 4171 spectetur,
720 4106 893 4157 illam
942 4122 975 4156 a
1025 4108 1285 4172 castigata
1333 4108 1661 4159 Graecorum
1711 4111 1943 4174 puritate
1992 4110 2293 4172 discedere,
2345 4124 2498 4159 nemo
2547 4111 2664 4161 iure

215 4190 413 4251 negabit.
472 4192 613 4253 Quid
652 4194 811 4241 etiam
846 4193 1088 4257 plurimis
1122 4193 1333 4243 indiciis
1368 4196 1629 4255 testatius,
1681 4210 1839 4260 quam
1874 4196 2188 4261 Apostolum
2225 4197 2374 4260 sequi
2409 4196 2666 4247 debuisse

212 4272 331 4324 illam
380 4293 605 4343 graecae
660 4278 873 4343 linguae
922 4279 1171 4341 formam,
1221 4295 1359 4345 quae
1414 4281 1557 4346 apud
1606 4281 1934 4332 Hellenistas
1987 4283 2042 4331 in
2091 4298 2194 4332 usu
2243 4286 2388 4333 erat?
2459 4282 2664 4344 Quodsi

212 4357 253 4407 b.
284 4376 313 4409 a
342 4362 544 4414 dicendi
580 4380 795 4429 genere,
832 4365 1091 4415 salutiferi
1128 4365 1305 4416 nuclei
1342 4367 1457 4417 solo
1494 4370 1784 4432 putamine,
1823 4368 2172 4430 discedamus,
2211 4369 2552 4435 animumque
2591 4370 2662 4419 ad

212 4444 355 4508 ipsam
380 4452 633 4500 orationis
659 4450 919 4501 Paulinae
956 4454 1391 4516 compositionem
1429 4460 1826 4517 convertamus3
1867 4455 1974 4504 iam
2009 4454 2140 4503 nihil
2179 4456 2292 4506 eius
2329 4457 2576 4521 cogitatis
2613 4462 2666 4506 et

210 4543 607 4597 argumentorum
646 4538 825 4587 nervis
860 4537 1139 4589 sublimius
1176 4555 1293 4589 esse
1330 4540 1605 4590 fatendum
1644 4545 1740 4590 est.
1789 4542 1940 4591 Haec
1965 4542 2130 4605 igitur
2165 4541 2488 4607 eloquentia,
2525 4558 2664 4609 quae

208 4632 299 4669 non
342 4622 395 4670 in
438 4624 716 4674 verborum
766 4624 1077 4689 pigmentis,
1127 4626 1221 4675 sed
1268 4626 1325 4675 in
1372 4627 1567 4677 indolis
1618 4627 1863 4677 excelsae
1913 4630 2052 4678 notis
2103 4634 2153 4678 et
2203 4630 2440 4694 pondere
2491 4646 2664 4681 rerum
