3267 5259
566 361 694 426 478
1292 374 1407 415 nist.
1436 373 1543 414 Rev.
1572 372 1660 414 dlv.
1689 370 1857 413 Period.
1887 370 1942 413 11.
1961 382 2054 423 cap.
2084 370 2282 411 slterum.

566 552 631 601 E.
669 550 790 600 Chr.
826 550 987 613 Flatt,
1025 551 1259 615 genuina
1293 565 1400 600 sec.
1444 549 1587 599 Petri
1623 564 1706 615 ep.
1747 548 1892 615 origo
1942 546 2116 597 denuo
2155 547 2258 597 def.
2295 546 2432 596 Tub.
2472 546 2622 595 1808.
2665 544 2864 603 Donat,
2901 542 3022 604 Pott,

568 636 1025 701 Windischmann,
1072 637 1106 687 l.
1150 652 1195 687 c.
1256 636 1398 703 Hug,
1440 635 1582 685 Einl.
1624 635 1694 698 11,
1739 636 1856 685 566.
1900 651 1944 685 s.
2001 634 2054 683 J.
2091 633 2156 683 A.
2191 633 2402 694 Delille,
2451 632 2598 681 anth.
2636 631 2705 681 de
2746 630 2799 681 la
2841 630 2912 680 Π.
2953 628 3026 695 ep.

568 725 634 775 de
672 725 867 774 Pierre.
906 724 1136 775 Strassb.
1166 725 1315 774 1835.
1352 724 1413 773 A.
1438 723 1501 773 L.
1529 722 1587 772 C.
1613 721 2004 787 Heydenreich,
2041 723 2129 771 ein
2155 721 2307 770 Wort
2333 736 2377 769 z.
2404 718 2671 769 Vertheid.
2703 717 2797 767 der
2819 716 3026 767 Aechth.

570 812 620 862 d.
657 811 727 861 II.
752 811 841 861 Br.
880 811 1037 861 Petri.
1076 810 1241 860 Herb.
1270 810 1421 859 1837.
1452 824 1503 875 p.
1530 811 1613 859 97.
1641 825 1681 860 s.
1719 808 1990 871 Thiersch‚
2028 808 2114 857 die
2147 806 2342 857 Kirche
2375 808 2448 856 im
2481 821 2566 872 ap.
2591 804 2800 855 Zeitalt.
2837 819 2888 870 p.
2923 804 3027 853 211.

570 898 831 961 Gnarum,
882 895 1330 962 Gesammtgesch.
1382 896 1432 945 d.
1480 897 1544 945 N.
1594 897 1656 946 T.
1707 912 1756 961 p.
1807 898 1925 945 477.
1974 910 2015 944 s.
2073 896 2270 955 Maior,
2318 893 2459 944 Einl.
2505 911 2556 960 p.
2599 894 2719 942 419.
2763 908 2805 942 s.
2864 890 3028 941 Reith·

568 1000 733 1049 mayr,
770 984 911 1035 Einl.
950 1002 1001 1050 p.
1043 986 1159 1035 736.
1194 1000 1233 1033 s.
1284 983 1381 1033 Ph.
1420 983 1615 1045 Schaff,
1654 982 1847 1033 Gesch.
1883 983 1932 1033 d.
1972 988 2142 1047 apost.
2177 981 2386 1032 Kirche.
2423 998 2475 1047 p.
2511 981 2630 1030 365.
2654 994 2696 1029 s.
2744 978 3028 1043 Dollinger,

571 1070 893 1123 Christenth.
928 1086 983 1121 u.
1018 1070 1231 1121 Kirche.
1266 1088 1317 1136 p.
1356 1072 1439 1121 94.
1476 1086 1519 1119 s.
1577 1069 1746 1120 Iidem
1791 1074 2128 1135 agnoverunt
2173 1068 2524 1135 apostolicam
2559 1070 2874 1135 gravitatem
2921 1083 3027 1117 cum

570 1157 673 1208 fide
710 1158 919 1209 zelante
952 1159 1011 1207 in
1044 1157 1127 1207 his
1164 1157 1329 1207 literis
1364 1158 1627 1221 iunctam3
1675 1156 1915 1222 plurimis
1959 1158 2015 1205 in
2051 1170 2226 1222 pauca
2261 1157 2426 1206 verba
2463 1158 2728 1222 congestis
2765 1155 3027 1205 abundare

570 1244 905 1310 imaginibus,
943 1258 1081 1310 quae
1118 1245 1164 1293 si
1200 1244 1268 1294 ab
1306 1245 1371 1294 iis
1398 1259 1533 1311 quas
1564 1244 1620 1293 in
1657 1244 1819 1309 priori
1846 1242 2074 1309 epistola
2108 1243 2351 1293 adhibuit
2385 1242 2708 1309 discrepant,
2747 1243 3027 1308 argumenti

570 1332 869 1381 differentia
901 1333 1097 1397 optime
1124 1331 1370 1396 explicat.
1408 1332 1656 1397 Denique
1691 1346 1974 1397 pravorum
2002 1330 2272 1381 doctorum
2299 1330 2583 1396 descriptio
2607 1331 2664 1379 in
2691 1330 3027 1397 apostolicum

570 1424 775 1468 tantum
812 1418 1080 1484 quadrans
1119 1432 1332 1480 aevum,
1383 1418 1747 1483 epistolaeque
1793 1434 1912 1467 cum
1960 1431 2026 1467 ea
2069 1432 2112 1467 s.
2147 1416 2324 1467 Judae
2369 1416 2682 1479 similitudo,
2732 1415 2781 1468 d.
2827 1434 2877 1483 q.
2911 1433 2952 1467 s.
2983 1416 3030 1475 1.,

569 1505 1008 1555 demomonstrat:
1034 1505 1382 1555 secundam
1408 1505 1756 1570 epistolam
1783 1522 1824 1555 s.
1851 1505 2028 1555 Petri
2054 1506 2400 1569 genuinam
2425 1519 2557 1567 esse,
2585 1503 2652 1553 de
2677 1505 2791 1555 eius
2815 1502 3026 1569 proinde

572 1592 941 1643 Canonicitate
977 1608 1119 1643 nunc
1156 1592 1359 1657 absque
1397 1594 1588 1643 erroris
1624 1596 1756 1643 nota
1788 1592 2034 1643 dubitare
2067 1594 2281 1641 minime
2317 1591 2457 1642 licet.

726 1894 735 1902 ·
821 1874 860 1951 ἓ
904 1873 1007 1938 97.
1056 1868 1122 1934 S.
1170 1869 1391 1935 Pauli
1440 1867 1786 1955 epistola
1831 1868 1928 1933 ad
1971 1866 2466 1932 Timotheum
2515 1867 2790 1933 altera.

778 2060 1133 2148 Apostolus
1196 2082 1343 2125 cum
1406 2060 1654 2125 Romae
1715 2061 1971 2125 vinctus
2032 2058 2114 2124 de
2159 2060 2456 2147 proximo
2505 2068 2780 2124 mortem
2840 2080 3028 2141 suam,

580 2177 619 2239 i.
670 2196 726 2239 e.
773 2174 1152 2259 martyrium
1200 2182 1642 2261 exspectaret:
1709 2172 2070 2255 Timotheo,
2121 2194 2314 2258 quem
2369 2194 2528 2259 prae
2577 2175 2812 2237 ceteris
2856 2172 3026 2237 disci·

571 2286 739 2374 pulis
770 2289 901 2352 suis
932 2288 1215 2352 tenerius
1239 2285 1571 2372 diligebat,
1614 2288 1948 2372 negotium
1978 2285 2130 2352 fidei
2165 2294 2230 2350 et
2264 2308 2490 2351 sacrae
2522 2285 3028 2373 praedicationiS,

576 2400 753 2487 quod
798 2423 997 2487 super
1057 2402 1273 2465 omnia
1332 2398 1511 2464 cordi
1571 2398 1882 2483 habebat,
1943 2401 2259 2486 supremis
2322 2400 2505 2485 quasi
2563 2398 2800 2463 tabulis
2842 2398 3029 2463 voluit

575 2512 1055 2579 commendare.
1117 2511 1325 2577 Plena
1371 2521 1470 2577 est
1512 2511 1677 2577 haec
1725 2512 2000 2600 epistola
2053 2514 2312 2599 optimis
2367 2514 2756 2599 praeceptis»,
2813 2510 3027 2599 quibus

574 2626 984 2692 Timotheum
1008 2626 1094 2690 ad
1118 2648 1350 2691 munus
1380 2624 1709 2712 pastorale
1733 2634 1912 2690 recte
1939 2634 2004 2689 et
2034 2625 2274 2690 utiliter
2300 2624 2742 2691 exercendum
2773 2627 3026 2706 instruit3

576 2749 640 2805 et
664 2740 747 2806 ad
770 2740 1258 2826 persecutiones
1292 2738 1524 2825 quibus
1556 2738 1926 2803 vexabatur
1947 2738 2251 2803 alacriter
2273 2748 2339 2802 et
2361 2739 2875 2803 constantissime
2897 2760 3022 2825 per—

575 2853 881 2918 ferendas
916 2854 1165 2917 animos
1198 2851 1397 2917 addit.
1430 2850 1649 2917 Primo
1675 2852 1892 2938 prodit
1913 2851 2269 2938 Apostolus
2303 2874 2489 2917 suum
2523 2853 2586 2916 in
2612 2850 3025 2933 Timotheum,

576 2989 769 3053 quem
818 2968 1217 3031 carissimum
1264 2966 1464 3031 filium
1496 2989 1682 3031 suum
1713 2976 1927 3048 vocat,
1959 2966 2288 3031 affectum.
2329 2966 2658 3052 Perquam
2699 2965 3025 3050 diligenter

576 3080 885 3145 admonet
914 3080 1347 3163 Timotheum,
1381 3102 1511 3166 qua
1539 3080 1790 3145 ratione
1825 3079 2140 3145 creditum
2173 3078 2294 3143 sibi
2325 3078 2762 3164 Evangelium
2802 3101 3022 3143 annun-

578 3194 751 3257 ciare
800 3203 1099 3279 oporteat
1126 3196 1161 3257 ¹.
1209 3192 1296 3256 Et
1328 3216 1475 3258 cum
1510 3195 1575 3259 in
1607 3192 1768 3257 Asia
1811 3191 2162 3278 Phigellus,
2209 3192 2684 3276 Hermogenes,
2732 3194 2860 3257 imo
2905 3192 3024 3255 fere

578 3329 803 3372 omnes
848 3302 1125 3371 Paulum
1172 3304 1638 3389 deseruissent,
1701 3298 1982 3392 excepto
2031 3305 2439 3393 Onesiphoro
2489 3316 2554 3369 et
2599 3304 2844 3370 familia
2895 3324 3024 3387 sua;

577 3418 901 3484 Timothei
926 3421 1033 3483 sit:
1060 3418 1428 3505 depositum
1459 3418 1631 3501 fidei,
1661 3441 1744 3483 ex
1771 3442 1898 3504 quo
1927 3419 2127 3483 ceteri
2153 3417 2555 3500 exciderant,
2590 3441 2972 3484 conservare
2989 3420 3024 3481 ⁸².

575 3533 929 3597 Praeterea
958 3531 1313 3619 Apostolus
1332 3536 1358 3575 ³
1400 3530 1579 3597 illum
1612 3531 1696 3597 ad
1727 3533 2012 3597 muneris
2043 3533 2142 3596 sui
2171 3533 2386 3596 varios
2415 3530 2678 3597 labores
2711 3530 3026 3597 obeundos

578 3648 841 3729 animat,
891 3644 1192 3731 exemplo
1240 3644 1455 3709 militis
1502 3655 1566 3709 et
1612 3644 1973 3730 agricolae:
2023 3666 2298 3731 quorum
2343 3646 2522 3731 prior
2567 3654 2868 3709 strenuus
2899 3664 3024 3708 esse

788 3877 825 3941 ¹)
863 3877 1102 3927 Revocat
1136 3875 1205 3925 ad
1242 3877 1546 3926 memoriam
1596 3882 1650 3925 et
1695 3876 1882 3926 laudat
1925 3874 2096 3926 zelum
2139 3874 2290 3939 fidei,
2341 3890 2572 3926 amorem
2619 3890 2685 3927 ex
2729 3888 2828 3927 sua
2859 3872 3024 3925 intima

578 3965 837 4027 amcitia,
874 3962 1029 4014 fidem
1068 3963 1191 4013 item
1229 3978 1417 4029 puram
1453 3964 1608 4013 aviae
1655 3971 1710 4014 et
1743 3964 1926 4014 matris
1961 3978 2119 4027 suae3
2157 3963 2278 4013 ideo
2325 3968 2570 4029 oportere
2615 3964 2768 4013 illum
2801 3964 3023 4014 insistere

580 4050 755 4102 officio
802 4049 1109 4116 divulgandi
1156 4049 1350 4100 Christi
1408 4048 1564 4099 fidem
1611 4064 1708 4115 per
1753 4049 2034 4113 mundum3
2088 4051 2174 4099 cui
2221 4054 2276 4100 et
2317 4050 2608 4117 Apostolus
2654 4051 2828 4117 quoad
2871 4048 3024 4116 potuit

578 4152 787 4203 semper
811 4138 1091 4188 institerat.
1133 4139 1178 4198 1,
1207 4137 1356 4186 1—5.
1408 4136 1826 4187 commonefacit
1849 4136 2179 4187 Timotheum
2209 4138 2430 4203 gratiae,
2457 4152 2616 4203 quam
2643 4138 2848 4204 accepit
2867 4152 2898 4186 a
2917 4136 3018 4186 Deo

576 4242 674 4293 per
698 4222 1068 4295 ,,χειροθεσίαν“
1094 4224 1273 4288 Pauliz,
1298 4229 1515 4290 propter
1534 4224 1680 4290 quod
1698 4240 1805 4274 non
1825 4224 1984 4275 debet
2003 4225 2315 4276 erubescere
2335 4226 2694 4275 testimonium
2715 4224 2914 4285 Christi,
2935 4236 3018 4271 nec

578 4315 751 4379 ipsum
775 4312 1085 4380 Apostolum
1111 4311 1311 4362 Romae
1335 4313 1596 4376 vinctum3
1630 4312 1725 4363 sed
1751 4312 2080 4363 collaborare
2104 4313 2160 4362 in
2183 4312 2481 4379 Evangelio
2505 4328 2604 4379 pro
2631 4328 2736 4379 quo
2759 4309 3020 4377 Apostolus
3069 4302 3082 4311 '

580 4402 907 4465 patiebatur,
946 4414 1045 4450 nec
1079 4404 1259 4450 tamen
1296 4398 1521 4461 destitit,
1560 4401 1688 4465 quia
1723 4405 1900 4451 certus
1937 4405 2079 4450 erat:
2121 4400 2332 4463 Jesum,
2371 4401 2463 4466 qui
2498 4400 2725 4451 Paulum
2759 4400 3017 4450 Doctorem

580 4488 815 4551 gentium
870 4488 1053 4554 elegit,
1111 4487 1347 4538 debitum
1400 4486 1504 4537 sibi
1555 4488 1611 4536 in
1665 4487 1752 4538 die
1805 4488 1984 4538 iudicii
2031 4502 2333 4539 reservasse
2384 4488 2691 4554 praemium.
2753 4490 2806 4549 1,
2851 4484 3016 4535 6—12.

582 4573 625 4639 ²)
664 4574 960 4635 1,13-18.
1024 4574 1063 4640 ³)
1100 4577 1147 4635 2,
1182 4576 1330 4624 1-—7.
