3267 5259
1175 461 1462 503 chronotaxis
1475 451 1769 513 'Evangelicm
2538 447 2718 496 XXXI

223 648 336 708 est3
383 640 483 696 sed
531 640 642 697 hoc
697 641 1070 712 anteriorem,
1118 643 1222 718 qui
1268 661 1304 698 a
1345 641 1407 697 C.
1455 641 1657 698 Sentio
1702 641 2041 712 SaturninO,
2097 646 2242 699 toste
2290 641 2652 699 Tertulliano
2677 640 2714 712 ¹,

223 751 356 800 ante
387 763 631 802 censum
662 765 696 802 a
726 745 792 801 P.
829 745 888 803 S.
922 744 1173 807 Quirino
1205 745 1411 822 Syriae
1443 747 1717 803 Praeside
1746 747 2090 803 institutum
2120 751 2387 822 peractus
2418 751 2521 803 est.
2556 744 2717 807 Quae

221 848 546 923 expositio:
618 850 828 920 ,haec
872 850 1327 925 descriptio
1373 851 1596 926 prior
1642 856 1820 909 erat
1864 850 2048 923 illa,
2099 870 2301 929 quae
2344 851 2561 908 facta
2604 855 2719 906 est

221 953 610 1010 Praeside
656 953 944 1030 Syriae
990 952 1360 1024 Quirino,
1411 954 1482 1011 V.
1532 954 1879 1031 Cyrino‘3
1944 955 2188 1012 minime
2232 954 2494 1012 violenta
2538 961 2639 1012 aut
2685 973 2720 1011 a

219 1077 262 1112 s..
295 1057 546 1130 Paginis
580 1057 775 1115 aliena
805 1059 922 1114 dici
952 1064 1160 1134 potest,
1210 1077 1341 1115 cum
1388 1078 1508 1116 vox
1557 1057 1785 1134 ,ϊτρ(ἷ)·-.·ηί
1832 1061 1959 1118 vim
2002 1058 2239 1136 προτέρα
2284 1060 2497 1117 habeat
2540 1059 2718 1116 etiam

220 1162 372 1236 apud
423 1182 472 1218 s.
506 1161 798 1218 Joannem
827 1163 938 1222 Ev.
978 1167 1031 1233 1,
1073 1167 1171 1220 15.
1207 1167 1308 1220 30.
1347 1167 1443 1232 15,
1485 1167 1560 1219 18
1585 1159 1628 1220 2.
1678 1162 1840 1225 Quae
1881 1163 1930 1220 si
1975 1184 2117 1223 vera
2162 1169 2325 1221 sunt:
2374 1169 2615 1239 appa-ret
2644 1183 2718 1220 ex

221 1263 340 1320 illis
371 1285 420 1322 s.
453 1265 655 1323 Lucae
689 1271 744 1336 2,
784 1271 840 1323 2.
875 1269 1068 1324 verbis
1114 1273 1410 1325 certum
1456 1270 1763 1325 aetatis
1810 1269 2122 1326 Christi
2168 1273 2475 1343 tempus
2521 1267 2716 1324 defi-

221 1369 393 1426 niri
442 1389 602 1427 non
647 1369 930 1445 possess.

429 1477 530 1529 24.
593 1475 780 1528 Utrum
826 1477 1182 1530 testimonium
1227 1478 1280 1532 d.
1309 1479 1498 1532 Lucae
1529 1480 1584 1548 3,
1618 1480 1665 1533 1.
1704 1480 1760 1534 2.
1795 1495 1836 1529 s.
1871 1495 1977 1547 quo
2009 1477 2181 1544 refert
2208 1496 2261 1533 v.
2299 1480 2395 1532 23.
2450 1476 2719 1532 Christum

222 1597 340 1632 cum
371 1581 452 1632 ad
486 1581 818 1650 baptismum
863 1583 1002 1636 adiit
1050 1574 1200 1654 ,ὡσεὶ
1233 1576 1368 1635 ἐτῶν
1411 1578 1718 1656 τριάκοντα(
1751 1581 1937 1648 fuisse
1971 1583 2183 1650 prodat
2224 1582 2428 1635 Natale
2477 1581 2718 1639 Domini.

221 1681 528 1740 Narratur
575 1703 610 1740 a
655 1684 711 1740 d.
753 1682 1152 1758 Evangelista‚
1201 1683 1455 1741 Joannes
1501 1684 1566 1741 Β.
1610 1683 2007 1741 ministerium
2052 1703 2224 1742 suum
2268 1684 2428 1742 inter
2470 1684 2509 1741 J
2511 1686 2720 1741 udaeos

221 1805 504 1844 exorsus:
552 1789 986 1864 quintodecimo
1026 1788 1248 1845 Tiberii
1288 1789 1636 1864 imperantis
1681 1808 1861 1845 anno:
1905 1788 1944 1844 J
1945 1788 2114 1846 udaei
2160 1808 2297 1846 vero
2342 1807 2553 1861 magno
2582 1807 2718 1846 oon-

229 1888 402 1948 fluxu
436 1895 501 1948 et
531 1911 776 1949 numero
807 1893 880 1949 ab
911 1893 1014 1949 illo
1056 1892 1356 1967 baptizati,
1403 1898 1462 1949 et
1505 1892 1543 1949 J
1544 1913 1673 1950 esus
1718 1892 1985 1949 Christus
2030 1911 2257 1970 quoque
2304 1891 2461 1950 inter
2505 1899 2720 1950 ceteros

225 2013 378 2071 aqua
431 1996 660 2052 tinctus
709 2001 825 2065 est3
882 2001 1007 2053 tum
1055 1997 1334 2072 temporis
1385 2016 1568 2054 annos
1613 2001 1787 2057 natus
1834 1993 1985 2072 ,ὡσει
2034 1996 2169 2050 ετῶν
2211 1994 2497 2072 τριάκοντα
2542 1992 2719 2071 ἀρχό-

223 2201 400 2266 Antiq.
428 2217 562 2252 rom.
590 2219 638 2251 v.
666 2201 735 2251 11.
761 2201 1000 2251 Berolini
1031 2205 1180 2252 1854.
1207 2219 1258 2267 p.
1285 2203 1369 2252 89.
1397 2219 1439 2252 s.
1489 2202 1669 2251 Herm.
1698 2199 1943 2263 Gerlach,
1978 2201 2063 2250 die
2088 2201 2385 2251 romischen
2411 2201 2722 2252 Statthalter

223 2290 278 2336 in
316 2287 515 2353 Syrien
553 2305 606 2338 u.
644 2288 872 2338 Judaea.
911 2288 1050 2338 Berl.
1093 2291 1242 2338 1865.
1281 2306 1332 2354 p.
1371 2291 1455 2338 34.
1494 2304 1534 2337 s.

441 2375 480 2440 ¹)
521 2374 655 2424 Adv.
693 2375 1038 2437 Marcionem,
1076 2375 1166 2438 IV,
1209 2377 1289 2424 19.
1338 2375 1436 2436 ΙΙΙ,
1479 2377 1594 2425 191.
1660 2375 1797 2436 „Sed
1836 2381 1889 2425 et
1925 2390 2115 2424 census
2165 2379 2375 2425 constat
2422 2381 2571 2424 actos
2620 2376 2720 2425 sub

223 2463 473 2527 Augusto
520 2467 650 2511 tunc
685 2463 740 2510 in
776 2460 988 2511 Judaea
1023 2477 1118 2526 per
1155 2460 1391 2510 Sentium
1435 2461 1827 2511 Saturninum.“
1890 2460 2038 2510 Idem
2075 2461 2454 2522 Tertullianus,
2492 2462 2562 2511 ib.
2600 2477 2644 2511 c.
2674 2463 2720 2512 7.

223 2565 273 2613 p.
303 2551 424 2598 155.
467 2547 676 2596 dixerat
711 2563 926 2598 censum
951 2549 1178 2613 Augusti
1218 2554 1438 2609 „testem
1474 2547 1839 2598 fidelissimum
1877 2548 2176 2598 dominicae
2212 2549 2525 2609 nativitatis,
2565 2563 2723 2612 quem

226 2649 452 2683 romana
489 2633 711 2683 archiva
747 2634 1100 2683 custodiunt.“
1166 2633 1246 2683 Cf.
1284 2637 1318 2683 i.
1357 2635 1568 2694 Norisii,
1607 2629 1793 2684 Cenot.
1833 2635 1939 2682 Pis.
1974 2633 2099 2683 diss.
2124 2633 2196 2696 11,
2227 2637 2306 2683 11.
2337 2635 2415 2682 12.
2455 2650 2505 2699 p.
2532 2635 2649 2683 492.
2679 2651 2721 2684 s.

224 2723 344 2772 508.
387 2736 428 2769 s.
503 2719 546 2784 ²)
585 2720 912 2785 Largiuntur
949 2722 1112 2770 etiam
1145 2721 1370 2770 aliarum
1408 2723 1791 2770 sententiarum
1828 2726 2253 2786 propugnatores
2292 2718 2533 2787 ,,πρώ·ιη“
2570 2737 2721 2771 usur-

224 2809 344 2872 pari
385 2823 480 2872 pro
519 2801 752 2874 πρότερον
790 2811 844 2856 et
877 2804 1129 2874 προτέραν.
1193 2807 1274 2856 Cf.
1311 2807 1372 2856 B.
1413 2805 1534 2856 Chr.
1573 2807 1853 2870 Richardi,
1898 2807 2019 2857 diss.
2060 2809 2125 2857 de
2164 2807 2341 2857 Censu
2378 2809 2629 2872 Augusti,
2666 2810 2723 2858 in

225 2895 390 2944 Thes.
432 2911 481 2942 n.
521 2894 590 2956 11,
629 2895 746 2942 437.
808 2893 896 2943 Ita
928 2895 1374 2959 interpretantur:
1411 2893 1673 2944 Antonius
1712 2894 1989 2959 Bynaeus,
2035 2894 2100 2944 de
2137 2895 2303 2944 natali
2338 2894 2471 2944 Jesu
2512 2894 2721 2945 Christi.

227 2981 449 3031 Amstel.
491 2981 641 3029 1689.
680 2998 731 3045 p.
758 2982 875 3030 329.
927 2981 986 3029 A.
1027 2979 1316 3043 Calmetus,
1357 2981 1555 3030 Comm.
1590 2980 1665 3029 lit.
1704 2981 1757 3029 in
1794 2981 2003 3047 Evang.
2029 2981 2162 3031 Luc.
2202 2981 2283 3030 ed.
2309 2981 2542 3031 Wirceb.
2572 2983 2723 3030 1787.

225 3084 274 3132 p.
315 3069 403 3116 34.
454 3067 764 3128 Heumann,
812 3067 878 3116 de
916 3083 1081 3117 censu
1119 3068 1379 3132 antequir.
1418 3069 1472 3116 in
1510 3066 1715 3133 sylloge
1760 3068 1885 3118 diss.
1924 3067 1975 3129 I,
2022 3070 2137 3118 763.
2176 3083 2218 3117 s.
2278 3069 2616 3130 Perizonius,
2657 3068 2723 3117 de

225 3154 366 3220 Aug.
403 3155 549 3204 orbis
586 3153 956 3218 descriptione.
1001 3153 1172 3203 Oxou.
1213 3155 1364 3203 1738.
1408 3171 1458 3218 p.
1500 3155 1616 3204 908.
1681 3152 1936 3216 Clericus,
1976 3155 2157 3204 Harm.
2198 3171 2248 3220 p.
2289 3158 2369 3205 16.
2430 3154 2725 3204 Michaeler

227 3241 260 3290 l.
302 3259 350 3291 c.
389 3259 441 3306 p.
480 3243 564 3292 60.
625 3239 886 3304 Siiskind,
929 3240 1163 3305 Symbol.
1203 3241 1272 3290 ad
1307 3241 1497 3291 illustr.
1537 3257 1586 3306 q.
1624 3242 1832 3306 Evang.
1870 3241 2007 3292 loca.
2054 3242 2280 3306 Tubing.
2323 3243 2473 3291 1803.
2518 3241 2601 3303 11,
2638 3243 2723 3292 43.

227 3329 296 3378 H.
327 3328 647 3390 Olshausen,
673 3327 814 3377 Bibl.
841 3327 1040 3378 Comm.
1068 3333 1118 3376 ii.
1147 3343 1187 3378 s.
1228 3327 1493 3377 Schriften
1521 3327 1613 3378 des
1640 3329 1705 3377 N.
1732 3329 1793 3377 T.
1827 3329 1909 3378 ed.
1936 3328 2033 3377 111.
2059 3328 2317 3394 Konigsb.
2348 3329 2497 3378 1837.
2534 3327 2575 3391 Ι,
2606 3330 2721 3378 127.

229 3417 292 3465 Α.
331 3415 597 3476 Tholuck,
634 3415 771 3464 liter.
811 3415 940 3463 Anz.
981 3417 1130 3464 1833.
1169 3431 1220 3464 ιι.
1259 3417 1342 3463 31.
1380 3417 1463 3464 32.
1503 3433 1553 3480 p.
1592 3417 1709 3464 248.
1749 3417 1868 3464 254.
1899 3431 1938 3464 s.
1990 3414 2154 3477 Idem,
2194 3414 2279 3463 die
2318 3414 2722 3480 Glaubwilrdig-

229 3503 345 3552 keit
382 3502 477 3551 der
513 3516 702 3566 evang.
742 3501 1076 3552 Geschichte.
1115 3501 1405 3567 Hamburg.
1449 3503 1599 3551 1838.
1639 3501 1721 3551 cd.
1759 3501 1829 3550 11.
1867 3518 1918 3566 p.
1960 3503 2074 3551 180.
2114 3515 2154 3550 s.
2210 3501 2305 3550 Ph.
2344 3503 2410 3552 Ε.
2448 3501 2722 3564 Huschke,

231 3593 283 3637 ii.
325 3588 375 3637 d.
415 3605 460 3636 z.
499 3589 555 3637 Z.
594 3587 644 3636 d.
684 3587 890 3636 Geburt
932 3588 1066 3638 Jesu
1116 3587 1312 3638 Christi
1361 3587 1684 3652 gehaltenen
1733 3588 1938 3637 Census
1987 3587 2229 3637 Breslau.
2270 3589 2421 3638 1840.
2468 3605 2519 3653 p.
2558 3590 2641 3638 83.
2680 3603 2722 3638 s.

231 3673 514 3734 Wieseler‚
543 3673 664 3722 Chr.
692 3674 950 3740 Synopse.
979 3677 1095 3724 117.
1121 3689 1162 3726 s.
1207 3674 1436 3737 Mflnter,
1465 3674 1498 3724 l.
1526 3691 1570 3724 c.
1596 3691 1649 3739 p.
1676 3675 1759 3725 88.
1805 3673 1871 3723 H.
1898 3674 2107 3736 Ewald‚
2138 3674 2455 3725 Geschichte
2482 3674 2724 3724 Christus

231 3761 344 3810 und
379 3762 557 3809 seiner
591 3760 724 3810 Zeit.
762 3759 904 3810 Gott.
947 3761 1096 3811 1855.
1133 3777 1186 3826 p.
1215 3763 1330 3810 120.
1391 3761 1504 3810 Imo
1543 3755 1640 3822 „tiz
1672 3760 1879 3827 πρῶτα“
1919 3761 2081 3811 etiam
2117 3762 2419 3812 testimonio
2456 3762 2721 3828 Vulgatae

233 3865 330 3913 pro
367 3847 637 3913 prioribus
677 3846 953 3898 dumtaxat
989 3849 1352 3914 accipiuntur:
1387 3847 1574 3897 Matth.
1618 3851 1697 3912 12,
1736 3849 1820 3898 45.
1870 3850 1953 3910 21,
1993 3851 2077 3898 36.
2136 3848 2269 3898 Luc.
2310 3851 2391 3910 11,
2428 3852 2510 3898 26.
2570 3849 2725 3900 Haec

233 3935 444 4000 quidem
482 3935 848 3999 interpretatio
887 3950 1025 4000 quae
1062 3940 1333 3984 auctorem
1358 3934 1522 3984 habet
1552 3935 1602 3984 J.
1632 3935 1695 3984 G.
1721 3935 2075 3997 Herwartum,
2115 3937 2168 3984 in
2204 3951 2327 3985 nov.
2357 3935 2552 3985 Chron.
2578 3937 2722 3986 Mon.

235 4025 384 4072 1612.
425 4037 470 4070 c.
498 4023 636 4083 241„
679 4035 771 4071 eas
810 4021 1150 4071 difficultates
1189 4021 1406 4083 emollit,
1447 4037 1476 4070 e
1513 4022 1704 4086 quibus
1733 4023 1833 4071 viri
1870 4021 2061 4072 eruditi
2099 4038 2215 4072 cum
2247 4037 2305 4071 se
2332 4022 2579 4086 expedire
2616 4037 2724 4071 non

230 4114 470 4174 possent,
498 4107 568 4157 de
593 4107 1050 4158 administratione
1071 4107 1254 4172 Cyrini
1283 4108 1504 4173 Syriaca
1528 4108 1788 4174 pleraque
1811 4124 1921 4158 non
1944 4109 2100 4159 modo
2126 4110 2241 4160 sine
2264 4113 2400 4158 teste
2426 4123 2491 4156 ac
2508 4108 2723 4172 tabulis,

231 4212 412 4245 verum
441 4196 604 4244 etiam
630 4195 886 4245 adversus
910 4195 1160 4244 Veterum
1187 4195 1526 4245 historiarum
1560 4193 1719 4244 fidem
1742 4197 1797 4244 in
1823 4194 2005 4245 literas
2030 4196 2238 4245 misere.
2282 4195 2386 4245 Est
2407 4193 2542 4244 haec
2565 4197 2724 4244 inter-

231 4283 460 4348 pretatio
497 4281 783 4330 verborum
821 4295 862 4330 s.
889 4283 1072 4331 Lucae
1109 4283 1158 4343 2,
1191 4283 1240 4330 2.
1278 4283 1444 4347 primo
1483 4287 1707 4347 aspectu
1744 4281 1957 4346 quidem
1995 4281 2187 4343 durior,
2228 4285 2281 4331 et
2319 4281 2439 4330 ideo
2478 4295 2512 4330 a
2547 4281 2725 4334 multis

233 4375 490 4434 tanquam
529 4383 566 4416 a
601 4369 758 4432 genio
795 4368 1012 4433 linguae
1050 4383 1278 4434 graecae
1314 4367 1494 4418 aliena
1529 4368 1730 4417 reiecta
1765 4367 1891 4430 fuit3
1937 4366 2033 4416 sed
2067 4383 2195 4417 vero
2233 4367 2330 4418 abs
2367 4368 2430 4417 E.
2468 4367 2724 4418 Huschke

231 4462 340 4506 tam
377 4454 589 4505 erudite
627 4453 900 4504 vindicata
935 4457 1196 4520 reperitur
1231 4455 1264 4504 l.
1292 4471 1336 4504 c.
1365 4473 1417 4520 p.
1444 4457 1526 4505 80.
1553 4471 1612 4518 s.,
1651 4460 1712 4503 ut
1748 4453 1875 4519 quid
1913 4454 2075 4502 obiici
2107 4453 2188 4502 illi
2223 4455 2408 4519 possit,
2447 4456 2535 4505 vix
2570 4456 2721 4505 intel-

231 4542 426 4608 ligitur.
503 4539 546 4604 ³)
589 4541 670 4590 Cf.
709 4557 754 4591 c.
790 4541 1060 4604 Aberle,
1099 4547 1149 4592 ii.
1178 4542 1227 4593 d.
1256 4541 1570 4592 Statthalter
1606 4540 1897 4602 Quirinius,
1935 4541 1990 4590 in
2028 4555 2153 4591 ann.
2188 4542 2324 4591 Tiib.
2364 4541 2723 4604 Quartalschr.

235 4631 384 4680 1865.
420 4647 473 4695 p.
521 4629 638 4679 103.
