3267 5259
1177 460 1457 512 smmum
1485 460 1529 502 s.
1549 459 1781 501 usnemu.
2583 448 2706 513 271

1094 534 1123 545 κ

214 636 527 685 testimonio
572 634 817 702 plerique
871 638 1248 699 recentiorum,
1294 637 1433 687 inter
1476 652 1613 703 quos
1663 641 1716 685 et
1767 636 1980 701 Hugius
2033 640 2238 698 noster,
2284 635 2428 685 Einl.
2463 652 2517 701 p.
2553 638 2636 686 16.
2671 652 2713 687 s.

214 722 425 773 nullam
452 738 575 773 esse
594 722 843 773 clamant.
867 724 942 773 Et
965 724 1177 789 quidem
1194 724 1338 789 Hug.
1362 723 1561 774 iudicio
1580 723 2102 788 Eusebii——Papiae
2127 723 2432 788 opinionem
2457 721 2525 771 de
2548 738 2714 788 regno

216 809 523 859 millenario
560 808 841 861 referentis
867 810 903 860 l.
930 826 971 861 s.
998 826 1044 860 c.
1069 828 1122 877 p.
1151 812 1267 861 112.
1320 812 1503 871 „Quae
1528 809 1740 875 quidem
1767 811 1842 859 ita
1865 810 2116 875 opinatus
2140 824 2259 860 esse
2283 807 2494 859 videtur
2517 810 2715 875 Papias

220 912 285 945 ex
310 896 459 946 male
494 896 785 947 intellectis
807 896 1187 963 Apostolorum
1216 897 1627 959 narrationibus,
1667 912 1786 947 cum
1813 911 1880 946 ea
1903 911 2040 962 quae
2078 911 2274 947 arcano
2299 896 2530 961 quodam
2554 912 2714 947 sensu

222 988 274 1032 et
312 982 550 1049 exempli
587 997 755 1033 causa
790 984 859 1033 ab
896 982 1004 1033 illis
1041 983 1371 1047 dicebantur,
1408 999 1517 1034 non
1552 984 1684 1033 satis
1720 983 2054 1049 pervidisset.
2124 983 2252 1033 Fuit
2288 985 2426 1033 enim
2461 983 2716 1034 mediocri

222 1069 515 1119 admodum
558 1070 773 1135 ingenio
818 1070 1139 1136 praeditus.“
1168 1098 1235 1107 --
1257 1070 1427 1121 fretus
1470 1070 1811 1119 traditionem
1857 1069 1996 1120 hanc
2033 1070 2236 1135 Papiae
2279 1069 2446 1120 veluti
2487 1070 2714 1121 hominis

220 1158 497 1221 pertenuis
546 1157 773 1221 ingenii,
802 1156 1131 1223 =credulique
1178 1158 1452 1223 scriptoris
1498 1157 1716 1221 spernit.
1786 1156 1858 1205 At
1904 1156 2116 1221 Hugius
2153 1158 2208 1206 in
2252 1172 2482 1207 errorem
2528 1156 2714 1225 lapsus

222 1248 319 1293 est.
381 1243 569 1293 Potuit
612 1243 835 1309 Papias,
888 1258 1007 1293 cum
1056 1244 1317 1293 referente
1354 1243 1609 1305 Eusebi0,
1649 1243 1717 1293 H.
1751 1244 1816 1293 E.
1849 1242 1948 1293 111.
1983 1245 2066 1293 39.
2098 1259 2153 1310 p.
2191 1246 2306 1293 112.
2357 1238 2598 1313 ,,σμικρὸς
2631 1238 2716 1295 τὸν

218 1330 370 1379 νοῦν“
410 1330 573 1394 foret,
620 1331 715 1380 ubi
757 1330 1113 1381 intellectu
1157 1346 1243 1381 res
1289 1329 1587 1380 dirimenda
1622 1334 1790 1392 esset,
1835 1329 2152 1380 hallucinari
2198 1336 2252 1381 et
2295 1332 2352 1380 in
2389 1346 2452 1381 eo
2489 1332 2712 1397 negligi3

220 1422 405 1467 tamen
440 1422 730 1483 propterea
762 1433 870 1467 non
908 1423 991 1467 est
1024 1416 1127 1467 fide
1163 1418 1431 1482 indignus,
1468 1418 1561 1467 ubi
1587 1417 1854 1467 Historias
1891 1422 2090 1469 narrat.
2143 1418 2356 1483 Hugius
2393 1422 2536 1467 certe
2573 1418 2712 1469 ultro

216 1504 511 1569 processit,
552 1518 713 1569 quam
746 1504 1019 1555 Eusebius
1066 1506 1207 1570 ipse,
1244 1505 1336 1569 qui
1372 1520 1493 1553 eum
1530 1503 1812 1554 mediocris
1847 1505 2050 1569 ingenii
2073 1504 2348 1554 ‘hominem
2385 1505 2550 1557 fuisse
2585 1506 2713 1559 insi-

216 1596 378 1655 nuat3
418 1590 515 1641 sed
550 1590 725 1640 malae
758 1590 885 1640 fidei
922 1606 1043 1641 eum
1076 1605 1345 1656 nusquam
1382 1592 1684 1641 accusavit:
1725 1606 1900 1656 neque
1929 1590 2216 1655 quidquam
2247 1606 2430 1641 eorum
2467 1594 2712 1657 correxit,

218 1692 364 1743 quae
400 1678 603 1743 Papias
640 1678 709 1727 de
742 1678 1055 1743 Evangeliis
1100 1676 1411 1727 tradiderat.
1471 1676 1627 1738 Quod
1672 1676 1752 1727 illi
1801 1679 2016 1727 omnino
2056 1677 2357 1728 faciendum
2405 1678 2618 1742 fuisset,
2669 1681 2714 1729 si

218 1764 353 1831 quid
390 1764 513 1815 falsi
548 1766 605 1815 in
641 1764 987 1815 relationibus
1026 1765 1143 1814 eius
1178 1765 1479 1830 reperisset.
1550 1763 1666 1814 Imo
1700 1764 1840 1813 idem
1877 1762 2161 1827 Eusebius,
2209 1764 2278 1815 H.
2303 1764 2370 1814 E.
2407 1766 2505 1829 ΠΙ,
2541 1769 2626 1817 36.
2659 1784 2710 1833 p.

226 1854 353 1901 106.
401 1852 467 1901 de
504 1851 598 1903 illo
635 1826 843 1901 scribit}
890 1848 1115 1914 „Ilerdae
1135 1888 1147 1900 .
1172 1890 1183 1899 .
1207 1889 1218 1899 .
1240 1888 1253 1901 .
1303 1846 1423 1919 ἀνὴρ
1458 1844 1519 1901 τὰ
1553 1846 1708 1901 πάντα
1742 1845 1817 1900 ὅτι
1855 1846 2068 1917 μάλιστα
2107 1846 2462 1919 λογιώτατος.“
2521 1854 2712 1919 Itaque

216 1938 399 1987 iudice
444 1937 529 1987 ed.
566 1938 881 2001 Heinichen‚
928 1938 971 2001 1,
1010 1940 1129 1987 271.
1166 1944 1273 1988 not.
1314 1940 1359 1987 1.
1424 1938 1680 2003 „Papiam
1727 1937 1890 1987 fuisse
1936 1938 2106 1986 virum
2152 1939 2208 1987 in
2253 1939 2498 1988 omnibus
2543 1939 2714 1989 multa

216 2026 499 2087 scientem,
538 2026 681 2075 omni
718 2024 1029 2075 eruditionis
1066 2040 1260 2090 genere
1296 2025 1794 2075 instructissimum“
1834 2023 1980 2073 dixit.
2030 2022 2165 2075 Cum
2189 2022 2270 2073 his
2296 2028 2474 2075 antem
2496 2027 2712 2075 minime

214 2116 429 2177 pugnat
466 2112 611 2177 quod
644 2112 924 2162 mediocris
968 2110 1271 2161 intellectus
1314 2112 1485 2161 virum
1530 2110 1883 2176 adpellaverit
1915 2110 1950 2161 1.
1985 2127 2027 2161 s.
2063 2126 2136 2174 c.;
2183 2110 2286 2161 nisi
2333 2112 2450 2176 quis
2497 2112 2711 2161 demon-

216 2198 443 2260 stravit,
482 2198 625 2264 quod
664 2200 985 2265 quicumque
1019 2199 1189 2249 multa
1220 2197 1427 2264 legerat
1462 2204 1623 2264 atque
1662 2198 1946 2261 didicerat,
1983 2200 2228 2249 acumine
2263 2214 2478 2265 quoque
2512 2200 2712 2265 ingenii

216 2290 275 2335 et
310 2286 367 2334 vi
406 2286 629 2335 rationis
664 2286 945 2351 praeclara
978 2286 1184 2351 pollere
1231 2286 1443 2335 debeat.
1512 2284 1734 2336 Falsum
1779 2290 1862 2335 est
1908 2301 2066 2351 porro
2103 2285 2250 2351 quod
2283 2286 2426 2351 Hug.
2465 2286 2710 2349 affirmat,

216 2388 331 2421 non
385 2378 635 2423 constare
690 2373 831 2423 unde
885 2373 1133 2423 habuerit
1180 2374 1378 2438 Papias
1427 2387 1529 2423 sua
1580 2372 1648 2422 de
1693 2372 1992 2437 Evangelio
2048 2372 2098 2421 d.
2134 2372 2394 2423 Matthaei
2442 2373 2712 2424 hebraico.

214 2460 511 2509 Enimvero
559 2464 761 2526 quanta
806 2460 1083 2526 diligentia
1134 2460 1296 2509 fuerit
1338 2460 1537 2525 Papias
1591 2460 1649 2509 in
1694 2459 2008 2523 colligendis
2055 2460 2307 2509 Veterum
2359 2461 2710 2522 monimentis,

216 2548 421 2612 optime
458 2564 523 2597 ex
560 2548 831 2613 prooemio
868 2548 1123 2597 librorum
1160 2548 1275 2597 eius
1312 2546 1455 2612 apud
1492 2547 1734 2597 eumdem
1771 2548 2094 2609 Eusebium,
2133 2547 2168 2596 l.
2193 2562 2239 2596 c.
2265 2564 2318 2612 p.
2346 2549 2465 2597 111.
2504 2547 2710 2599 discere

215 2648 534 2699 possumus3
572 2634 715 2684 unde
740 2634 883 2685 clare
918 2639 1092 2701 patet:
1132 2635 1357 2700 Papiam
1381 2634 1526 2683 facta
1550 2634 1748 2699 fingere
1774 2650 1948 2699 neque
1973 2634 2226 2699 potuisse,
2255 2648 2427 2699 neque
2461 2634 2711 2685 voluisse.

214 2721 447 2785 Papias,
492 2720 527 2770 l.
563 2736 608 2770 c.
646 2738 697 2787 p.
736 2723 853 2771 112.
902 2722 1048 2771 clare
1093 2720 1402 2787 perhibetur
1447 2720 1516 2770 ab
1560 2721 1832 2771 Aristione
1887 2724 1942 2769 et
1982 2720 2196 2770 Joanne
2239 2720 2552 2786 presbytero
2609 2736 2710 2772 sua

214 2808 516 2872 accepisse.
585 2806 669 2857 Ad
690 2807 841 2858 ’haec
878 2807 1195 2873 accipienda
1228 2808 1426 2873 Papias
1466 2808 1595 2857 satis
1631 2806 1868 2857 habebat
1902 2807 2129 2873 ingenii,
2175 2808 2314 2858 sicut
2349 2813 2404 2857 et
2438 2808 2508 2857 ad
2549 2809 2708 2859 inter-

214 2893 543 2958 rogandum,
592 2910 699 2959 quo
746 2909 987 2944 sermone
1024 2894 1381 2959 Evangelium
1430 2909 1583 2944 suum
1620 2910 1661 2945 s.
1687 2892 1992 2944 Matthaeus
2035 2895 2358 2959 exaraverit3
2405 2896 2536 2945 satis
2581 2896 2708 2945 item

214 2980 398 3029 bonae
434 2979 557 3029 fidei
596 2980 663 3029 ad
698 2980 831 3030 illud
870 2980 1221 3042 referendum,
1264 2981 1405 3030 sicut
1438 2980 1508 3029 ab
1546 2981 1920 3046 Apostolorum
1968 2981 2242 3046 discipulis
2269 2982 2601 3048 -inprimis
2637 2983 2706 3032 ab

212 3067 491 3117 Aristione
536 3066 630 3117 illo
686 3072 847 3133 atque
895 3068 1107 3117 Joanne
1153 3067 1465 3132 presbytero
1504 3096 1563 3103 —
1602 3068 1954 3118 intellexerat.
2028 3069 2366 3134 Quapropter
2418 3070 2707 3119 auctoritas

214 3154 425 3218 Papiae
470 3153 859 3203 contemnenda
904 3168 1010 3203 non
1057 3158 1137 3204 est
1180 3154 1235 3201 in
1281 3169 1339 3203 re
1383 3158 1491 3202 tam
1536 3152 1708 3203 facilis
1755 3155 2097 3219 cognitionis3
2150 3154 2245 3204 sed
2281 3156 2458 3220 potius
2492 3156 2708 3205 maximi

214 3239 471 3289 facienda
506 3240 573 3289 ob
611 3240 711 3289 viri
748 3241 1143 3306 antiquitatem:
1182 3241 1491 3305 praesertim
1530 3256 1650 3289 cum
1687 3244 1740 3289 et
1767 3240 1946 3291 nullus
1984 3240 2062 3289 illi
2097 3240 2493 3303 contradixerit,
2532 3258 2706 3308 neque

214 3326 361 3375 enim
400 3325 621 3376 deerant
656 3325 749 3375 alii
787 3326 1084 3392 Scriptores
1122 3326 1472 3376 ecclesiastici
1508 3342 1560 3375 u.
1590 3343 1659 3387 v.,
1695 3328 1788 3391 qui
1825 3328 1874 3377 ei
1913 3328 2278 3377 contradicere
2321 3332 2568 3393 poterant
2601 3329 2706 3377 imo

215 3412 508 3475 debebant,
546 3414 590 3461 si
628 3413 822 3462 falsum
860 3413 1095 3463 dixisset.
1158 3412 1238 3462 Cf.
1264 3412 1578 3475 Heinichen,
1614 3413 1650 3463 l.
1688 3430 1733 3462 c.
1760 3430 1810 3478 p.
1838 3415 1955 3463 286.
2005 3413 2346 3477 Reuterdahl‚
2381 3414 2446 3463 de
2471 3414 2707 3465 fontibus

214 3498 289 3548 H.
318 3499 385 3549 E.
411 3499 653 3549 Eusebii.
692 3499 863 3549 Lond.
900 3499 1056 3549 Goth.
1099 3501 1247 3549 1826.
1286 3516 1337 3565 p.
1376 3502 1459 3549 33.
1486 3514 1527 3548 s.
1576 3499 1636 3548 Β.
1665 3500 1926 3561 Rienstra,
1955 3499 2020 3549 de
2046 3501 2176 3549 sont.
2209 3516 2253 3549 e.
2282 3516 2332 3566 q.
2359 3500 2427 3552 H.
2454 3502 2516 3549 E.
2544 3518 2632 3567 op.
2656 3500 2706 3551 h.

212 3586 507 3635 Eusebius.
545 3586 689 3635 Trai.
716 3600 764 3635 a.
789 3586 853 3635 R.
881 3588 1031 3636 1833.
1057 3603 1108 3651 p.
1135 3588 1216 3636 29.
1244 3602 1287 3637 s.
1347 3586 1446 3635 Vel
1484 3588 1563 3636 sic
1598 3586 1912 3651 impedimur
1950 3588 2250 3637 existimare
2286 3604 2314 3637 e
2353 3588 2468 3637 solo
2505 3588 2706 3653 Papiae

210 3673 525 3722 testimonio
562 3672 876 3737 profluxisse
914 3674 1091 3722 omnia
1127 3689 1265 3739 quae
1304 3672 1359 3723 S.
1384 3674 1445 3722 P.
1484 3677 1537 3721 et
1573 3672 1625 3722 S.
1651 3674 1718 3723 Ε.
1743 3672 1948 3722 laudati
1986 3674 2054 3723 de
2091 3672 2341 3724 hebraico
2379 3689 2421 3723 s.
2447 3674 2707 3724 Matthaei

210 3759 519 3825 Evangelio
556 3758 907 3809 tradiderunt.
954 3760 1089 3809 Nam
1126 3775 1227 3809 nec
1262 3777 1304 3810 s.
1331 3759 1611 3809 Irenaeum
1652 3760 1862 3825 quidem
1902 3776 1966 3809 ex
2003 3760 2174 3825 Papia
2218 3760 2332 3811 solo
2371 3760 2508 3809 hanc
2543 3760 2704 3810 tradi-

210 3848 417 3896 tionem
444 3846 775 3911 cognovisse,
801 3861 897 3911 pro
926 3852 1069 3896 certo
1096 3846 1359 3897 affirmare
1384 3847 1525 3896 licet.
1577 3846 1742 3896 Sunt
1778 3862 1930 3897 vero
1970 3848 2079 3912 qui
2119 3862 2242 3897 nec
2277 3848 2488 3897 minus
2525 3862 2706 3913 rege-

212 3938 371 3983 runt
404 3933 719 3982 Veterum
756 3934 1153 3984 testimonia
1188 3948 1222 3983 a
1254 3934 1455 3983 nobis
1492 3933 1690 3983 fidem
1727 3948 1853 3983 non
1890 3934 2252 3999 impetrare
2289 3949 2515 3999 posse,
2565 3934 2706 3998 quod

212 4036 405 4070 eorum
452 4019 633 4069 nullus
682 4019 860 4084 palam
906 4024 1155 4085 certeque
1200 4021 1370 4083 dicat,
1424 4036 1483 4070 se
1529 4021 1773 4070 manibus
1823 4019 2058 4070 oculisve
2101 4022 2312 4071 trivisse
2357 4037 2400 4071 s.
2449 4019 2706 4069 Matthaei

212 4106 527 4156 hebraicum
562 4105 696 4155 illud
732 4106 1101 4171 Evangelium.
1141 4107 1337 4157 Verum
1374 4106 1477 4156 hoe
1512 4112 1880 4173 argumentum
1919 4107 2164 4157 absolute
2200 4108 2393 4157 falsum
2431 4112 2528 4156 est.
2571 4106 2705 4157 Nam

212 4210 255 4245 s.
281 4194 664 4258 Hieronymus,
704 4208 787 4258 ep.
826 4193 895 4242 ad
930 4194 1149 4243 Damas.
1175 4194 1293 4256 XX,
1320 4197 1369 4243 ὃ.
1394 4210 1447 4259 p.
1471 4195 1555 4244 68.
1580 4199 1807 4245 testatur
1835 4193 2185 4255 „Matthaeus,
2224 4194 2314 4259 qui
2345 4193 2704 4259 Evangelium

211 4280 469 4331 hebraico
516 4294 760 4330 sermone
810 4281 1150 4345 conscripsit,
1197 4282 1273 4330 ita
1321 4282 1499 4346 posuit
1534 4281 1798 4331 Hosanna
1838 4280 2162 4329 baramma.“
2227 4280 2504 4340 Quomodo
2539 4280 2708 4330 verba

210 4367 471 4417 hebraica
486 4366 748 4416 Matthaei
773 4368 1035 4429 recitavit,
1060 4369 1107 4418 si
1130 4368 1487 4432 Evangelium
1512 4368 1680 4433 ipsius
1707 4368 2013 4439 hebraicum
2043 4382 2150 4417 non
2175 4366 2382 4416 viderit.
2420 4365 2526 4417 Sed
2551 4366 2706 4433 plura

212 4454 279 4504 de
305 4471 363 4504 re
386 4454 671 4505 notissima
696 4452 747 4502 h.
772 4452 808 4502 1.
836 4452 1023 4504 afferre
1047 4453 1245 4504 taedet.
1270 4454 1591 4504 Temeritate
1614 4470 1722 4503 non
1750 4458 1912 4503 vacat
1934 4454 2048 4503 sine
2073 4451 2185 4503 ullo
2211 4455 2405 4505 vetusti
2433 4454 2706 4520 scriptoris

210 4542 518 4593 testimonio
557 4539 609 4590 S.
636 4540 699 4589 P.
737 4544 791 4589 et
824 4537 877 4589 S.
900 4540 968 4589 E.
993 4540 1060 4590 de
1086 4556 1128 4591 s.
1152 4539 1411 4591 Matthaei
1442 4540 1740 4605 Evangelio
1769 4539 2018 4589 hebraice
2043 4542 2241 4605 scripto
2268 4540 2554 4591 dicentium
2579 4556 2704 4591 auc-

208 4630 481 4680 toritatem
518 4627 663 4679 velle
697 4626 1004 4692 infringere.
1042 4626 1147 4677 Pro
1172 4631 1319 4677 textu
1346 4624 1399 4677 S.
1423 4626 1684 4677 Matthaei
1721 4640 1971 4677 aramaeo
2015 4626 2226 4677 interim
2263 4632 2570 4693 pugnarunt
2603 4629 2704 4677 viri

3235 2622 3243 2901 -ᾳ-ψμ-
3238 2602 3241 2615 -
3238 2552 3241 2587 -

3129 3424 3149 3441 ἱ
