3267 5259
1147 442 1193 481 8.
1216 440 1335 481 Petri
1362 440 1575 481 adventus
1602 440 1792 482 Romam.
2593 431 2720 493 343

220 614 555 681 Claudio
603 615 919 680 Romam
965 616 1284 679 venisse
1330 613 1597 701 ibique
1645 638 1812 679 cum
1858 614 2176 681 Simone
2226 616 2496 702 Mago¹
2545 640 2719 681 con-

221 728 571 809 flixisse,
648 726 1092 791 Ecclesiam
1160 727 1568 809 fundasse,
1630 728 2176 814 fundataeque
2237 728 2718 814 praefuisse3

216 840 545 905 tandem
623 840 717 905 ob
788 838 1135 904 edictum
1212 839 1560 923 Claudii,
1639 863 1786 925 quo
1855 840 2138 905 Judaei
2205 841 2444 906 Roma
2511 842 2718 927 pulsi

218 964 453 1037 sunt,
520 951 1105 1017 Palaestinam
1172 952 1597 1036 rediisse‘3
1667 963 1738 1017 ut
1797 955 1911 1017 vix
1979 953 2106 1017 alia
2171 955 2444 1040 reperiri
2511 957 2720 1040 possit

216 1067 431 1151 magis
479 1065 863 1129 confirmata
914 1067 1221 1130 narratio.
1302 1065 1619 1130 Veterum
1679 1065 1938 1131 traditio
1997 1088 2045 1129 S.
2077 1066 2346 1131 Petrum
2389 1076 2522 1130 tam
2585 1090 2716 1130 ma-

219 1190 365 1242 ture
411 1177 744 1243 Romanos
802 1177 923 1242 sibi
984 1200 1254 1263 gregem
1316 1177 1625 1261 elegisse,
1688 1180 1952 1263 egregie
2009 1178 2330 1243 stabilitur
2383 1180 2490 1261 iis,
2548 1200 2716 1263 quae

220 1292 303 1355 de
377 1300 575 1355 coetu
638 1289 935 1354 Romano
1007 1288 1433 1354 celeberrimo
1502 1291 1760 1376 scripsit
1827 1312 1875 1354 S.
1921 1290 2165 1355 Paulus
2233 1313 2354 1355 sua
2411 1290 2496 1355 ad
2569 1314 2716 1356 eum

219 1404 379 1468 data
437 1402 728 1489 epistola.
818 1402 1109 1467 Plurima
1161 1402 1349 1465 huius
1406 1401 1723 1487 epistolae
1777 1401 1926 1469 loca
1980 1404 2425 1489 reperiuntur,
2483 1404 2717 1489 quibus

216 1540 268 1580 s.
302 1516 626 1580 Petrum
665 1526 845 1579 ante
889 1539 939 1579 s.
972 1514 1297 1579 Paulum
1334 1516 1625 1579 Romae
1672 1515 1984 1601 degisse
2025 1516 2342 1581 indirecte
2379 1518 2716 1581 evincitur.

218 1652 279 1693 a.
332 1628 399 1693 S.
432 1628 790 1714 Apostolus
838 1627 920 1691 de
966 1629 1073 1709 iis,
1135 1630 1245 1713 qui
1289 1628 1539 1693 Romae
1591 1639 1795 1711 erant,
1846 1628 2083 1693 Christi
2139 1628 2404 1693 asseclis
2453 1630 2719 1694 scribit2

216 1741 409 1824 ,fides
452 1752 675 1807 vestra
720 1743 1153 1806 annunciatur
1196 1744 1261 1805 in
1308 1744 1614 1808 universo
1662 1741 1952 1806 mundo!
2026 1741 2270 1807 Paulus
2324 1739 2388 1805 b.
2451 1764 2520 1806 se
2567 1764 2716 1806 nus-

218 1878 423 1941 quam
470 1856 655 1941 quasi
686 1855 1131 1919 Romanorum
1162 1852 1553 1939 Apostolum
1585 1856 1770 1939 gerit,
1819 1853 1936 1918 sed
1967 1853 2054 1917 ad
2083 1852 2226 1918 illos
2257 1853 2341 1918 ab
2384 1853 2509 1919 alio
2541 1854 2714 1919 bene

216 1970 547 2031 institutos
578 1966 865 2053 loquitur
885 1970 928 2029 ³.
976 1966 1085 2029 Ex
1114 1990 1163 2029 s.
1197 1966 1423 2030 Lucae
1456 1966 1772 2031 relatione
1792 1970 1818 2009 ⁴
1859 1974 2116 2030 constat
2145 1965 2393 2029 Romae
2429 1966 2715 2052 amplam

216 2080 422 2144 fuisse
480 2078 883 2163 Ecclesiam,
934 2101 1101 2165 quae
1158 2079 1217 2142 d.
1264 2078 1567 2143 habuerit
1610 2080 1976 2177 magistros,
2027 2078 2351 2161 doctores,
2398 2088 2710 2161 rectores,

218 2192 602 2275 diaeon0s⁵;
660 2194 803 2277 quis
848 2194 977 2256 iam
1032 2201 1293 2257 coetum
1340 2191 1512 2255 hunc
1556 2201 1692 2257 tam
1747 2191 2018 2277 pulchro
2077 2190 2303 2255 ordine
2355 2190 2714 2255 donavitss‘?

441 2370 479 2434 ¹)
526 2370 610 2419 De
650 2384 755 2435 quo
794 2368 898 2434 legi
932 2374 1164 2418 meretur
1201 2369 1502 2419 dissertatio
1540 2368 1842 2431 Moshemii‚
1877 2370 1942 2418 de
1981 2385 2086 2418 uno
2126 2368 2338 2419 Simone
2369 2368 2546 2433 Mago,
2587 2368 2714 2419 diss.

212 2457 286 2518 11,
316 2458 401 2507 68.
428 2472 471 2505 s.
542 2456 585 2521 ²)
625 2456 684 2505 C.
714 2459 795 2517 11,
822 2458 869 2505 8.
944 2457 985 2519 ³)
1027 2456 1085 2505 C.
1117 2458 1195 2517 15,
1226 2458 1306 2505 14.
1339 2458 1417 2506 15.
1456 2458 1539 2505 20.
1574 2458 1657 2505 22.
1686 2457 1768 2505 24.
1843 2454 1884 2521 ⁴)
1921 2456 2038 2505 Act.
2075 2456 2156 2517 28,
2197 2458 2276 2505 13.
2317 2470 2358 2504 s.
2407 2455 2528 2505 coll.
2562 2456 2714 2506 Rom.

212 2560 261 2593 c.
301 2544 383 2593 16.
458 2544 501 2607 ⁵)
541 2542 677 2593 Coll.
718 2545 795 2605 12,
833 2546 881 2593 6.
919 2544 965 2592 7.
1002 2545 1049 2593 8.
1125 2542 1167 2607 ⁶)
1207 2542 1535 2592 Heterodoxi
1572 2542 1638 2591 Ε.
1677 2558 1726 2607 g.
1763 2542 1827 2593 G.
1857 2542 1979 2591 Chr.
2005 2542 2094 2591 Fr.
2121 2541 2324 2604 Lilcke‚
2365 2542 2430 2591 de
2465 2542 2716 2593 Ecclesia

212 2630 641 2681 Christianorum
689 2630 1003 2695 apostolica.
1064 2628 1239 2681 Goett.
1284 2630 1434 2679 1813.
1482 2647 1536 2696 p.
1578 2630 1692 2679 165.
1742 2630 1798 2678 in
1845 2630 1894 2678 d.
1938 2629 2156 2679 Petrum
2203 2630 2385 2693 iniquo
2433 2630 2609 2679 animo
2658 2629 2716 2679 id

211 2718 435 2768 honoris
478 2717 819 2767 tribuendum
867 2722 1109 2777 censent,
1158 2717 1245 2766 vel
1283 2717 1644 2766 Romanorum
1679 2716 1932 2775 advenis,
1977 2731 2093 2765 cum
2134 2714 2360 2781 Spiritus
2399 2714 2451 2764 S.
2489 2716 2712 2781 illapsus

211 2810 299 2855 est
335 2804 625 2871 apostolis3
670 2804 787 2853 Act.
822 2806 871 2866 2,
914 2806 993 2853 10.
1042 2804 1129 2853 vel
1166 2802 1471 2853 Andronico
1511 2808 1565 2852 et
1599 2801 1797 2852 Juniae
1833 2802 1990 2853 Pauli
2035 2804 2306 2868 cognatis3
2355 2804 2506 2853 Rom.
2545 2806 2626 2865 16,
2666 2805 2712 2853 7.

208 2892 303 2941 vel
354 2891 585 2957 denique
634 2891 855 2941 Urbano
904 2891 1060 2941 Pauli
1109 2890 1420 2941 coadiutori.
1484 2890 1567 2939 W.
1610 2888 1937 2956 Beyschlag,
1987 2890 2052 2940 de
2101 2890 2384 2941 Ecclesiae
2433 2890 2712 2941 Romanae

214 2984 381 3040 statu,
420 2994 577 3043 quem
606 2978 761 3027 Pauli
798 2978 1027 3043 epistola
1050 2978 1271 3043 respicit
1306 2976 1429 3029 diss.
1466 2977 1591 3027 Hal.
1621 2979 1772 3027 1862.
1807 2994 1860 3043 p.
1890 2979 1969 3027 13.
1997 2994 2039 3028 s.
2089 2977 2392 3027 Ecclesiam
2416 2978 2712 3029 Romanam

212 3081 361 3127 „non
412 3081 477 3114 ex
533 3064 803 3115 hominum
858 3064 1083 3115 consilio
1140 3065 1234 3115 sed
1284 3080 1347 3115 ex
1402 3066 1523 3130 ipsa
1574 3080 1750 3113 rerum
1800 3070 2020 3127 natura,
2077 3080 2254 3130 neque
2303 3080 2410 3117 uno
2459 3067 2712 3131 temporis

208 3158 484 3202 momento
540 3150 635 3201 sed
688 3150 945 3217 paulatim
1008 3153 1275 3203 exstitisse
1335 3152 1654 3201 existimat.“
1737 3150 1842 3201 Sed
1900 3152 1992 3201 isti
2047 3152 2352 3217 similesque
2406 3153 2710 3217 scriptores,

211 3238 423 3289 nullum
460 3244 779 3288 momentum
818 3238 1035 3300 habent,
1074 3254 1181 3303 quo
1218 3240 1329 3287 suis
1368 3239 1687 3289 coniecturis
1723 3236 1883 3287 fidem
1918 3239 2134 3288 faciant.
2190 3238 2324 3287 Tam
2361 3238 2594 3287 alienum
2631 3244 2712 3289 est

216 3330 279 3375 ut
320 3342 385 3375 ex
434 3323 679 3391 Apostoli
728 3325 895 3374 literis
942 3324 1011 3374 ad
1046 3326 1316 3376 Romanos
1362 3326 1627 3376 sententia
1671 3330 1880 3377 nostra:
1930 3326 1996 3375 de
2032 3327 2272 3390 principe
2317 3324 2710 3389 Apostolorum,

214 3414 311 3477 qui
358 3414 415 3461 in
466 3412 609 3461 orbis
657 3412 831 3477 capite
878 3426 1124 3477 magnam
1160 3412 1307 3463 illam
1349 3412 1673 3473 Ecclesiam,
1722 3426 1859 3477 quae
1909 3417 2113 3477 perstat
2161 3410 2362 3474 adhuc,
2409 3412 2708 3475 constituit3

213 3502 271 3550 in
298 3499 519 3549 dubium
544 3500 715 3565 possit
750 3500 961 3562 vocari3
1000 3504 1059 3549 ut
1082 3515 1147 3549 ex
1172 3499 1277 3549 hac
1300 3501 1420 3565 ipsa
1453 3500 1646 3565 potius,
1687 3514 1826 3565 quae
1849 3499 2038 3565 procul
2076 3499 2239 3549 dubio
2277 3504 2400 3549 ante
2427 3500 2708 3562 Neronem,

210 3588 333 3653 ipso
372 3584 601 3635 Claudio
638 3601 815 3635 rerum
852 3585 1083 3636 Domino
1122 3587 1323 3651 scripta
1360 3592 1455 3649 est,
1497 3586 1882 3647 Theodoretus‚
1931 3586 2086 3636 homo
2125 3585 2464 3637 historiarum
2503 3588 2707 3651 peritis-

208 3674 397 3735 simus,
437 3686 555 3723 eam
593 3672 985 3722 demonstrarit.
1034 3672 1087 3722 Is
1124 3675 1181 3723 in
1217 3688 1317 3723 sua
1350 3674 1789 3739 interpretatione
1827 3688 1910 3738 ep.
1949 3672 2018 3722 ad
2053 3674 2205 3723 Rom.
2242 3675 2287 3736 1,
2317 3675 2399 3722 11.
2437 3672 2505 3723 ad
2543 3673 2710 3723 verba

210 3756 319 3821 „sk
356 3752 411 3808 τὸ
448 3757 801 3827 στηριχθῆναύό
839 3760 1037 3825 optime
1074 3759 1475 3809 animadvertit:
1516 3760 1680 3825 „quia
1702 3760 1904 3826 primus
1931 3762 2008 3809 eis
2031 3774 2258 3825 magnus
2283 3760 2474 3809 Petrus
2513 3759 2706 3809 doctri-

212 3862 341 3897 nam
379 3845 747 3911 evangelicam
781 3845 1055 3911 praebuit,
1104 3848 1407 3897 necessario
1453 3846 1635 3897 intulit
1671 3846 1741 3897 ad
1777 3845 2198 3897 confirmandum
2235 3862 2346 3897 vos.
2409 3847 2530 3897 Non
2568 3846 2707 3895 enim
2767 3894 2776 3903 ,

208 3933 393 3995 aliam,
430 3934 619 3997 inquit,
666 3932 963 3981 doctrinam
998 3932 1177 3983 verbis
1215 3932 1418 3994 afferre,
1470 3933 1567 3983 sed
1602 3948 1737 3995 eam,
1789 3946 1927 3998 quae
1965 3934 2069 3983 iam
2107 3933 2351 3997 plantata
2400 3938 2482 3983 est
2517 3930 2706 3982 confir-

210 4035 376 4081 mare,
416 4024 471 4069 et
504 4018 723 4069 arbores
760 4020 865 4069 iam
903 4019 1175 4084 plantatas
1212 4021 1435 4086 irrigare
1471 4020 1646 4071 volo.“
1697 4020 1796 4070 111.
1825 4034 1873 4081 a,
1903 4022 1983 4069 19.
2044 4019 2230 4069 Facile
2268 4018 2480 4084 quidem
2519 4018 2706 4069 damus

210 4114 323 4157 tum
360 4107 631 4157 Romanos
668 4105 793 4156 illos
830 4106 1093 4168 advenas,
1144 4112 1257 4158 tum
1292 4106 1655 4158 Andronicum
1693 4112 1746 4157 et
1781 4107 2024 4169 Juniam,
2075 4112 2186 4156 tum
2231 4107 2390 4155 etiam
2429 4105 2706 4155 Urbanum

208 4192 420 4259 aliquid
468 4192 534 4242 de
584 4192 829 4243 doctrina
875 4192 1011 4243 Jesu
1058 4192 1261 4243 Romae
1318 4196 1704 4255 annunciasse;
1759 4208 1942 4242 verum
1994 4194 2263 4241 enimvero
2312 4192 2414 4241 hoc
2461 4208 2570 4241 non
2626 4196 2708 4241 est

208 4280 515 4331 Ecclesiam
552 4280 795 4341 fundare,
832 4278 969 4329 illud
1004 4278 1147 4330 haud
1187 4280 1400 4346 quidem
1438 4296 1466 4329 e
1498 4282 1708 4331 levibus
1745 4279 2142 4345 opinationibus
2179 4280 2396 4344 assequi
2430 4278 2571 4338 licet,
2610 4278 2706 4328 sed

208 4369 280 4417 ab
337 4367 725 4432 antiquissimis
776 4367 927 4416 iuxta
980 4381 1045 4416 ac
1095 4367 1411 4417 doctissimis
1468 4366 1818 4433 scriptoribus
1874 4365 2150 4428 docemur,
2208 4366 2300 4431 qui
2347 4365 2402 4414 id
2452 4365 2500 4415 d.
2544 4365 2703 4417 Petro

208 4455 533 4505 unanimiter
557 4454 813 4503 tribuunt.
851 4453 1041 4519 Itaque
1066 4455 1111 4504 si
1137 4454 1204 4503 ad
1227 4454 1519 4504 Neroniani
1550 4454 1756 4519 imperii
1789 4454 2014 4519 primum
2043 4458 2286 4518 tempora
2313 4452 2456 4501 Petri
2481 4451 2706 4503 Romam

208 4543 499 4592 adventum
525 4540 847 4601 differamus,
874 4539 1155 4589 dicendum
1180 4542 1283 4591 erit
1303 4541 1578 4590 Romanae
1602 4540 1883 4591 Ecclesiae
1909 4544 2160 4590 statorem
2187 4540 2398 4589 minime
2425 4556 2466 4589 s.
2487 4538 2704 4588 Petrum

207 4630 396 4690 fuisse,
436 4626 577 4693 quod
616 4632 795 4675 tamen
832 4630 947 4675 tota
980 4632 1165 4675 narrat
1201 4627 1508 4691 antiquitas.
