3267 5259
1190 447 1349 489 saulus
1378 446 1453 498 qui
1479 448 1528 489 ot
1553 445 1731 489 Paulus.
2571 432 2696 497 331

208 628 505 687 Paulinae
534 626 1015 705 qualemcumque
1036 626 1402 703 splendorem
1428 627 1771 705 neutiquam
1794 625 2166 686 obnubilavit
2187 645 2298 697 ars,
2327 645 2508 704 quam
2529 646 2701 685 exer·

206 734 371 803 cuit,
422 732 763 791 mechanica
780 728 827 801 ¹3
873 750 991 809 qua
1033 731 1413 791 tabernacula
1446 752 1479 790 e
1522 730 1776 808 pellibus
1817 730 2068 789 confecit
2083 725 2128 788 ².
2187 730 2543 790 Huiusmodi
2573 736 2702 791 arte

208 836 537 894 ministerii
566 834 893 911 Apostolici
924 834 1225 895 laboribus
1254 836 1619 913 interposita,
1671 834 1864 893 effecit
1893 834 2140 906 Paulus,
2186 838 2256 893 ut
2284 835 2553 893 doctrina
2579 836 2702 910 ejus

206 940 383 1018 quasi
412 938 641 998 venalis
671 939 967 997 neminem
996 939 1318 997 offenderet
1342 936 1397 1010 ³3
1442 939 1569 1015 ipse
1596 938 1754 997 nulli
1781 940 1938 997 foret
1962 938 2126 997 oneri
2157 958 2276 997 non
2305 942 2558 1012 tantum,
2601 940 2701 998 sed

206 1049 271 1101 et
299 1042 449 1102 alios
476 1042 765 1101 itinerum
792 1042 973 1101 socios
1000 1044 1313 1103 adiuvaret
1322 1042 1368 1102 ⁴.
1412 1042 1583 1101 Unde
1610 1043 1792 1101 etiam
1823 1042 2152 1119 saepissime
2181 1043 2256 1101 ad
2284 1044 2390 1101 hos
2417 1062 2700 1102 manuum

206 1168 455 1207 suarum
498 1147 754 1219 labores,
802 1152 1085 1226 tanquam
1127 1148 1451 1207 laudabiles
1465 1193 1481 1220 ,
1536 1147 1652 1207 sibi
1695 1148 1818 1206 fere
1863 1147 2188 1223 singulares
2201 1192 2217 1219 ,
2275 1147 2598 1223 Evangelio
2643 1154 2702 1207 et

206 1252 506 1311 Ecclesiae
534 1252 710 1311 utiles
739 1253 1081 1329 provocavit
1094 1250 1137 1311 ⁵.
1188 1253 1265 1311 In
1293 1258 1572 1329 perpetuo
1602 1250 1892 1311 coelibatu
1921 1251 2200 1311 mansisse
2229 1256 2480 1311 testatur
2509 1252 2632 1328 ipse
2655 1250 2696 1325 ⁶,

208 1363 271 1414 et
300 1361 573 1415 constans
604 1360 765 1414 tenet
792 1356 1075 1415 Veterum
1116 1358 1409 1416 sententia
1422 1354 1465 1415 ⁷.

209 1668 503 1721 Christiani
553 1684 673 1721 eam
716 1685 915 1736 ponere
960 1674 1115 1735 turpe
1152 1670 1559 1731 arbitrarentur,
1606 1684 1658 1719 ν.
1701 1668 2043 1733 Tertulliani,
2091 1668 2158 1719 de
2195 1669 2342 1721 cultu
2387 1670 2702 1722 feminarum

207 1756 285 1817 11,
324 1756 376 1807 8.
421 1773 473 1821 p.
508 1758 593 1807 91.
641 1761 695 1808 et
744 1757 1030 1807 Clementis
1076 1755 1227 1807 Alex.
1262 1756 1559 1823 paedagog.
1596 1756 1711 1819 111,
1747 1758 1796 1807 3.
1832 1772 1884 1823 p.
1919 1758 2037 1807 261.
2071 1773 2113 1807 s.
2150 1774 2246 1819 ——3
2283 1758 2498 1809 sinistra
2541 1774 2702 1810 manu

206 1843 469 1894 volumen
512 1843 677 1895 habet
722 1840 971 1913 σύμβολον
1018 1843 1390 1909 epistolarum,
1428 1857 1563 1909 quas
1599 1843 1828 1909 posteris
1865 1842 2104 1908 reliquit,
2157 1843 2426 1895 dexteram
2462 1843 2702 1897 docentis

206 1935 373 1997 gestu
408 1936 603 1982 movet.
2529 1918 2534 1923 ⁸

430 2018 469 2083 ¹)
514 2017 821 2069 Communis
868 2019 1007 2069 enim
1051 2034 1165 2069 mos
1211 2017 1387 2067 fuerat
1434 2016 1830 2079 Hebraeorum,
1879 2020 1940 2067 ut
1983 2018 2142 2067 etiam
2189 2018 2382 2083 quibus
2429 2019 2704 2084 copiosum

211 2109 361 2155 esset
395 2106 786 2170 patrimonium,
824 2104 893 2155 ad
919 2106 1089 2156 omnis
1118 2104 1366 2155 fortunae
1402 2103 1716 2167 subsidium,
1753 2103 1974 2171 aliquod
2010 2104 2140 2155 utile
2177 2104 2517 2155 addiscerent
2552 2106 2699 2171 opifi-

209 2193 383 2256 cium,
420 2198 533 2243 tum
564 2196 625 2242 ut
644 2192 909 2243 industria
932 2206 1032 2242 sua
1054 2192 1149 2242 ubi
1174 2207 1309 2258 opus
1342 2192 1504 2241 fuerit
1534 2206 1592 2241 se
1629 2193 1774 2257 ipsos
1811 2196 2188 2255 sustentarent,
2227 2196 2336 2242 tum
2361 2197 2422 2242 ut
2446 2191 2699 2243 desidiosi

210 2280 312 2329 otii
348 2280 483 2329 vitia
516 2280 779 2345 fugerent.
852 2278 894 2345 ²)
932 2280 1121 2344 Neque
1158 2280 1299 2329 enim
1334 2279 1436 2329 fuit
1472 2280 1655 2341 restio,
1691 2294 1866 2344 neque
1905 2273 2200 2347 σκυτοτόμος
2237 2280 2510 2342 coriarius,
2557 2281 2634 2329 ita
2670 2295 2705 2331 a

208 2367 443 2431 paganis
468 2381 563 2431 per
589 2370 911 2416 contemtum
934 2364 1256 2431 adpellatus,
1292 2382 1343 2415 v.
1377 2363 1582 2415 Suiceri
1606 2365 1768 2415 Thes.
1792 2380 1833 2419 s.
1859 2364 1912 2416 h.
1935 2382 1986 2415 v.
2023 2366 2096 2428 11,
2122 2368 2268 2431 981.;
2305 2381 2482 2432 neque
2511 2368 2701 2417 instru-

208 2457 515 2502 mentorum
552 2451 957 2501 artificiosorum
990 2452 1169 2516 faber3
1208 2452 1302 2502 sed
1339 2446 1623 2516 σκηνοποιός
1661 2445 1784 2501 κατὰ
1816 2448 1904 2517 τὴν
1939 2450 2138 2521 τέχνην;
2175 2454 2211 2503 i.
2249 2469 2294 2503 e.
2347 2455 2439 2518 qui
2475 2455 2708 2505 tentoria

210 2537 447 2589 conficit.
510 2538 593 2589 De
633 2540 685 2588 vi
722 2552 787 2588 ac
829 2544 1095 2604 potestate
1131 2538 1289 2588 huius
1324 2539 1472 2589 vocis
1510 2538 1662 2589 vide:
1709 2538 2016 2605 origenem,
2065 2540 2204 2591 hom.
2241 2540 2414 2591 XVII.
2455 2541 2512 2590 in
2547 2541 2702 2591 Num.

206 2642 265 2676 n.
294 2629 347 2676 4.
374 2626 456 2677 ed.
482 2627 687 2676 Lomm.
718 2626 783 2676 X.
811 2628 930 2676 212.
982 2624 1036 2675 S.
1064 2624 1514 2691 Chrysostomum,
1551 2625 1622 2676 ad
1658 2626 1809 2676 Rom.
1835 2625 1974 2676 hom.
2008 2626 2081 2688 11,
2107 2629 2156 2678 ὅ.
2193 2627 2288 2689 ΙΧ,
2311 2629 2449 2691 443.,
2489 2631 2544 2678 et
2566 2642 2705 2694 quae

208 2716 543 2764 recentiores
580 2712 921 2779 disputarunt
956 2697 1001 2763 e.
1040 2729 1114 2763 c.:
1154 2712 1467 2775 Cotelerius,
1506 2712 1575 2763 ad
1613 2711 1838 2763 Constit.
1876 2717 2049 2778 apost.
2085 2713 2158 2775 11,
2184 2714 2266 2763 63.
2304 2729 2356 2779 p.
2383 2714 2501 2763 274.
2551 2712 2610 2763 C.
2649 2712 2705 2765 S.

212 2799 626 2862 Schurzsseisch,
665 2799 731 2850 de
767 2799 937 2851 Paulo
975 2801 1265 2869 σκηνσποιῷ.
1311 2800 1460 2849 Witt.
1490 2802 1644 2851 1699.
1681 2804 1736 2849 et
1768 2801 1824 2850 in
1861 2799 2033 2850 altera
2077 2799 2203 2851 diss.
2241 2814 2400 2865 quam
2435 2800 2707 2867 inscripsit

210 2886 609 2937 Animadversa
625 2886 697 2937 ad
712 2888 1029 2953 insigniores
1050 2886 1271 2937 Ciliciae
1294 2887 1642 2953 antiquitates
1659 2886 1732 2937 ib.
1750 2888 1925 2951 1696.;
1952 2885 2006 2937 J.
2023 2886 2076 2936 J.
2097 2884 2274 2951 Stark,
2299 2886 2500 2937 Paulus
2527 2903 2704 2951 σκηνο-

211 2968 357 3031 ποιός
381 2989 449 3023 ex
471 2973 586 3023 Act.
610 2974 691 3035 18,
712 2976 760 3023 3.
798 2974 945 3039 Lips.
968 2975 1120 3024 1699.
1140 2988 1181 3023 s.
1218 2972 1512 3034 Walchius,
1538 2972 1854 3038 Antiquitat.
1882 2972 2201 3023 Corinthiae.
2225 2972 2348 3023 Jen.
2372 2974 2523 3024 1761.
2547 2991 2600 3040 p.
2623 2976 2704 3024 12.

211 3061 367 3126 Hug,
392 3060 535 3111 Einl.
572 3060 643 3123 11,
670 3062 787 3111 328.
844 3059 1129 3126 opificium
1164 3060 1266 3111 hoc
1302 3075 1433 3111 sane
1471 3059 1571 3109 fuit
1605 3058 1888 3111 honestum
1925 3058 2070 3126 apud
2105 3058 2362 3123 Judaeos,
2402 3065 2518 3110 erat
2551 3075 2704 3127 prae—

212 3152 373 3196 terea
416 3146 751 3197 utilissimum
794 3147 1025 3197 tentoria
1069 3147 1361 3209 fabricare,
1409 3146 1603 3211 quibus
1653 3145 1840 3197 hiemis
1875 3146 2110 3213 solisque
2145 3148 2346 3212 rigores
2383 3152 2706 3197 arcerentur.

214 3232 259 3297 ³)
300 3231 359 3281 S.
383 3232 727 3298 Augustinus,
764 3233 822 3281 in
856 3231 1052 3283 Joann.
1079 3234 1163 3283 21.
1199 3237 1352 3283 tract.
1392 3234 1507 3295 122,
1534 3234 1581 3283 3.
1620 3250 1672 3299 p.
1699 3233 1818 3283 811.
1879 3233 1922 3299 ⁴)
1957 3233 2136 3300 Atque
2161 3233 2262 3283 hac
2301 3234 2508 3284 ratione
2545 3234 2704 3284 etiam

213 3318 387 3381 alios,
434 3319 739 3369 alimoniam
776 3320 1127 3385 accipientes,
1175 3334 1468 3385 praecones
1514 3319 1800 3385 Evangelii
1845 3320 2132 3385 superavit.
2207 3320 2249 3385 ⁵)
2286 3319 2602 3373 Affirmansz
2648 3336 2708 3372 se

212 3405 421 3455 nullius
446 3410 721 3470 argentum
746 3410 800 3455 et
822 3420 1009 3457 aurum
1036 3407 1321 3471 cupivisse,
1360 3404 1454 3457 sed
1478 3404 1576 3457 has
1600 3421 1728 3457 suas
1763 3422 1953 3457 manus
1989 3408 2317 3458 ministrasse
2355 3408 2466 3457 suis
2491 3408 2705 3460 ceteris-

214 3508 329 3557 que
367 3492 459 3557 qui
495 3506 676 3543 secum
712 3496 863 3541 erant
900 3490 1085 3543 usibus
1122 3492 1453 3556 necessaria,
1505 3508 1562 3543 se
1599 3494 1831 3558 gratuito
1873 3492 2227 3559 Evangelium
2263 3496 2618 3547 annunciasse
2655 3501 2709 3546 et

214 3579 431 3627 animas
456 3594 561 3628 non
585 3578 729 3628 bona
754 3578 1083 3643 quaesivisse
1108 3577 1367 3641 fidelium;
1394 3593 1453 3629 se
1477 3578 1710 3644 denique
1737 3584 1894 3630 nocte
1915 3584 1968 3630 et
1991 3580 2076 3629 die
2103 3580 2375 3645 operando
2399 3580 2534 3631 nulli
2559 3582 2707 3631 oneri

212 3665 407 3715 fuisse.
443 3663 560 3715 Act.
588 3666 669 3727 18,
696 3666 744 3713 3.
781 3663 825 3713 Ι.
853 3663 975 3715 Cor.
1000 3666 1049 3726 4,
1080 3666 1160 3714 12.
1196 3664 1241 3713 Ι.
1265 3663 1451 3716 Thess.
1478 3667 1527 3727 2,
1554 3667 1603 3715 9.
1641 3665 1714 3715 11.
1739 3668 1789 3729 3,
1815 3667 1863 3717 8.
1919 3665 1962 3731 ὅ)
1987 3666 2030 3717 Ι.
2059 3664 2179 3717 Cor.
2210 3667 2256 3729 7,
2286 3668 2333 3716 7.
2359 3668 2407 3717 8.
2445 3667 2569 3718 coll.
2588 3670 2638 3730 9,
2657 3669 2708 3719 δ.

216 3752 263 3817 7)
300 3750 578 3812 Erasmus,
610 3750 745 3801 Nov.
769 3751 915 3801 Test.
942 3766 1063 3801 cum
1086 3765 1221 3801 vers.
1249 3750 1331 3800 ed.
1357 3751 1531 3817 Lugd.
1558 3752 1650 3815 VI,
1678 3753 1795 3802 687.
1833 3768 1992 3818 quem
2020 3754 2194 3803 uxorii
2218 3751 2443 3803 Sectarii
2479 3770 2708 3819 sequun-

212 3843 325 3899 tur,
364 3839 582 3903 exponit
617 3837 659 3888 1.
687 3837 807 3889 Cor.
831 3839 878 3900 7,
907 3839 954 3888 7.
991 3834 1159 3901 ,,οέλω
1182 3830 1277 3905 γὰρ
1312 3834 1491 3896 πάντας
1528 3833 1810 3906 ἀνθρώπους
1847 3830 1968 3889 εἶναι
1996 3836 2065 3897 ὡς
2091 3837 2172 3889 καὶ
2206 3834 2478 3907 incurrite&
2513 3840 2708 3891 vellem

216 3938 407 3973 omnes
454 3925 544 3989 qui
588 3922 789 3974 habent
823 3940 1043 3987 uxores,
1088 3925 1145 3973 in
1181 3928 1349 3975 totum
1394 3924 1662 3975 abstinere
1699 3926 1768 3975 ab
1805 3925 1939 3988 illis,
1987 3927 2127 3975 sicut
2171 3941 2287 3991 ego.
2349 3926 2484 3976 Cum
2528 3931 2708 3977 tamen

218 4026 351 4060 mox
388 4010 605 4074 Paulus,
642 4012 714 4060 ib.
739 4028 789 4061 v.
815 4012 865 4061 8.
902 4026 961 4061 se
988 4011 1105 4061 sine
1130 4027 1297 4061 uxore
1333 4012 1499 4061 fuisse
1522 4009 1800 4077 significet.
1849 4010 2026 4061 Vellet
2049 4016 2102 4061 et
2125 4016 2276 4079 optat
2299 4013 2460 4061 etiam
2493 4012 2709 4079 nuptias

214 4110 511 4161 numquam
536 4102 799 4162 expertos,
825 4101 935 4147 tam
957 4098 1101 4147 viros
1126 4112 1287 4163 quam
1310 4097 1559 4149 mulieres
1584 4099 1934 4149 continentes.
1971 4098 2092 4147 Non
2117 4098 2414 4149 audiendos
2439 4112 2558 4152 esse
2583 4100 2708 4164 „qui

217 4198 345 4232 eum
369 4198 585 4232 uxorem
612 4182 863 4233 habuisse
888 4182 1247 4249 confingunt“,
1270 4185 1377 4235 iam
1397 4184 1522 4234 olim
1545 4185 1761 4251 scripsit
1785 4184 1838 4235 S.
1859 4184 2234 4250 Hieronymus,
2261 4184 2330 4234 ad
2349 4184 2602 4235 Eustoch.
2625 4200 2708 4251 ep.

218 4268 396 4330 xlm,
423 4270 506 4319 20.
545 4284 597 4334 p.
624 4270 739 4319 103.
786 4270 1104 4335 virginitate
1141 4270 1400 4321 illustrem
1438 4269 1754 4321 laudarunt:
1793 4270 1845 4322 S.
1870 4271 2225 4337 Epiphanius,
2262 4270 2407 4322 haer.
2432 4271 2628 4333 LVIII,
2659 4275 2707 4323 4.

216 4373 270 4421 p.
292 4356 415 4405 492.
454 4352 507 4405 S.
529 4352 951 4420 chrysostomus,
979 4356 1044 4407 de
1068 4357 1373 4421 virginitate
1400 4372 1447 4407 c.
1466 4358 1549 4407 82.
1576 4356 1619 4419 Ι,
1641 4360 1760 4409 333.
1785 4357 1923 4407 hom.
1946 4357 2094 4407 xm.
2119 4358 2175 4407 in
2204 4358 2358 4425 epist.
2383 4356 2454 4407 ad
2477 4356 2708 4426 Philipp.

218 4459 272 4492 n.
300 4443 350 4492 3.
377 4442 473 4504 xl,
500 4444 619 4491 301.
664 4442 716 4491 S.
742 4442 1089 4508 Augustinus,
1127 4441 1193 4492 de
1231 4458 1393 4509 opere
1428 4459 1571 4493 mon.
1605 4460 1652 4493 c.
1687 4446 1736 4493 4.
1771 4444 1862 4507 VI,
1897 4445 2016 4494 478.
2064 4443 2451 4507 Theodoretus,
2489 4445 2708 4511 interpr.

218 4546 306 4595 ep.
346 4529 419 4579 ad
452 4527 685 4595 Philipp.
720 4544 765 4579 c.
800 4532 851 4591 4,
888 4531 935 4579 1.
984 4528 1082 4579 111.
1118 4544 1168 4593 a,
1204 4531 1321 4580 466.
1373 4528 1455 4580 Cf.
1492 4531 1648 4579 etiam
1687 4530 1939 4594 Fabricii,
1979 4528 2160 4581 Codex
2197 4545 2377 4597 apocr.
2414 4530 2478 4581 N.
2513 4533 2575 4582 T.
2609 4532 2710 4595 111,

218 4618 341 4667 631.
367 4632 411 4667 s.
449 4615 547 4666 ubi
584 4616 871 4681 scriptores
908 4614 977 4666 de
1009 4617 1123 4667 vita
1156 4622 1211 4667 et
1246 4617 1407 4668 rebus
1441 4617 1686 4682 Apostoli
1721 4617 1878 4668 Pauli
1913 4622 2172 4669 recenset.
