3267 5259
555 394 641 457 24
1318 402 1433 444 nist.
1465 414 1556 444 rev.
1586 402 1677 443 div.
1710 402 1877 443 Period.
1908 403 1942 443 1.
1962 413 2057 453 cap.
2084 402 2284 453 prinu.

558 582 810 647 baptismi
847 581 1114 645 negotium
1152 580 1222 629 ad
1258 580 1626 641 subiectivum,
1664 582 1725 629 ut
1758 579 2063 643 loquantur,
2102 593 2407 643 processum
2446 579 2747 629 reflexionis
2780 580 2843 628 in
2884 579 3054 628 animo

557 668 833 733 Baptistae
859 672 1129 716 revocant.
1186 666 1464 715 Sententia
1487 665 1620 715 haee
1647 680 1864 730 prorsus
1890 664 2141 714 abhorret
2165 679 2199 713 a
2223 666 2529 715 narratione
2564 666 3055 731 Evangelistarum,

557 770 666 803 rem
703 754 984 819 permiram
1021 752 1092 802 ad
1127 738 1424 803 naturalem
1461 752 1653 816 redigit
1690 756 1953 813 eventum,
1993 750 2310 800 contradicit
2344 750 2479 800 Luc.
2517 754 2566 812 3,
2600 753 2685 801 21.
2723 754 2807 801 ⁶22.
2859 752 3057 801 Joann.

559 843 618 901 1,
655 842 738 889 31.
777 856 819 890 s.
859 838 908 888 d.
948 855 997 903 q.
1035 840 1071 888 i.
1131 840 1396 900 Quarto,
1447 854 1512 887 ex
1550 842 1736 903 aperto
1774 836 1925 887 coelo
1964 836 2213 887 columba
2256 838 2527 905 σωματικῷ
2572 833 2685 887 ἔιδει
2728 838 2825 888 illa
2872 838 3057 887 vertici

560 926 755 976 Christi
791 925 1045 986 insidens,
1081 926 1350 987 Messiam,
1385 925 1421 973 i.
1449 940 1494 974 e.
1533 924 1819 987 Christum,
1858 922 2061 989 Spiritu
2098 940 2139 974 s.
2165 929 2385 973 unctum
2420 938 2541 975 esse
2578 925 2925 975 ostendebat.
2982 924 3059 973 Cf.

557 1013 619 1063 A.
669 1014 902 1075 Varenii,
953 1012 1079 1061 diss.
1129 1012 1196 1061 de
1245 1011 1494 1061 columba
1529 1027 1691 1076 super
1728 1011 1903 1075 capite
1942 1008 2139 1061 Christi
2172 1011 2307 1073 visa,
2356 1012 2415 1060 in
2448 1010 2609 1062 Thes.
2656 1011 2731 1061 th.
2780 1028 2833 1077 p.
2884 1012 2973 1061 81.
3020 1028 3059 1061 s.

559 1101 798 1165 ‚,Neque,
835 1105 894 1148 ut
916 1099 1191 1164 praeclare
1216 1098 1353 1148 hanc
1378 1100 1434 1147 in
1469 1114 1580 1148 rem
1605 1097 1789 1148 scribit
1824 1096 1877 1146 S.
1905 1095 2139 1163 Cyrillus
2173 1096 2256 1146 Al.
2292 1098 2349 1147 in
2383 1098 2579 1148 Joann.
2618 1098 2653 1147 l.
2680 1098 2775 1147 XL
2804 1116 2852 1148 c.
2884 1101 2969 1147 10.
2994 1098 3061 1147 ad

563 1188 642 1248 17,
683 1188 764 1235 17.
799 1202 850 1251 p.
885 1188 1030 1248 993„
1066 1201 1191 1234 vero
1238 1184 1461 1235 dicimus
1503 1190 1632 1233 tunc
1675 1183 2066 1235 sanctificatum
2102 1184 2269 1233 fuisse
2304 1182 2599 1246 Christum,
2638 1200 2761 1233 cum
2804 1184 3057 1250 Spiritum

558 1274 693 1323 vidit
724 1273 971 1338 Baptista
995 1270 1430 1333 descendentem,
1457 1276 1675 1321 sanctus
1703 1270 1842 1320 enim
1876 1274 1993 1320 erat
2017 1285 2081 1320 ex
2104 1274 2283 1332 utere,
2311 1272 2512 1336 quippe
2536 1270 2607 1320 ad
2641 1272 2859 1321 beatam
2884 1272 3057 1335 Virgi-

559 1377 680 1411 nem
714 1360 912 1410 dictum
949 1363 1056 1409 est:
1091 1358 1318 1423 Spiritus
1352 1364 1568 1409 sanctus
1603 1360 1947 1425 superveniet
1978 1358 2035 1407 in
2066 1362 2120 1407 te
2154 1362 2209 1407 et
2232 1357 2399 1408 virtus
2433 1357 2677 1409 altissimi
2710 1358 3055 1409 obumbrabit

561 1449 658 1497 tibi
691 1448 823 1496 Luc.
864 1450 909 1509 1,
945 1448 1057 1510 35.;
1093 1446 1190 1495 sed
1223 1446 1430 1511 signum
1469 1446 1651 1495 datum
1687 1451 1769 1495 est
1800 1445 2068 1511 baptistae
2101 1444 2203 1494 hoc
2240 1445 2625 1510 spectaculum.
2672 1432 3060 1495 Existimamns

559 1540 738 1583 tamen
762 1534 977 1583 Domini
1003 1548 1215 1582 carnem
1240 1532 1624 1583 sanctificatam
1650 1532 1815 1582 fuisse
1840 1548 1935 1597 per
1960 1533 2217 1597 spiritum,
2238 1532 2416 1581 Verbo
2440 1532 2545 1581 Dei
2570 1532 2718 1598 quod
2742 1540 2941 1582 natura
2966 1548 3061 1581 sua

561 1626 804 1672 sanctum
829 1626 926 1682 est,
951 1619 1206 1685 templum
1239 1635 1394 1669 suum
1419 1618 1488 1669 ad
1513 1619 1913 1670 similitudinem
1950 1617 2168 1669 alterius
2202 1623 2477 1668 creaturae
2502 1619 2557 1667 in
2584 1634 2649 1668 eo
2674 1624 3059 1684 pemngente.‘

563 1706 697 1757 Coll.
737 1708 824 1757 Ps.
851 1709 934 1767 44,
962 1709 1010 1757 8.
1035 1706 1314 1771 Alioquin,
1339 1708 1514 1772 inquit
1547 1706 1923 1755 celeberrimus
1952 1706 2016 1755 A.
2040 1705 2309 1771 Agellius,
2334 1706 2533 1755 Comm.
2566 1706 2625 1755 in
2656 1706 2857 1755 Psalm.
2888 1708 2981 1769 44,
3014 1708 3060 1755 8.

564 1794 767 1843 Romae
783 1796 930 1845 1606.
951 1810 1002 1859 p.
1025 1795 1143 1843 206.
1167 1792 1254 1843 ch
1269 1794 1320 1842 ri
1335 1797 1498 1843 stum
1523 1793 1863 1842 Dominum
1883 1792 1952 1841 ab
1980 1797 2126 1842 ortus
2145 1792 2296 1841 initio
2317 1792 2610 1857 appellavit
2634 1808 2757 1841 eum
2780 1794 3063 1842 Dominus.

563 1881 708 1946 Ergo
747 1879 890 1947 quod
933 1884 1056 1945 post
1095 1879 1418 1945 baptismum
1458 1879 1687 1929 Joannis
1729 1884 1921 1929 unctus
1965 1884 2072 1941 est,
2108 1880 2187 1929 sic
2220 1895 2439 1929 necesse
2475 1884 2555 1929 est
2588 1884 2648 1928 ut
2680 1879 3063 1945 intelligamus,

563 1966 709 2033 quod
733 1970 926 2017 unctus
971 1971 1135 2028 esset,
1164 1966 1491 2016 declaratum
1516 1971 1613 2016 est.
1646 1952 1927 2027 Quinto,
1970 1964 2104 2014 illud
2146 1966 2307 2015 etiam
2348 1966 2743 2017 observandum
2786 1966 2989 2031 ambigi
3030 1982 3061 2015 a

563 2054 899 2120 quibusdam,
936 2070 1060 2103 num
1086 2053 1325 2105 Joannes
1351 2054 1620 2103 Christum
1652 2059 1781 2103 tunc
1814 2054 2109 2119 agnoverit,
2146 2068 2267 2103 cum
2300 2053 2369 2103 ad
2408 2054 2729 2119 baptismum
2766 2056 3059 2119 suscipien-

564 2142 690 2191 dum
725 2142 905 2191 venit?
951 2140 1072 2191 Non
1107 2142 1390 2206 agnovisse
1415 2156 1536 2190 eum
1571 2142 1857 2207 probatum
1898 2144 2027 2189 eunt
2060 2156 2090 2190 e
2126 2140 2304 2191 verbis
2338 2140 2644 2205 Baptistae:
2692 2140 2855 2192 Joan.
2895 2146 2943 2202 1,
2978 2142 3058 2191 30.

562 2232 652 2291 ,,01’.
687 2243 784 2293 ego
816 2228 1120 2278 nesciebam
1156 2230 1340 2291 eum“;
1369 2242 1509 2294 quae
1541 2227 1843 2278 indicarent
1865 2244 1975 2278 non
1998 2228 2165 2279 fuisse
2190 2234 2373 2277 notum
2408 2227 2675 2278 Christum
2708 2228 2911 2277 Joanni
2938 2234 3058 2277 ante

563 2314 746 2364 datum
796 2316 1004 2380 signum
1053 2314 1349 2364 columbae.
1420 2314 1555 2364 Coll.
1605 2331 1654 2363 v.
1698 2316 1782 2376 32,
1826 2316 1911 2365 32.
1978 2314 2241 2364 Columba
2286 2330 2412 2364 vero
2460 2319 2583 2381 post
2631 2314 2960 2380 baptismum
3006 2315 3059 2363 in

565 2400 833 2453 Christum
875 2401 1176 2463 descendit,
1213 2400 1377 2466 igitur
1411 2406 1536 2451 ante
1572 2402 1894 2467 baptismum
1934 2402 2121 2453 Jesum
2162 2418 2271 2451 non
2314 2402 2548 2467 agnovit.
2606 2401 2811 2451 Contra
2846 2403 3057 2451 nov-isse

562 2489 797 2553 probant
821 2487 919 2538 illa
944 2488 1180 2539 eiusdem
1205 2488 1482 2553 Baptistae
1507 2488 1689 2551 verba,
1717 2489 1913 2554 quibus
1944 2489 2132 2539 Jesum
2157 2494 2279 2539 ante
2304 2490 2625 2553 baptismum
2652 2488 2847 2537 affatur
2868 2488 3053 2538 Matth.

564 2578 612 2638 3,
653 2578 760 2626 14.:
797 2590 932 2641 „ego
960 2591 994 2626 a
1017 2582 1070 2625 te
1106 2576 1274 2626 debeo
1301 2576 1564 2641 baptizari
1591 2581 1646 2625 et
1677 2580 1736 2625 tu
1761 2577 1911 2625 venis
1946 2576 2016 2625 ad
2047 2578 2203 2625 mem?
2239 2575 2505 2625 Christum
2540 2576 2681 2625 enim
2714 2575 3057 2641 agnoscentis

563 2663 730 2712 verba
771 2668 898 2713 sunt
937 2662 1087 2712 haec.
1145 2664 1341 2713 Variae
1383 2667 1508 2713 sunt
1548 2663 1707 2713 huius
1750 2663 1877 2713 nodi
1910 2663 2229 2724 solutiones,
2264 2662 2359 2713 sed
2392 2678 2499 2711 non
2534 2678 2673 2727 opus
2708 2668 2793 2713 est
2832 2662 3057 2711 aliorum

564 2750 814 2815 persequi
849 2750 1018 2808 dicta,
1052 2750 1240 2815 paucis
1273 2750 1352 2799 sic
1386 2751 1787 2815 respondemus.
1834 2749 2075 2799 Joannes
2110 2755 2234 2799 ante
2267 2750 2587 2814 baptismum
2625 2764 2733 2798 non
2766 2755 3059 2815 agnoverat

565 2834 832 2885 Christum
867 2852 942 2885 ex
974 2835 1174 2896 facie,
1212 2837 1464 2900 quoniam
1487 2852 1763 2902 nunquam
1796 2836 1949 2886 illum
1973 2836 2196 2886 viderat.
2246 2835 2803 2901 Intelligibiliter
2838 2840 3061 2886 noverat

567 2920 851 2984 Christum,
900 2924 1048 2972 venit
1089 2924 1230 2971 enim
1255 2922 1326 2972 ad
1351 2924 1733 2988 baptizandum
1788 2928 1841 2973 et
1876 2923 2177 2975 testandum
2226 2923 2295 2973 de
2356 2923 2491 2973 Jesu
2538 2928 2781 2973 venturo.
2820 2922 3056 2981 Sciebat,

565 3008 710 3075 quod
753 3007 995 3059 Christus
1037 3009 1176 3059 foret
1215 3009 1536 3074 Unigenitus
1571 3010 1677 3059 Dei
1712 3010 1884 3061 Filius
1927 3015 1980 3059 et
2020 3010 2247 3061 Messias
2282 3010 2339 3059 in
2376 3009 2551 3059 medio
2588 3010 2776 3075 populi
2812 3011 2925 3073 sui3
2968 3009 3061 3059 sed

563 3096 842 3146 nesciebat
865 3095 934 3145 ad
959 3110 1174 3146 sensum
1198 3096 1484 3157 hominum,
1513 3098 1606 3162 qui
1634 3100 1860 3147 vocatur
1882 3097 2043 3147 Jesus
2069 3112 2103 3146 a
2124 3096 2392 3147 Nazareth
2419 3112 2537 3147 esse
2568 3096 2837 3147 Messiam.
2884 3098 3063 3162 Atque

566 3183 669 3232 hoc
713 3183 966 3248 cognovit
1005 3198 1100 3247 per
1143 3182 1352 3248 signum
1379 3210 1443 3219 —
1471 3178 1729 3245 δεικτικόν,
1766 3198 1873 3233 non
1914 3188 2091 3233 autem
2131 3178 2363 3233 πειθανόν.
2425 3182 2559 3233 Coll.
2594 3184 2635 3232 Ι.
2676 3182 2799 3233 Cor.
2834 3186 2884 3239 2.
2918 3187 2970 3233 4.
2996 3210 3061 3221 --

567 3270 846 3319 columbae
870 3269 1202 3335 praedictum
1227 3269 1296 3319 ad
1320 3269 1422 3319 hoe
1447 3270 1552 3321 sibi
1576 3286 1610 3320 a
1633 3272 1773 3333 Dee,
1800 3286 1905 3336 quo
1940 3276 2161 3336 accepto
2186 3286 2309 3320 mox
2332 3270 2370 3320 J
2372 3285 2519 3321 esum
2552 3272 2827 3335 praesenti
2858 3271 3062 3336 populo

567 3356 886 3407 ostenderet.
923 3356 1043 3406 Hoc
1067 3356 1301 3407 ostendit
1323 3357 1502 3425 verbis
1525 3352 1614 3405 οὐκ
1635 3352 1785 3423 ᾔδειν,
1802 3373 1911 3407 ιιοιι
1936 3357 2186 3407 videram.
2212 3356 2485 3407 Particula
2508 3354 2605 3417 καὶ,
2626 3362 2695 3419 et,
2714 3356 2773 3407 in
2796 3353 2933 3425 κάγὼ
2958 3358 2995 3407 1.
3016 3376 3062 3407 c.

565 3459 674 3493 non
697 3444 864 3493 habet
885 3458 1100 3493 sensum
1126 3442 1522 3493 adversativum
1545 3460 1790 3507 verum,
1824 3444 1921 3494 sed
1944 3444 2083 3493 idem
2108 3444 2254 3494 valet
2285 3444 2429 3510 quod
2455 3446 2695 3506 „vero“.
2718 3444 2971 3494 Refertur
2994 3445 3065 3493 ad

565 3531 858 3593 inscitiam,
903 3545 1024 3580 cum
1056 3530 1114 3579 in
1148 3531 1359 3581 deserto
1402 3530 1615 3581 abditus
1658 3532 1823 3580 vitam
1864 3530 2116 3595 agebam,
2154 3532 2245 3593 ait,
2290 3546 2399 3580 non
2424 3530 2815 3595 cognoscebam
2856 3530 3061 3591 Jesum‚

568 3616 807 3667 sensibili
842 3618 1162 3682 cognitione,
1191 3622 1426 3667 attamen
1450 3608 1966 3668 ut‘manifestaretur
1999 3616 2187 3667 Israeli
2214 3616 2286 3667 ad
2318 3617 2421 3667 hoe
2454 3618 2683 3667 assumsi
2712 3619 3061 3669 ministerium

567 3704 833 3769 baptismi.
873 3704 995 3754 Hoc
1019 3704 1122 3753 fuit
1144 3704 1371 3755 Joannis
1396 3704 1458 3754 B.
1483 3720 1678 3755 munus
1704 3704 1973 3755 Christum
1994 3704 2354 3755 manifestare.
2397 3704 2551 3754 Adde
2575 3704 2679 3754 boe
2702 3706 3061 3755 testimonium

567 3790 891 3855 Baptistam,
930 3806 998 3841 ea
1037 3791 1106 3841 de
1147 3806 1315 3842 causa
1357 3791 1587 3842 edidisse
1631 3792 1761 3857 quia
1804 3786 1849 3861 α)
1885 3791 2057 3841 voluit
2098 3796 2159 3840 ut
2196 3791 2556 3857 intelligerent
2596 3791 2870 3841 auditores
2912 3791 3059 3841 nullo

569 3876 781 3938 affectu,
807 3877 958 3927 nulla
982 3879 1405 3939 conversatione,
1433 3882 1528 3928 aut
1549 3878 1785 3927 humana
1818 3878 2009 3944 quavis
2044 3878 2234 3927 notitia
2264 3878 2441 3943 ipsum
2470 3876 2741 3927 Joannem
2765 3882 2964 3928 motum
2990 3878 3061 3927 ad

569 3964 852 4015 dicendum
875 3965 1104 4029 primum
1129 3966 1488 4015 testimonium
1512 3964 1711 4015 Joann.
1739 3967 1785 4027 1,
1812 3981 1863 4014 v.
1888 3966 1972 4015 30.
2008 3964 2131 4027 „hic
2156 3970 2251 4027 est,
2278 3964 2345 4015 de
2370 3980 2477 4030 quo
2504 3964 2630 4027 dixi,
2655 3970 2781 4030 post
2808 3980 2893 4014 me
2916 3966 3063 4015 venit

565 4053 664 4113 vir,
691 4052 784 4118 qui
808 4056 932 4101 ante
955 4065 1040 4101 me
1065 4051 1240 4101 factus
1265 4055 1362 4113 est,
1391 4052 1520 4117 quia
1543 4052 1690 4116 prior
1713 4068 1797 4101 me
1824 4055 1989 4114 erat,“
2017 4068 2135 4101 cum
2170 4052 2407 4102 nondum
2440 4052 2627 4103 Jesum
2658 4052 2865 4103 viderit.
2916 4047 2961 4120 β)
2988 4052 3057 4103 Ut

568 4155 676 4189 non
699 4139 1034 4199 mirarentur,
1062 4153 1227 4204 quare
1263 4142 1340 4187 tot
1364 4139 1520 4188 annis
1552 4138 1716 4187 Jesus
1748 4140 2051 4204 incognitus
2086 4138 2261 4200 fuerit,
2288 4143 2342 4188 et
2366 4152 2400 4187 a
2423 4139 2669 4203 Baptista
2700 4154 2809 4189 non
2843 4138 3053 4189 demon-

567 4230 782 4276 stratus.
827 4224 937 4275 Cur
959 4230 1138 4276 autem
1161 4227 1218 4275 in
1244 4225 1524 4276 columbae
1549 4227 1731 4291 specie
1755 4226 1933 4291 potius
1959 4240 2119 4291 quam
2143 4218 2283 4290 ignis
2308 4227 2488 4291 specie
2514 4224 2743 4291 Spiritus
2772 4242 2813 4277 s.
2839 4225 3053 4275 descen—

570 4311 707 4362 derit
728 4314 785 4361 in
811 4310 1076 4363 Christum
1100 4313 1238 4363 bene
1265 4312 1500 4362 elucidat
1520 4311 1881 4374 Maldonatus,
1907 4312 1964 4361 in
1988 4312 2173 4362 Matth.
2201 4315 2249 4374 3,
2279 4314 2359 4362 16.
2385 4330 2437 4378 p.
2464 4314 2546 4362 83.
2572 4312 2657 4363 De
2682 4312 3053 4362 Bethabara

568 4398 689 4449 loco
715 4399 964 4465 baptismi
990 4399 1237 4462 Joannei,
1263 4400 1358 4449 ubi
1383 4400 1486 4449 sita
1510 4398 1628 4463 lege
1656 4399 1777 4448 Not.
1804 4404 1992 4449 terrae.
2019 4415 2061 4449 s.
2087 4398 2373 4465 geograph.
2400 4416 2452 4465 p.
2478 4396 2673 4449 XCIII.
2701 4416 2753 4448 n.
2780 4400 2827 4449 2.
