3267 5259
1190 381 1364 423 mum
1392 383 1569 425 ultimae
1598 386 1643 424 a.
1665 382 1803 423 Pauli.
2603 368 2733 433 479

262 556 463 623 debet
505 558 571 620 in
620 554 931 621 certando
978 566 1051 621 ut
1091 558 1347 638 vincat3
1392 558 1716 643 posterior
1759 556 2070 621 sollicitus
2115 558 2182 621 in
2227 555 2616 639 laborandO,
2663 565 2737 619 ut

260 670 545 734 fructum
605 670 945 756 percipere
994 679 1210 755 queat.
1276 670 1509 735 Certus
1566 671 1786 755 itaque
1833 671 1915 733 sit
1960 668 2040 734 de
2087 668 2307 733 futura
2361 668 2668 733 mercede
2695 672 2732 733 ¹.

257 782 591 868 Praecipit
635 781 999 865 Timotheo,
1063 806 1199 847 non
1254 782 1650 847 contendere
1696 782 1914 847 verbis
1960 805 2108 846 cum
2152 781 2551 871 vaniloquis;
2616 780 2732 845 sed

262 918 491 959 eorum
536 896 883 982 profanam
916 895 1451 961 consuetudinem
1485 895 1796 961 devitare.
1843 896 2167 960 Permittit
2195 896 2378 959 Deus
2408 896 2473 960 in
2504 893 2734 959 Eccle-

261 1010 359 1073 sia
402 1007 654 1094 aliquos
698 1008 1015 1095 implicari
1061 1007 1385 1073 erroribus
1405 1010 1447 1072 ².
1496 1008 1656 1075 Post
1697 1009 1864 1073 haec
1908 1018 2210 1073 recenset
2237 1010 2526 1091 virtutes,
2575 1030 2735 1094 quas

262 1144 577 1186 exercere
618 1120 859 1187 debeat
877 1125 919 1187 3.
978 1120 1123 1202 Quo
1157 1121 1299 1209 plus
1332 1121 1776 1187 sollicitudinis
1808 1120 2149 1187 Timotheo
2192 1123 2503 1207 iniungat,
2549 1144 2734 1207 prae·

262 1234 423 1299 dicit
476 1236 761 1322 pessima
812 1244 1111 1321 tempora
1168 1238 1505 1300 imminere
1524 1238 1569 1299 4.
1645 1234 1912 1300 Excitat
1973 1257 2120 1301 eum
2182 1234 2267 1299 ad
2326 1234 2608 1300 studium
2669 1232 2734 1297 S.

260 1348 650 1432 Literarum,
695 1348 871 1415 unde
916 1350 1193 1436 plurima
1240 1349 1583 1415 commoda
1627 1359 2056 1436 percepturus
2104 1350 2243 1431 erit,
2290 1358 2362 1413 ut
2401 1346 2732 1435 improbos

263 1464 591 1549 corripiat,
635 1460 846 1527 bonos
902 1462 1156 1528 erudiat
1173 1467 1215 1527 ⁵.
1285 1463 1492 1548 Urget
1553 1485 1816 1548 quoque
1877 1464 2050 1527 omni
2106 1462 2354 1527 meliori
2410 1461 2605 1527 modo
2652 1460 2736 1524 ad

259 1598 499 1641 munus
544 1578 837 1662 episcopi
880 1576 1136 1641 assidue
1182 1576 1583 1664 implendum
1608 1581 1650 1642 6.
1697 1577 1992 1641 Instante
2037 1577 2168 1640 iam
2219 1576 2526 1661 martyrio
2558 1574 2736 1660 Apo-

263 1689 465 1754 stolus
534 1690 818 1777 seipsum
878 1688 1279 1773 intuebatur,
1347 1689 1549 1755 veluti
1615 1691 1949 1755 victimam
2016 1687 2324 1754 libamine
2385 1687 2738 1775 perfusam,

262 1804 525 1890 iamque
570 1826 775 1891 prope
822 1802 1327 1887 absumendam3
1378 1803 1495 1868 sed
1539 1805 1629 1868 ita
1677 1802 1758 1868 de
1804 1811 2012 1868 morte
2060 1825 2178 1867 sua
2221 1801 2506 1888 loquitur
2552 1802 2738 1887 quasi

260 1918 472 1982 victor
532 1916 617 1979 ad
676 1916 1026 2001 gloriosum
1088 1940 1447 2004 properans
1505 1916 1903 2004 triumphum
1925 1918 1964 1981 ⁷.
2035 1914 2251 2001 Rogat
2303 1914 2736 1996 Timotheum,

262 2040 421 2095 tunc
466 2031 777 2116 temporis
821 2030 1067 2116 Ephesi
1114 2041 1437 2115 agentem,
1486 2030 1571 2095 ad
1617 2053 1688 2095 se
1737 2053 1932 2118 quam
1977 2032 2256 2116 primum
2302 2037 2536 2116 potest,
2587 2035 2739 2091 ante

262 2142 549 2208 hiemem
604 2145 887 2227 veniret3
953 2166 1029 2208 eo
1078 2143 1257 2229 quod
1300 2167 1343 2207 a
1384 2143 1601 2208 multis
1641 2142 1943 2209 ‘desertus
1989 2144 2070 2207 sit
2112 2141 2467 2229 Apostolus
2491 2144 2533 2206 S.
2592 2138 2737 2220 Quo

264 2266 484 2320 autem
551 2255 853 2322 libentius
920 2256 1044 2321 iter
1108 2255 1383 2322 Romam
1460 2256 1941 2343 ingrederetur3
2017 2255 2199 2321 addit
2265 2277 2334 2319 se
2403 2253 2740 2340 Ephesum

268 2370 521 2434 misisse
598 2368 997 2455 Tychicum,
1074 2380 1143 2434 ut
1216 2368 1503 2435 absentis
1588 2370 1810 2435 munia
1892 2368 2100 2434 obiret
2120 2372 2161 2434 ⁰.
2266 2365 2501 2432 Subdit
2575 2388 2740 2453 quae

265 2503 499 2567 passus
566 2482 793 2565 fuerit3
864 2491 928 2547 et
989 2482 1264 2568 qualiter
1322 2506 1407 2548 ex
1468 2506 1579 2547 ore
1626 2482 1832 2548 leonis
1858 2486 1938 2565 ¹⁰,
2006 2484 2044 2546 i.
2095 2506 2150 2547 e.
2215 2480 2739 2567 praesentissimo

480 2758 519 2821 ¹)
556 2759 605 2819 2,
632 2760 821 2807 8—13.
873 2756 913 2823 2)
952 2756 1100 2807 Sicut
1136 2762 1191 2807 et
1224 2760 1279 2807 in
1318 2758 1473 2808 domo
1508 2758 1750 2823 videmus
1781 2774 1888 2809 non
1924 2758 2094 2809 solum
2132 2774 2250 2809 esse
2285 2770 2418 2807 vasa
2449 2757 2504 2805 in
2540 2755 2742 2805 honore

265 2859 435 2895 aurea
496 2848 550 2895 et
608 2850 866 2911 argentea
918 2845 1014 2895 sed
1071 2850 1125 2895 et
1180 2844 1364 2895 fictilia
1417 2844 1486 2895 ad
1540 2846 1920 2911 turpitudinem
1979 2845 2353 2911 recipiendam.
2415 2846 2471 2906 2,
2525 2844 2742 2893 14—21.

266 2932 309 2996 ³)
348 2934 398 2995 2,
437 2933 659 2982 :zo—26.
722 2931 762 2998 ⁴)
800 2931 861 2981 In
900 2932 1087 2982 diebus
1125 2934 1449 2995 novissimis,
1489 2934 1704 2999 pessimi
1740 2933 1904 2982 futuri
1949 2939 2074 2983 sunt
2124 2932 2390 2991 homines,
2425 2931 2742 2996 turpissimis

262 3018 454 3069 irretiti
491 3019 814 3069 criminibus.
874 3019 1141 3072 Adversus
1178 3020 1275 3069 hos
1312 3020 1619 3071 seductores
1657 3020 1990 3071 Timotheum
2027 3021 2196 3070 munit
2231 3025 2438 3071 suomet
2483 3019 2740 3082 exemp10.

266 3104 307 3166 ⁸)
336 3107 385 3170 3,
415 3107 603 3157 1—17.
660 3106 702 3172 ⁶)
730 3107 777 3169 4,
806 3109 955 3157 1-5.
1012 3107 1053 3171 ⁷)
1080 3110 1129 3171 4,
1156 3110 1307 3157 6-8.
1364 3108 1405 3173 ⁸)
1440 3107 1698 3159 Comitem
1735 3108 1938 3159 itineris
1964 3106 2218 3157 adhibeat
2239 3108 2494 3169 Marcum,
2534 3112 2588 3155 et
2623 3120 2741 3155 eam

264 3197 467 3243 vestem
490 3193 775 3260 ‘librosque
813 3210 947 3260 quos
984 3195 1195 3245 Troade
1226 3197 1488 3246 transiens
1513 3195 1656 3261 apud
1683 3195 1914 3263 Carpum
1952 3196 2264 3260 reliquerat3
2301 3193 2527 3243 maxime
2566 3198 2742 3242 autem

263 3282 601 3333 membranas
638 3297 819 3333 secum
842 3282 1045 3332 afferat.
1092 3283 1153 3331 V.
1182 3298 1232 3349 p.
1258 3284 1376 3333 453.
1429 3276 1561 3343 „Tbv
1596 3278 1837 3349 φελόνην“
1863 3281 2096 3348 Vulgata
2123 3281 2436 3348 „penulam“
2463 3280 2533 3329 11.
2562 3281 2611 3343 4,
2643 3281 2740 3341 13„

264 3374 429 3418 vocat
450 3367 599 3418 illam
621 3374 841 3431 vestem,
880 3384 985 3435 qua
1008 3370 1228 3421 Veteres
1254 3384 1311 3419 se
1335 3371 1389 3419 in
1414 3370 1619 3432 itinere,
1645 3370 1733 3419 vel
1758 3370 1814 3419 in
1842 3370 1973 3419 urbe
2005 3370 2166 3419 etiam
2191 3384 2224 3418 a
2247 3368 2441 3434 pluviis
2465 3372 2519 3417 et
2547 3366 2742 3433 frigore

263 3455 633 3521 protegebant.
694 3456 843 3517 Quas
876 3458 933 3506 in
968 3458 1157 3508 itinere
1194 3456 1497 3507 habuerunt
1530 3456 1842 3522 plerumque
1881 3461 2182 3507 scorteae
2220 3459 2400 3518 erant3
2450 3468 2740 3521 earumque

264 3543 505 3593 meminit
563 3542 763 3594 Poeta:
828 3544 929 3606 „ad
988 3544 1192 3595 subitas
1253 3558 1523 3609 nunquam
1583 3549 1795 3594 scortea
1849 3543 1986 3593 desit
2039 3546 2256 3609 aquas.“
2341 3542 2380 3606 ⁹)
2435 3544 2494 3605 4,
2549 3543 2644 3591 9-
2658 3542 2738 3591 13.

270 3630 333 3694 ¹⁰)
369 3630 423 3680 J.
458 3629 521 3681 L.
554 3628 897 3693 Moshemius,
934 3630 1001 3681 de
1025 3630 1196 3681 Paulo
1234 3647 1300 3681 ex
1337 3647 1429 3681 ore
1464 3630 1636 3681 leonis
1674 3630 1898 3681 liberato
1938 3630 2006 3679 ad
2031 3631 2163 3680 Tim.
2197 3630 2268 3679 11.
2305 3631 2354 3691 4,
2393 3630 2472 3679 17.
2515 3627 2739 3679 Helmst.

266 3718 418 3767 1725.
458 3734 510 3782 p.
537 3719 583 3767 6.
611 3732 653 3767 s.
688 3718 767 3766 ita
801 3717 1037 3783 explicat
1066 3718 1389 3768 locutionem
1425 3714 1541 3777 „zai
1576 3712 1811 3785 ἐῤῥύσθην
1850 3714 1902 3766 ἐκ
1939 3711 2177 3783 στόματος
2211 3713 2465 3774 λέοντος“;
2507 3713 2638 3765 Cum
2676 3714 2742 3764 de

262 3806 535 3854 sententia
580 3802 746 3853 nollet
794 3803 1075 3867 decedere,
1126 3805 1219 3854 sed
1269 3819 1327 3854 se
1375 3804 1572 3853 Christi
1618 3808 1806 3869 sponte
1851 3804 2188 3869 profiteretur
2233 3802 2576 3869 discipulum,
2619 3801 2740 3851 ideo

265 3891 443 3941 statim
490 3906 525 3940 a
570 3891 745 3941 iudice
789 3892 929 3941 inter
973 3907 1065 3943 eos
1112 3892 1463 3953 referebatur,
1513 3893 1601 3958 qui
1650 3892 1888 3956 proximo
1935 3891 2077 3956 quod
2123 3890 2322 3955 populo
2370 3887 2740 3951 exhibendum,

264 3993 485 4028 munere
539 3978 724 4028 bestiis
778 3978 1064 4029 obiiciendi
1121 3986 1312 4030 essent.
1381 3984 1520 4031 Dum
1569 3984 1776 4045 tempus
1833 3982 2170 4043 exspectatur
2215 3976 2533 4043 spectaculi,
2583 3974 2740 4025 amici

266 4080 401 4131 quos
452 4066 506 4115 in
553 4064 681 4115 aula
726 4064 973 4115 Caesaris
1018 4072 1231 4117 constat
1273 4067 1523 4119 habuisse
1569 4065 1704 4117 Phil.
1749 4067 1798 4127 4,
1837 4068 1937 4127 22„
1995 4080 2212 4116 eausam
2248 4065 2362 4115 eius
2398 4067 2564 4130 agunt
2598 4060 2742 4128 apud

267 4168 543 4217 proceres,
590 4149 963 4219 hominemque
1008 4154 1195 4203 saltem
1240 4154 1441 4205 indicta
1493 4169 1660 4205 eausa
1708 4169 1813 4203 non
1860 4168 1978 4204 esse
2023 4151 2481 4203 condemnandum
2527 4152 2740 4217 saepius

264 4238 553 4289 inculcant.
626 4239 743 4289 Mos
790 4239 895 4289 illis
942 4256 1069 4306 ergo
1118 4242 1342 4306 geritur,
1398 4246 1450 4291 et
1493 4241 1654 4291 homo
1700 4241 2064 4291 sanctissimus
2109 4256 2204 4306 pro
2251 4254 2310 4290 se
2355 4238 2520 4289 verba
2566 4238 2742 4289 facere

262 4327 494 4377 iubetur.
557 4326 675 4388 Quo
712 4326 803 4403 ille
839 4328 1053 4394 negotio
1101 4328 1281 4379 divina
1326 4328 1541 4379 adiutus
1575 4328 1772 4377 virtute
1818 4332 1926 4377 tam
1973 4326 2112 4377 belle
2158 4326 2448 4393 dextreque
2490 4326 2742 4391 fungitur,

266 4418 323 4464 ut
370 4414 575 4465 indices
624 4414 757 4463 nihil
810 4430 931 4465 eum
980 4416 1303 4467 commisisse
1358 4422 1465 4467 tarn
1512 4416 1730 4465 immani
1785 4414 2046 4481 supplicio
2101 4414 2316 4480 dignum
2371 4414 2740 4480 pronuncient,

264 4516 491 4569 cumque
530 4502 608 4551 sic
634 4516 698 4550 ex
724 4500 893 4551 leonis
931 4517 1021 4553 ore
1058 4504 1302 4568 eripiant.
1351 4502 1415 4553 Id
1439 4503 1650 4568 quidem
1689 4502 1851 4552 dubio
1891 4506 2038 4552 caret
2069 4502 2394 4552 Christianos
2431 4501 2742 4567 saepissime

264 4604 475 4655 pugnae
516 4604 637 4638 cum
674 4588 859 4638 bestiis
895 4590 1203 4655 praesertim
1240 4590 1500 4653 leonibus,
1539 4591 1594 4639 in
1618 4590 1924 4639 muneribus
1957 4590 2183 4655 publicis
2223 4590 2514 4640 destinatos
2551 4590 2740 4655 fuiss&
