3267 5259
598 432 719 499 158
1248 445 1367 487 Hist.
1397 445 1502 487 Rev.
1533 444 1621 486 div.
1653 444 1708 487 Ν.
1729 444 1779 485 Τ.
1811 444 1976 487 Pei-lod.
2007 444 2040 485 1.
2069 456 2162 495 cap.
2187 444 2390 485 alterum.

592 648 861 732 insuper
907 644 1205 729 sigillum,
1257 668 1384 731 quo
1446 644 1828 730 obsignatus
1891 655 1990 708 est
2047 642 2213 729 lapis
2227 694 2243 725 ,
2314 646 2424 729 qui
2481 642 2714 707 ostium
2763 640 3058 728 sepulchri

594 758 959 823 claudebat.
1024 757 1213 839 Quae
1264 782 1489 823 omnes
1534 756 1904 822 molitiones
1952 780 2034 821 ex
2069 754 2336 821 consilio
2368 756 2496 819 Dei
2529 754 2636 818 Re
2657 779 2739 818 su
2756 776 2874 818 rre
2895 756 3058 817 ctio-

592 872 709 935 nis
754 870 1059 956 gloriae
1109 880 1187 936 et
1230 872 1557 936 veritati
1602 868 1974 935 subservire
2023 870 2392 936 debuerunt
2415 873 2452 932 ¹.

1206 1172 1264 1249 ξ.
1300 1172 1403 1235 35.
1465 1166 2026 1231 Resurrectio
2073 1165 2158 1229 D.
2191 1164 2270 1229 N.
2305 1165 2367 1229 J.
2403 1163 2476 1229 C.

803 1346 894 1403 Ne
954 1346 1187 1405 oculum
1244 1346 1458 1403 mentis
1518 1350 1752 1403 nostrae
1807 1344 1871 1402 in
1915 1344 2202 1403 moriente
2245 1342 2548 1401 salvatore
2593 1342 2768 1400 unice
2811 1339 3060 1414 defigere-

596 1470 751 1522 mus,
815 1452 913 1508 sed
956 1450 1129 1508 illum
1173 1450 1353 1508 etiam
1405 1448 1758 1524 Resurgenti
1825 1468 2252 1507 reservaremus
2265 1493 2278 1519 ‚
2343 1446 2678 1523 exemplum
2735 1464 2839 1503 nos
2889 1453 3064 1501 monet

595 1574 640 1612 e.
675 1554 1105 1631 Apostolorum,
1154 1554 1257 1633 qui
1304 1574 1605 1633 nunquam
1644 1555 1714 1611 de
1761 1552 2318 1624 ,Crucifixione‘
2363 1552 2676 1621 dixerunt,
2726 1550 2872 1627 quin
2921 1568 3062 1605 men-

595 1658 815 1717 tionem
885 1659 1389 1730 ,Roeurrectionis‘
1454 1658 1778 1717 adiicerent
1789 1654 1835 1716 ².
1905 1657 2066 1715 Hinc
2125 1652 2436 1728 ,ἀνάστασις
2484 1656 2714 1732 νεκρῶν*
2771 1656 2842 1711 ad
2896 1652 3066 1729 prima

596 1762 733 1820 fidei
780 1762 1134 1821 christianae
1180 1762 1465 1821 elementa
1509 1762 1766 1820 refertur
1785 1760 1827 1819 3.
1874 1762 1954 1819 Et
1998 1761 2227 1819 merito.
2276 1760 2560 1818 Redditus
2603 1759 2678 1817 D.
2713 1760 2792 1816 N.
2823 1758 2877 1815 J.
2909 1757 2968 1815 G.
3011 1756 3065 1811 in

596 1868 785 1927 vitam
816 1888 932 1925 non
963 1873 1197 1925 tantum
1226 1867 1527 1925 vaticiniis
1560 1868 1629 1925 V.
1663 1866 1730 1924 Τ.
1747 1865 1773 1904 ⁴
1825 1873 1885 1923 et
1935 1865 2094 1941 typis
2113 1863 2136 1901 ⁵
2177 1863 2594 1930 annuntiatus;
2643 1864 2743 1919 sed
2789 1867 2844 1919 et
2889 1859 3066 1917 verbis

598 1971 839 2030 Domini
885 1971 1089 2029 Nostri
1103 2016 1117 2042 ,
1180 1970 1299 2029 imo
1358 1970 1619 2046 ipsorum
1677 1969 1900 2029 Christi
1959 1969 2218 2027 hostium
2279 1972 2524 2026 testatus
2567 1973 2672 2025 est.
2735 1964 3066 2043 Mysis-rium

598 2074 1063 2133 Resurrectionis
1108 2079 1253 2132 teste
1305 2073 1583 2150 Apostolo
1600 2074 1650 2143 ⁶,
1709 2080 1778 2132 ut
1829 2074 2052 2131 Christi
2115 2073 2355 2131 Domini
2417 2072 2798 2130 veracitatem
2849 2071 3064 2127 demon-

598 2184 779 2249 strat3
805 2177 827 2216 ⁷
890 2179 977 2235 ita
1020 2182 1079 2235 et
1122 2177 1360 2235 futurae
1405 2184 1638 2235 nostrae
1683 2177 2152 2247 resurrectionis,
2213 2196 2282 2235 ac
2341 2176 2514 2252 proin
2558 2174 2696 2233 fidei
2741 2174 3067 2231 fundamen-

598 2288 729 2340 tum
773 2288 860 2339 est
902 2290 1076 2359 atque
1121 2281 1557 2341 firmamentum
1579 2280 1620 2339 ²3.
1695 2282 2016 2339 Enimvero
2075 2300 2208 2339 cum
2263 2280 2300 2337 J
2303 2300 2432 2337 esus
2479 2280 2649 2337 toties
2693 2298 2754 2336 se
2800 2294 3067 2335 resurrec-

812 2534 848 2596 ¹)
906 2532 1063 2583 Certe
1118 2547 1271 2581 secus
1328 2532 1605 2581 obscurior
1660 2531 1848 2580 fuisset
1904 2530 2099 2579 Christi
2153 2530 2519 2591 ResurrectiO,
2575 2528 2664 2577 vel
2727 2528 2912 2577 saltem
2970 2528 3070 2574 eius

604 2619 885 2683 negandae
922 2620 1093 2668 maior
1126 2618 1351 2667 Judaeis
1390 2618 1706 2667 accessisset
1741 2618 1974 2681 species,
2029 2615 2124 2666 sed
2161 2617 2264 2665 iam
2303 2615 2482 2665 nullus
2519 2629 2638 2664 eam
2681 2614 2770 2663 vel
2805 2611 3070 2663 mentiendi

602 2706 749 2755 color
786 2706 1129 2771 relinquitur,
1188 2720 1307 2753 cum
1360 2704 1555 2753 milites
1611 2703 1890 2768 depulsos,
1947 2702 2178 2767 lapidem
2233 2702 2546 2761 revolutum,
2585 2705 2640 2749 et
2689 2706 3066 2749 monumentum

598 2807 829 2841 vacuum
877 2796 1168 2841 cernerent.
1224 2790 1615 2839 Describuntur
1661 2789 1796 2839 haec
1842 2790 1896 2837 in
1945 2794 2175 2853 quatuor
2221 2787 2535 2853 Evangeliis
2585 2786 2774 2835 Matth.
2811 2788 2900 2843 27,
2927 2786 3004 2834 57.
3035 2798 3069 2831 s.

598 2878 763 2927 Marc.
794 2880 874 2939 15,
901 2880 986 2927 42.
1011 2893 1054 2926 s.
1090 2878 1225 2926 Luc.
1252 2879 1334 2937 23,
1362 2878 1445 2926 60.
1472 2894 1513 2926 s.
1551 2876 1748 2925 Joann.
1778 2878 1858 2936 19,
1887 2876 1971 2925 38.
1997 2890 2039 2924 s.
2094 2875 2206 2925 Nos
2243 2890 2370 2923 vero
2409 2875 2662 2923 mittimus
2699 2873 2948 2937 patientis
2983 2871 3070 2919 Dei

598 2964 823 3013 hominis
860 2964 1137 3027 historias3
1174 2963 1321 3029 quod
1358 2962 1426 3011 ad
1458 2964 1738 3012 veritatem
1761 2962 1948 3011 harum
1975 2963 2168 3011 attinet
2190 2961 2446 3011 lectorum
2473 2961 2740 3009 inviantes
2768 2958 2836 3008 ad
2859 2960 2920 3007 A.
2943 2957 2998 3007 C.
3014 2956 3069 3005 Ε.

600 3050 665 3100 de
700 3051 905 3117 Jongh,
962 3051 1087 3101 diss.
1134 3050 1199 3100 de
1242 3051 1376 3101 Jcsu
1420 3050 1631 3099 Christo
1679 3050 1918 3115 patiente
1965 3064 2030 3098 ex
2083 3064 2210 3098 vero
2259 3048 2327 3097 ab
2376 3046 2741 3112 Evangelistis
2789 3046 3069 3095 informato.

598 3138 833 3186 Traiecti
868 3137 937 3186 ad
962 3137 1221 3187 Rhenum.
1252 3138 1401 3187 1827.
1464 3136 1505 3201 ²)
1547 3136 1627 3185 Cf.
1656 3136 1771 3185 Act.
1802 3139 1848 3197 1,
1875 3138 1959 3185 22.
1997 3137 2045 3196 2,
2074 3136 2156 3183 24.
2195 3137 2243 3195 3,
2273 3136 2355 3183 12.
2381 3148 2422 3181 s.
2461 3135 2510 3194 4,
2543 3135 2622 3183 10.
2651 3132 2737 3182 33.
2775 3134 2854 3193 10,
2879 3134 2964 3180 40.
3001 3131 3069 3188 13,

598 3224 683 3271 33.
712 3225 791 3285 17,
819 3226 869 3273 3.
898 3224 978 3273 18.
1004 3227 1087 3274 31.
1114 3226 1197 3285 26,
1225 3225 1307 3272 23.
1348 3222 1494 3272 Rom.
1525 3226 1570 3284 1,
1592 3225 1642 3272 4.
1681 3224 1730 3284 5,
1757 3225 1804 3271 9.
1833 3236 1874 3270 s.
1913 3224 1961 3282 8,
1992 3224 2070 3271 11.
2107 3220 2151 3269 1.
2179 3220 2300 3269 Cor.
2327 3222 2376 3281 6,
2405 3220 2488 3269 14.
2525 3218 2597 3267 11.
2627 3220 2708 3281 13,
2735 3221 2784 3268 4.
2824 3216 2942 3267 Gal.
2969 3218 3070 3277 1,1.

598 3308 797 3374 Ephes.
825 3312 872 3371 2,
901 3312 948 3359 6.
974 3310 1205 3375 Philipp.
1232 3312 1279 3371 3,
1310 3312 1391 3359 10.
1419 3309 1623 3358 Coloss.
1651 3310 1699 3368 2,
1727 3310 1808 3357 12.
1835 3308 1861 3355 I
1885 3306 2072 3357 Thess.
2101 3311 2147 3368 1,
2177 3308 2256 3355 10.
2283 3306 2338 3355 11
2360 3306 2496 3355 Tim.
2523 3306 2571 3366 2,
2597 3306 2646 3354 8.
2691 3305 2854 3353 Hebr.
2883 3306 2963 3363 13,
2999 3303 3070 3351 20.

602 3397 644 3445 Ι.
670 3396 811 3445 Petr.
840 3398 885 3458 1,
912 3398 995 3445 21.
1021 3395 1187 3461 Apoe.
1217 3397 1263 3457 1,
1302 3398 1350 3444 5.
1380 3397 1459 3445 17.
1492 3398 1571 3444 18.
1614 3394 1679 3443 V.
1708 3394 1770 3443 G.
1806 3392 1997 3455 Krehl,
2038 3392 2102 3441 de
2127 3397 2392 3441 momento
2419 3391 2846 3440 Resurrectionis
2869 3389 2920 3439 J.
2949 3389 3001 3438 G.
3025 3390 3070 3435 in

600 3482 931 3531 institutione
968 3482 1282 3548 apostolica.
1319 3482 1575 3531 Misenae.
1614 3482 1763 3531 1830.
1813 3496 1862 3543 p.
1899 3481 1980 3527 27.
2017 3495 2058 3529 s.
2121 3478 2182 3527 G.
2215 3478 2277 3526 L.
2313 3477 2534 3539 Muller,
2573 3477 2640 3527 de
2673 3476 3064 3526 Resurrectione

600 3568 652 3616 J.
680 3567 739 3617 C.
778 3573 833 3617 et
868 3570 980 3617 vita
1018 3582 1133 3617 eam
1170 3569 1465 3633 excipiente
1506 3572 1558 3617 et
1594 3580 1822 3617 ascensu
1859 3568 1916 3614 in
1953 3564 2159 3614 coelum
2199 3564 2512 3625 sententiae,
2553 3578 2694 3627 quae
2725 3564 2780 3611 in
2803 3562 2951 3611 Eecl.
2977 3560 3068 3609 chr.

598 3654 668 3703 ad
705 3655 739 3703 f.
768 3671 820 3704 u.
850 3672 891 3705 s.
930 3656 1067 3704 sexti
1103 3656 1305 3719 viguer.
1340 3655 1517 3704 Havn.
1547 3655 1697 3704 1836.
1737 3670 1788 3718 p.
1814 3654 1863 3701 4.
1890 3668 1932 3701 s.
1988 3652 2055 3700 E.
2091 3651 2175 3699 W.
2210 3650 2462 3711 Kolthoff,
2509 3651 2636 3699 Vita
2667 3650 2804 3699 Jesu
2847 3663 2878 3697 a
2919 3646 3069 3697 Paulo

600 3740 859 3805 Apostolo
899 3740 1231 3790 adumbrata.
1269 3740 1429 3789 Hafn.
1460 3742 1611 3790 1852.
1648 3756 1700 3805 p.
1726 3740 1810 3788 49.
1837 3753 1878 3787 s.
1931 3738 1971 3801 ³)
2011 3737 2175 3787 Hebr.
2203 3738 2252 3798 6,
2280 3739 2327 3785 2.
2378 3738 2420 3799 ⁴)
2458 3737 2523 3785 Ε.
2551 3752 2600 3801 g.
2625 3736 2716 3786 Ps.
2745 3738 2824 3797 16,
2853 3738 2934 3785 10.
2958 3748 3002 3782 a.
3027 3748 3068 3795 q.

598 3826 633 3875 l.
660 3827 729 3875 H.
756 3828 819 3876 V.
844 3829 906 3877 T.
944 3844 995 3893 p.
1023 3828 1139 3877 284.
1202 3827 1243 3889 ⁵)
1292 3828 1409 3887 Quo
1448 3842 1556 3875 non
1592 3826 1751 3873 datur
1787 3824 2044 3874 illustrior
2079 3823 2224 3873 Jona
2258 3823 2535 3889 propheta,
2573 3822 2642 3871 H.
2678 3823 2743 3871 V.
2781 3822 2846 3871 T.
2883 3839 2932 3887 p.
2967 3820 3068 3869 353.

600 3916 643 3979 ὓ)
680 3914 723 3963 Ι.
752 3914 874 3963 Cor.
904 3916 983 3975 15,
1013 3916 1093 3963 12.
1120 3928 1161 3962 s.
1225 3912 1265 3977 ⁷)
1304 3912 1589 3961 Dominum
1628 3912 1768 3960 enim
1805 3924 1957 3959 suam
1983 3926 2104 3959 cum
2135 3910 2342 3958 viveret
2369 3908 2698 3973 praedixisse
2724 3908 3065 3957 Resurrectio-

601 4016 718 4050 nem
748 4016 929 4050 omnes
960 4000 1157 4049 habent
1181 3998 1563 4064 Evangelistae
1586 3998 1652 4047 L.
1679 4014 1724 4047 e.
1751 4013 1801 4063 g.
1827 3995 2020 4045 Matth.
2047 3998 2128 4057 12,
2155 3998 2238 4045 39.
2265 3998 2350 4045 40.
2387 4024 2452 4031 ——-
2491 3994 2562 4045 ad
2589 4012 2640 4059 q.
2669 3994 2704 4043 l.
2731 4011 2778 4044 c.
2803 3994 2894 4043 Fr.
2917 3991 3069 4047 Pauli,

600 4087 735 4152 disp.
775 4086 841 4135 de
875 4087 1019 4136 Jona
1046 4085 1312 4135 Christum
1346 4085 1615 4150 sepultum
1651 4089 1706 4131 et
1741 4087 2106 4147 resurgentem
2141 4081 2510 4143 adumbrante.
2549 4081 2674 4130 Hal.
2705 4084 2859 4131 1775.
2897 4098 2944 4146 p.
2969 4082 3012 4128 5.
3033 4094 3068 4125 s.

597 4200 664 4211 -—
687 4176 767 4235 16,
788 4174 871 4221 21.
904 4174 983 4235 17,
1006 4175 1089 4221 21.
1116 4174 1198 4233 20,
1228 4174 1310 4223 19.
1347 4174 1431 4232 26,
1458 4174 1541 4219 32.
1578 4171 1744 4219 Marc.
1771 4170 1819 4231 8,
1848 4172 1931 4219 31.
1969 4171 2018 4229 9,
2047 4170 2131 4218 30.
2172 4171 2252 4230 10,
2280 4170 2362 4216 34.
2404 4170 2484 4225 14,
2516 4169 2598 4217 28.
2637 4168 2773 4217 Luc.
2811 4169 2860 4229 9,
2887 4168 2965 4217 22.
3003 4166 3069 4224 11,

597 4262 679 4311 30.
720 4260 810 4321 18,
848 4262 929 4309 33.
969 4260 1061 4320 24,
1099 4260 1183 4308 46.
1232 4258 1429 4307 Joann.
1457 4260 1513 4319 2,
1558 4259 1638 4306 19.
1676 4274 1717 4307 s.
1771 4258 1859 4319 10,
1903 4258 1983 4305 18.
2025 4257 2114 4316 14,
2159 4258 2236 4303 18.
2275 4256 2367 4314 20,
2403 4256 2452 4303 9.
2501 4255 2561 4303 V.
2601 4254 2670 4303 H.
2711 4254 2777 4303 N.
2817 4254 2879 4302 T.
2915 4270 2966 4319 p.
3001 4252 3068 4300 64.

596 4346 639 4409 8)
695 4347 947 4411 Apprime
994 4350 1181 4394 notatu
1231 4344 1391 4410 digna
1428 4348 1553 4393 sunt
1588 4358 1629 4392 s.
1666 4342 1976 4403 Athanasii,
2025 4341 2091 4391 de
2126 4342 2496 4390 incarnatione
2537 4340 2697 4389 Verbi
2739 4340 2886 4389 dicta.
2919 4356 2969 4388 n.
3001 4338 3069 4386 30.

597 4449 648 4497 p.
688 4434 767 4481 72.
827 4430 1017 4493 „Quod
1062 4436 1240 4481 autem
1275 4429 1585 4479 immortalis
1622 4430 1860 4495 corporis
1899 4429 2216 4478 resurrectio
2255 4442 2290 4477 a
2326 4428 2590 4476 communi
2629 4428 2868 4475 omnium
2904 4424 3068 4474 Serva—

596 4524 711 4568 tore
750 4516 978 4579 Christo,
1028 4518 1119 4583 qui
1155 4532 1280 4567 vere
1318 4518 1430 4567 vita.
1466 4520 1562 4577 est,
1602 4514 1794 4565 effecta
1829 4514 2012 4574 fuerit,
2051 4528 2138 4563 res
2173 4515 2324 4578 ipsae
2360 4512 2527 4563 multo
2565 4512 2894 4575 evidentius,
2931 4524 3070 4577 quam

596 4605 762 4653 verba
815 4604 1070 4669 probant,
1126 4604 1206 4651 his
1256 4603 1462 4651 scilicet
1510 4604 1618 4666 qui
1668 4616 1894 4651 sanum
1941 4601 2188 4650 habent
2234 4600 2474 4649 mentis
2511 4598 2798 4649 oculum.
2857 4598 2910 4648 Si
2949 4598 3068 4647 enim
