3267 5259
549 433 678 497 362
1273 448 1387 490 nist.
1417 446 1525 489 Rev.
1555 448 1646 489 div.
1676 448 1841 490 Period.
1872 449 1930 491 11.
1961 461 2056 501 cap.
2082 450 2297 501 primum.

594 712 652 790 §-
703 712 803 777 73.
853 708 1056 788 Quid
1103 732 1152 773 e.
1200 710 1490 775 Paulus
1537 710 1893 775 Athenis
1957 722 2201 797 atque
2250 711 2647 776 Corinthi
2698 714 3009 797 egerit.

757 908 842 965 Eo
871 912 1131 984 tempore
1161 909 1365 967 divino
1393 910 1568 985 plane
1597 910 1838 968 consilio
1868 911 1979 986 ipsi
2011 912 2384 987 aperiebatur
2424 930 2681 986 campus,
2719 916 2789 967 ut
2814 911 2881 967 in
2904 910 3055 967 cele-

551 1012 809 1071 berrima
861 1012 1214 1073 Graecorum
1267 1015 1576 1090 metropoli
1627 1034 1855 1093 quoque
1908 1016 2173 1091 Apostoli
2227 1017 2496 1089 gentium
2548 1034 2773 1073 munus
2831 1016 3055 1085 obirem

550 1117 1014 1196 sapientiamque
1059 1120 1418 1176 mundanam
1466 1121 1841 1195 impugnaret
1870 1126 1929 1177 et
1960 1120 2306 1177 revinceret.
2352 1120 2503 1177 Ecce
2533 1122 2695 1177 enim
2726 1121 3047 1195 perambu-

549 1221 680 1279 lans
709 1222 1012 1279 Athenae¹
1043 1224 1340 1281 excitabat
1367 1225 1633 1281 animum
1666 1224 1807 1293 eius,
1842 1225 1994 1302 quod
2024 1225 2253 1282 videret
2280 1226 2489 1281 urbem
2514 1225 2689 1282 idolis
2712 1226 2887 1301 quasi
2916 1244 3053 1281 con-

765 1412 802 1476 ¹)
841 1413 922 1461 De
959 1412 1234 1463 Athenis
1270 1414 1514 1463 Atticis
1551 1412 1628 1462 nil
1665 1412 1801 1463 adeo
1837 1412 2117 1478 magnifice
2144 1413 2247 1463 dici
2274 1418 2466 1478 potest,
2506 1413 2654 1477 quod
2678 1429 2795 1463 nou
2820 1415 2893 1463 sit
2914 1414 3057 1462 infra

551 1498 861 1563 dignitatem
900 1499 1064 1549 urbis.
1111 1500 1439 1549 Athenarum
1471 1502 1596 1550 urbs
1628 1530 1689 1537 —
1718 1500 1911 1565 plurali
1948 1515 2167 1549 numero
2206 1500 2448 1549 videmus
2485 1506 2836 1565 nuncupatas
2864 1507 2919 1549 et
2940 1501 2996 1549 h.
3020 1500 3055 1549 l.

551 1586 666 1635 Act.
705 1588 784 1648 17,
825 1588 903 1636 15.
942 1588 1022 1636 16.
1074 1588 1152 1649 18,
1191 1589 1237 1636 1.
1287 1587 1330 1636 Ι.
1365 1585 1554 1637 Thess.
1590 1588 1639 1649 3,
1677 1592 1725 1638 1.
1772 1592 1826 1636 et
1858 1589 1915 1637 in
1952 1588 2302 1653 scriptoribus
2348 1586 2505 1638 hodie
2542 1586 2657 1636 fere
2696 1587 2953 1637 omnibus
2992 1614 3057 1622 -—

550 1675 781 1738 regionis
827 1675 1035 1724 Atticae
1073 1680 1260 1739 caput,
1308 1674 1411 1724 sita
1447 1690 1612 1740 prope
1652 1672 1987 1737 Eleusinem,
2026 1676 2193 1726 sacris
2234 1673 2445 1724 Cereris
2480 1674 2721 1724 nobilem
2748 1702 2817 1711 —-
2846 1674 2901 1723 d.
2928 1692 2981 1739 q.
3006 1690 3057 1723 v.

551 1760 664 1809 The
719 1760 972 1810 unedited
1026 1762 1348 1827 Antiquities
1399 1762 1458 1813 of
1507 1762 1699 1811 Attica.
1760 1762 1931 1811 Lond.
1979 1764 2129 1811 1833.
2180 1779 2231 1827 p.
2276 1762 2325 1811 2.
2370 1776 2412 1810 s.
2474 1762 2524 1810 6.
2566 1777 2611 1810 s.
2656 1789 2755 1821 —,
2805 1760 3059 1810 latissimi

549 1848 651 1897 fuit
686 1848 914 1897 ambitus
961 1852 1014 1896 et
1047 1849 1212 1897 mirae
1261 1848 1685 1914 pulchritudinis.
1746 1850 1829 1898 Ex
1868 1866 1973 1914 quo
2014 1848 2179 1899 Solon
2223 1848 2304 1898 his
2351 1863 2603 1914 praeesse
2642 1850 2855 1913 coepit,
2906 1849 3059 1897 nulla

552 1935 826 1983 civitatum
873 1934 1131 1985 Graeciae
1175 1940 1284 1985 tam
1333 1934 1548 1986 fimiter
1591 1935 1818 1986 fundata
1862 1936 2097 2001 legibus,
2148 1942 2362 2001 tamque
2413 1935 2703 1985 salubriter
2754 1940 3059 2000 temperata

551 2036 710 2088 quam
747 2020 1006 2071 Athenae.
1065 2022 1272 2073 Pericle
1323 2039 1432 2073 rem
1469 2021 1870 2073 Atheniensium
1910 2024 2179 2088 publicam
2218 2022 2646 2083 administrante,
2696 2023 2909 2072 factum
2948 2027 3059 2073 est:

507 2122 519 2137 ³
549 2113 610 2157 ut
632 2108 874 2158 Athenae
909 2109 1236 2174 singularem
1273 2110 1328 2159 in
1353 2110 1568 2159 modum
1604 2116 1921 2171 crescerent,
1960 2110 2255 2174 ceterisque
2282 2108 2502 2159 Graecis
2527 2109 2583 2157 in
2610 2110 2867 2159 omnibns
2892 2110 3061 2159 rebus

550 2194 708 2261 longe
746 2196 1144 2257 antecellerent,
1182 2201 1236 2245 et
1259 2198 1415 2261 quasi
1439 2192 1682 2255 Ἑλλάδος
1710 2192 1891 2255 Ἑλλάς
1930 2197 2231 2247 existerent.
2279 2196 2415 2245 Nam
2452 2210 2573 2244 cum
2604 2195 2879 2245 suadente
2916 2196 3059 2245 The-

550 2282 818 2345 mistocle,
869 2283 1152 2331 navalibus
1198 2284 1366 2347 copiis
1413 2283 1641 2333 salutem
1684 2298 1833 2331 suam
1886 2284 2074 2333 civitas
2124 2282 2462 2343 credidisset,
2512 2296 2697 2331 earum
2750 2298 2858 2347 ope
2908 2282 3063 2331 illam

549 2368 832 2419 Persarum
860 2369 1064 2419 cladem
1091 2369 1347 2435 paulatim
1375 2371 1450 2419 ita
1475 2371 1711 2432 eminuit,
1743 2373 1803 2419 ut
1827 2386 1945 2419 cum
1973 2371 2092 2435 ipsa
2116 2386 2223 2419 non
2247 2369 2469 2419 multum
2494 2368 2637 2418 ultra
2660 2370 2861 2434 viginti
2889 2370 3063 2419 millia

550 2456 882 2521 ingeniorum
927 2455 1196 2506 hominum
1234 2456 1479 2517 haberet,
1525 2463 1715 2521 postea
1752 2462 1931 2505 tamen
1976 2456 2269 2521 permultas
2304 2454 2509 2505 insulas
2547 2462 2601 2505 et
2636 2454 2789 2505 mille
2824 2457 3063 2522 oppida3

548 2542 709 2609 longo
747 2544 989 2604 circuitu,
1027 2542 1150 2592 inde
1186 2557 1221 2592 a
1247 2542 1424 2607 Cypro
1462 2542 1533 2592 ad
1557 2543 1855 2607 Bosporum
1882 2541 2184 2603 Thracium,
2221 2542 2345 2593 hinc
2382 2548 2561 2591 autem
2598 2556 2789 2593 rursus
2826 2543 3063 2593 reducto

550 2628 680 2679 orbe
725 2628 794 2679 ad
841 2629 1118 2679 Euboeam
1162 2644 1332 2695 usque
1377 2631 1651 2679 societatis
1696 2632 2017 2681 necessitate
2054 2631 2153 2679 sibi
2192 2630 2473 2679 devinctae
2510 2634 2737 2679 teneret.
2800 2630 2933 2679 Non
2982 2634 3065 2679 est

550 2718 783 2777 animus,
834 2732 934 2766 nec
978 2718 1205 2767 instituti
1249 2718 1505 2782 permittit
1548 2718 1710 2780 ratic,
1756 2732 2023 2782 exponere
2061 2717 2189 2783 quid
2225 2720 2423 2766 atticae
2461 2716 2579 2765 urbi
2620 2720 2675 2765 et
2716 2717 3065 2765 inventionis

551 2808 604 2853 et
643 2805 1002 2854 exornationis
1041 2804 1236 2855 debeat
1271 2818 1357 2853 ars
1383 2805 1641 2853 toreutice
1668 2808 1721 2853 et
1744 2802 2026 2870 pingendi;
2063 2803 2251 2857 literae
2276 2808 2331 2852 et
2354 2804 2681 2869 eloquentia,
2720 2818 2809 2852 res
2834 2806 3067 2853 scenica

552 2894 606 2940 et
661 2890 943 2954 historiae3
1011 2896 1065 2940 et
1112 2896 1171 2939 ut
1218 2891 1329 2941 alia
1375 2892 1646 2941 mittamus
1694 2890 2066 2956 Philosophia,
2124 2892 2275 2940 cuius
2322 2890 2685 2941 nobilissimas
2736 2906 3065 2940 enumerare

550 2977 777 3026 familias
814 2977 1033 3043 longum
1065 2978 1217 3028 foret.
1268 2976 1348 3027 cf.
1374 2978 1463 3027 Fr.
1493 2978 1759 3040 Creuzeri,
1800 2983 1931 3028 orat.
1960 2978 2026 3028 de
2053 2977 2281 3028 Civitate
2306 2976 2637 3027 Athenarum
2668 2980 2840 3026 omnis
2868 2977 3065 3027 huma-

550 3064 732 3114 nitatis
769 3070 1006 3130 parente,
1045 3066 1100 3114 in
1137 3080 1318 3131 opusc.
1356 3064 1451 3115 sel.
1493 3065 1573 3117 ed.
1609 3065 1757 3131 Lips.
1796 3067 1944 3115 1854.
1992 3082 2042 3131 p.
2082 3066 2163 3114 77.
2200 3078 2241 3113 s.
2296 3064 2485 3129 Neque
2522 3068 2716 3127 postea
2755 3064 2955 3115 fractis
2994 3064 3065 3113 ad

553 3150 917 3201 Chaeroneam
957 3150 1281 3202 Graecorum
1331 3153 1546 3218 opibus,
1592 3152 1864 3202 literarum
1902 3152 2095 3213 honor,
2144 3166 2250 3217 quo
2286 3150 2531 3201 Athenae
2566 3150 2869 3200 floruerant
2906 3156 3065 3200 vetu-

551 3243 688 3289 state
738 3238 1018 3289 obsolevit.
1090 3238 1227 3289 Nam
1274 3238 1399 3288 inde
1450 3239 1518 3289 ab
1567 3238 1859 3290 Alexandri
1904 3238 1978 3288 M.
2028 3244 2230 3301 aetate,
2280 3238 2551 3304 patefacto
2594 3242 2864 3287 terrarum
2906 3238 3063 3297 orbe,

550 3326 710 3375 latius
748 3327 906 3375 etiam
946 3325 1140 3376 diffusa
1173 3325 1468 3375 Atticorum
1507 3325 1732 3377 eruditio
1771 3325 1931 3375 Asiae
1966 3339 2213 3390 magnam
2260 3329 2465 3390 partem
2510 3325 2759 3389 aliasque
2803 3326 3067 3390 reg-iones

551 3412 804 3477 implevit.
877 3410 1181 3461 Subsecuta
1227 3417 1351 3461 sunt
1397 3416 1640 3477 tempora
1686 3414 1896 3477 iniqua,
1946 3425 2069 3460 nam
2118 3412 2479 3461 Romanorum
2524 3410 2841 3461 victricibus
2892 3414 3067 3461 armis

553 3504 727 3564 capta,
766 3515 873 3549 non
900 3500 962 3549 iis
989 3499 1268 3548 fruebatur
1302 3498 1525 3559 iuribus,
1565 3498 1758 3564 quibus
1795 3502 1956 3549 antea
1991 3497 2276 3562 superbiit3
2315 3502 2371 3547 at
2404 3496 2491 3546 vel
2517 3498 2595 3547 sic
2619 3502 2801 3547 tamen
2838 3499 3065 3563 priscus

551 3584 824 3635 literarum
873 3586 1124 3652 splendor
1185 3602 1292 3635 non
1344 3591 1651 3635 evanuerat.
1726 3585 1831 3646 Qui
1890 3586 2026 3633 enim
2079 3600 2143 3633 ex
2191 3584 2447 3633 Romanis
2495 3583 2685 3633 harum
2736 3586 3069 3635 tractationi

554 3687 768 3737 operam
796 3673 1013 3734 dabant,
1040 3674 1105 3721 iis
1130 3673 1240 3723 fere
1265 3672 1501 3723 Athenas
1527 3672 1889 3733 mittebantur,
1923 3686 2057 3737 quas
2082 3671 2151 3721 ab
2184 3671 2286 3720 hac
2310 3686 2369 3719 re
2392 3671 2703 3736 Propertius
2743 3670 3064 3731 „doctas-¹

551 3759 803 3825 adpellat.
863 3759 1100 3809 Plurima
1145 3760 1250 3809 huc
1294 3759 1549 3809 facientia
1597 3758 1773 3823 elogia
1818 3760 2112 3824 congessit:
2160 3758 2451 3819 Meursius,
2500 3758 2567 3807 de
2613 3758 2835 3806 fortuna
2888 3759 3063 3809 Athe·

551 3860 754 3897 narum.
793 3862 837 3896 c.
864 3848 912 3896 8.
951 3848 1006 3896 in
1043 3846 1200 3896 Thes.
1241 3846 1495 3896 Gronovii
1533 3846 1596 3909 V,
1633 3846 1783 3895 1722.
1818 3859 1860 3894 s.
1920 3843 2002 3895 Ad
2041 3848 2146 3894 tam
2188 3844 2441 3905 „claras
2480 3850 2543 3894 et
2589 3844 2865 3895 doctas‘*
2924 3846 3069 3896 dixit

552 3934 753 3984 Paulus
792 3933 1101 3995 orationem,
1149 3932 1214 3982 de
1253 3948 1360 3998 qua
1395 3950 1437 3983 s.
1463 3933 1761 3999 Augustino
1799 3934 1854 3981 in
1890 3932 2028 3981 votis
2066 3930 2181 3993 fuit,
2220 3947 2373 3981 serm.
2404 3934 2519 3981 156.
2557 3931 2623 3980 de
2650 3930 2834 3981 verbis
2860 3934 3065 3999 Apost.

549 4020 700 4070 Rom.
737 4021 786 4070 8.
823 4037 872 4069 n.
911 4022 957 4069 7.
1004 4020 1068 4081 V,
1112 4022 1227 4069 753.
1276 4024 1338 4068 ιιι
1381 4020 1484 4069 sibi
1532 4020 1843 4083 contigisset
1879 4018 2191 4083 Apostolum
2239 4033 2337 4084 pro
2375 4017 2656 4083 Areopago
2700 4028 3067 4082 perorantem

551 4106 753 4156 audire.
833 4106 974 4157 Sane
1029 4110 1148 4157 utut
1202 4108 1371 4157 oratio
1421 4106 1576 4156 Pauli
1632 4106 1701 4155 ad
1756 4104 1969 4157 scholae
2024 4105 2171 4170 leges
2227 4105 2525 4155 confectam
2578 4106 2797 4156 minime
2852 4122 3065 4157 vocare

551 4194 830 4259 possimus,
869 4200 1045 4244 tamen
1082 4195 1290 4259 insigne
1328 4194 1550 4259 praebet
1588 4193 1925 4258 eloquentiae
1963 4193 2247 4257 specimen,
2287 4190 2432 4257 quod
2456 4208 2513 4242 se
2543 4191 2851 4257 prudentia,
2890 4194 3067 4244 urba·

552 4282 733 4343 nitate,
774 4280 956 4330 ordine
985 4285 1037 4331 et
1061 4282 1440 4347 perspicuitate
1478 4280 1828 4330 commendat.
1864 4280 1928 4327 V.
1955 4295 2007 4344 p.
2036 4278 2153 4329 328.
2192 4278 2311 4327 Hac
2336 4278 2571 4329 dictione
2594 4278 2800 4328 Paulus
2828 4279 3065 4345 dignum

551 4383 609 4419 se
649 4368 900 4429 exhibuit,
940 4370 1026 4417 cui
1061 4370 1117 4417 in
1145 4368 1492 4419 celeberrima
1515 4367 1665 4429 urbe,
1703 4368 1863 4432 inque
1888 4367 2046 4415 huius
2070 4365 2401 4415 nobilissimo
2424 4365 2547 4415 loco
2574 4364 2787 4415 dicendi
2814 4365 3067 4419 facultas

552 4454 948 4503 concederetur.
999 4455 1216 4505 Interim
1243 4454 1308 4505 de
1332 4456 1498 4520 gestis
1525 4454 1574 4504 d.
1603 4454 1762 4503 Pauli
1784 4455 1840 4502 in
1865 4453 1998 4503 urbe
2022 4452 2424 4502 Atheniensium
2448 4450 2690 4517 legendi:
2726 4452 2791 4501 A.
2818 4452 3067 4514 enimet,

553 4539 679 4589 diss.
715 4538 780 4589 de
819 4540 1105 4605 epigraphe
1153 4555 1279 4591 arae
1315 4540 1671 4591 Atheniensis.
1709 4558 1759 4605 p.
1796 4541 1913 4589 251.
1964 4540 2034 4589 M.
2068 4540 2129 4588 F.
2166 4538 2468 4601 Eckhardi,
2504 4537 2748 4587 Athenae
2786 4542 3067 4604 supersti-

551 4624 736 4686 tiosae,
773 4626 828 4673 in
853 4624 950 4673 Th.
986 4624 1060 4674 th.
1088 4642 1138 4690 p.
1165 4628 1283 4675 461.
1331 4626 1403 4676 M.
1431 4626 1493 4675 G.
1521 4627 1751 4688 Wonna,
1792 4626 1855 4675 de
1894 4641 1989 4675 ara
2025 4626 2129 4675 Dei
2166 4626 2331 4691 ignoti
2370 4625 2440 4674 ib.
2476 4640 2527 4689 p.
2555 4626 2672 4674 464.
2699 4641 2740 4674 s.
2792 4626 2866 4674 lis
2910 4626 3069 4677 adde
