3267 5259
1172 446 1461 499 snngeum
1488 460 1525 489 a.
1544 446 1694 489 uuor.
1857 496 1862 501 ,
2548 438 2672 502 277

397 623 667 691 ὒὲφεεείο,
718 624 779 677 de
826 624 1098 677 tatinmnio
1144 643 1179 677 ε.
1222 625 1423 677 Irenaei
1469 624 1607 677 circa
1653 630 1839 694 tempta
1853 666 1865 685 ,
1914 642 2009 693 quo
2055 624 2390 693 Evanqeliwm
2435 644 2472 677 s.
2509 626 2678 679 Marci

225 712 425 779 scriptum
448 711 623 776 fucrit.
688 708 747 759 Si
784 710 963 759 divum
1000 710 1453 775 Chrysostomum‚
1493 711 1631 761 hom.
1668 711 1710 759 1.
1741 726 1973 775 prooem.
2008 712 2064 759 in
2089 710 2278 759 Matth.
2313 726 2365 759 n.
2393 713 2440 761 3.
2477 711 2597 773 VII,
2627 714 2674 762 ’1.

222 797 293 860 qui
310 795 529 844 Marcum
555 800 749 861 rogatu
776 796 1157 862 discipulorum
1184 798 1235 845 in
1259 797 1502 862 Aegypto
1528 799 1808 865 scripsisse
1834 796 2078 858 affirmat,
2104 798 2454 863 excipiamus;
2483 798 2674 863 reliqui

224 880 265 931 S.
282 882 331 931 P.
355 882 468 933 ets.
490 884 551 931 E.
579 884 859 933 unanimes
884 884 1125 933 tradunt:
1152 885 1203 935 d.
1224 884 1509 933 Marcum
1534 884 1597 933 id
1624 885 1842 949 operis
1864 884 2098 933 Romae
2124 884 2386 934 fecisse.
2411 884 2476 932 In
2503 883 2673 933 deter-

222 968 437 1019 minando
472 976 651 1019 autem
688 976 943 1036 tempore,
984 972 1198 1037 quando
1224 972 1579 1036 Evangelium
1604 988 1758 1021 suum
1785 972 2056 1037 scripserit
2079 976 2132 1020 et
2156 970 2395 1032 ediderit,
2429 976 2676 1019 versatur

224 1056 489 1119 cumprimis
513 1070 555 1106 s.
576 1056 851 1119 Irenaeus,
876 1058 1180 1124 Episcopus
1206 1058 1583 1125 Lugdunensis
1610 1058 1730 1107 adV.
1757 1058 1900 1107 haer.
1928 1057 2026 1118 ΠΙ,
2056 1059 2100 1106 1.
2139 1051 2202 1117 ,,ὁ
2235 1054 2319 1125 μὲν
2344 1053 2403 1120 δὴ
2429 1054 2674 1115 Ματθαῗος

226 1136 263 1189 ἐν
292 1142 379 1199 τοῖς
413 1139 653 1209 Ἑβραίοις
688 1144 747 1211 τῇ
792 1140 890 1209 ἰδίᾳ
924 1141 1163 1212 διαλέκτῳ
1199 1142 1362 1195 αὐτῶν
1398 1143 1482 1195 καὶ
1516 1141 1707 1213 γραφὴν
1744 1140 1984 1212 ἐξήνεᾪιεν
2021 1140 2331 1211 ἑυαγγελίου,
2367 1143 2454 1193 τοῦ
2487 1140 2674 1209 Πέτρου

224 1224 289 1274 καὶ
317 1228 393 1277 τοῦ
426 1225 621 1277 Παύλου
666 1226 715 1278 ἐν
756 1227 927 1299 Ῥώμῃ
978 1227 1420 1299 εὐαγγελιζομένων
1466 1229 1546 1281 καὶ
1590 1227 1944 1298 θεμελιοὺντων
1987 1226 2073 1293 τὴν
2111 1226 2382 1293 ἐκκλησίαν.
2441 1223 2577 1279 Μετὰ
2619 1226 2675 1277 δὲ

224 1308 292 1375 τὴν
322 1312 493 1363 τούτων
531 1312 713 1375 ἔξοδον,
752 1312 951 1383 Μάρκος
987 1312 1013 1365 ὁ
1052 1314 1266 1385 μαθητὴς
1306 1315 1385 1367 καὶ
1423 1314 1706 1386 ἑρμενευτὴς
1731 1314 1932 1383 Πέτρου,
1970 1313 2050 1364 καὶ
2087 1308 2228 1373 αὐτὸς
2265 1310 2326 1364 τὰ
2363 1309 2453 1365 ὑπὸ
2487 1312 2674 1383 Πέτρου

224 1396 539 1468 κηρυσσόμενα,
578 1398 837 1470 ἐγγράφως
864 1402 980 1472 ἡμῖν
1004 1400 1375 1471 παραδέδωκε.“
1403 1404 1484 1455 ed.
1512 1402 1720 1454 Stieren
1744 1404 1788 1465 Ι,
1813 1404 1930 1453 423.
1979 1402 2186 1451 Eadem
2211 1419 2253 1452 s.
2273 1402 2482 1452 Irenaei
2505 1402 2676 1452 verba

224 1488 519 1551 reperiuntur
542 1489 687 1553 apud
714 1473 1027 1552 Eusebium,
1064 1490 1133 1539 Η.
1158 1490 1223 1539 Ε.
1261 1490 1327 1553 V,
1353 1494 1400 1541 8.
1438 1508 1487 1556 p.
1518 1491 1632 1541 172.
1679 1491 1762 1539 De
1799 1490 1880 1539 his
1905 1490 2012 1539 iam
2046 1488 2218 1539 fusius
2259 1490 2361 1538 erit
2399 1488 2675 1552 disputan-

226 1570 349 1635 dum3
386 1575 512 1623 tanti
536 1576 679 1625 enim
702 1574 838 1626 fiunt
873 1577 941 1626 ab
969 1576 1254 1643 aliquibus,
1293 1582 1353 1627 ut
1388 1577 1511 1627 hinc
1548 1591 1820 1641 nunquam
1845 1576 2025 1626 inferri
2050 1590 2206 1642 posse
2246 1575 2426 1625 dicant
2449 1580 2674 1641 tempus,

228 1674 313 1723 quo
345 1659 685 1725 Evangelium
722 1677 875 1711 suum
914 1680 957 1713 s.
982 1663 1287 1715 Matthaeus
1324 1668 1379 1713 et
1414 1680 1454 1713 s.
1480 1663 1696 1713 Marcus
1733 1663 2010 1727 scripsere.
2072 1662 2216 1711 Hinc
2251 1662 2514 1727 siquidem
2549 1676 2674 1711 con-

226 1744 507 1797 cludendum
544 1763 688 1799 esset
729 1746 779 1799 d.
804 1748 1135 1799 Matthaeum
1173 1750 1382 1801 nonnisi
1420 1756 1542 1813 post
1564 1765 1605 1800 s.
1627 1750 1774 1799 Petri
1799 1764 1864 1799 ac
1896 1748 2107 1799 demum
2130 1764 2173 1799 s.
2193 1748 2351 1799 Pauli
2385 1748 2674 1799 adventum

222 1830 535 1897 Evangelium
586 1849 867 1899 exarass03
914 1835 1058 1901 quod
1104 1852 1209 1887 non
1267 1842 1561 1887 ceterorum
1610 1836 1844 1887 omnium
1889 1840 2119 1897 tantum,
2178 1834 2272 1885 sed
2321 1840 2376 1884 et
2417 1835 2586 1900 ipsius
2631 1850 2672 1883 s.

220 1916 397 1967 Irenaei
438 1928 701 1986 repugnat
744 1924 1057 1973 sententiae.
1127 1924 1200 1973 Et
1236 1923 1379 1988 quod
1424 1924 1642 1989 gravius
1685 1922 2054 1972 inextricabile
2099 1938 2242 1972 esse:
2290 1936 2430 1988 quae
2465 1922 2536 1971 sit
2580 1921 2675 1971 illa

220 2004 557 2068 Apostolorum
598 2004 863 2069 ,,ἔξοὸος“;
908 2025 1005 2059 seu
1052 2014 1113 2059 ut
1158 2011 1315 2060 vertit
1363 2011 1623 2075 interpres
1662 2009 1858 2059 latinus
1907 2012 2300 2069 „excessus.“
2375 2009 2458 2057 An
2496 2024 2525 2058 e
2560 2008 2676 2057 vita

222 2104 277 2137 an
316 2092 435 2141 urbe
480 2094 651 2143 Roma
697 2095 993 2146 duntaxat?
1062 2095 1321 2146 Difficilia
1364 2102 1643 2162 utramque
1689 2111 1929 2161 premere
1973 2096 2278 2161 opinionem
2323 2093 2672 2145 incommoda.

221 2174 264 2225 S.
293 2176 475 2227 Paulus
510 2182 651 2230 enim
687 2181 861 2232 Roma
897 2180 1168 2234 discedere
1204 2198 1313 2233 non
1350 2184 1525 2249 potuit
1560 2188 1684 2233 ante
1723 2197 1770 2232 a.
1809 2185 1910 2245 63„
1949 2186 2109 2247 atque
2145 2181 2386 2247 plerique
2421 2182 2674 2231 Veterum

222 2262 449 2315 referunt:
502 2281 545 2315 s.
579 2266 823 2317 Marcum
870 2267 1029 2334 longe
1084 2275 1244 2319 antea
1296 2270 1575 2333 scripsisse
1618 2269 2000 2335 Evangelium‚
2045 2270 2102 2317 in
2145 2269 2266 2333 ipsa
2318 2268 2450 2317 urbe
2505 2266 2675 2317 Roma

220 2348 355 2399 Petro
396 2351 465 2401 ibi
510 2358 627 2403 tum
678 2353 905 2421 degente
960 2356 1384 2421 auctoritateque
1439 2370 1537 2406 sua
1588 2356 1724 2405 illud
1771 2354 2132 2405 confirmante.
2203 2352 2473 2404 Accedere
2529 2351 2672 2419 quod

220 2434 353 2485 iidem
384 2440 661 2489 memoriae
700 2440 1033 2505 prodiderint
1068 2458 1111 2492 s.
1136 2442 1379 2492 Marcum
1414 2443 1471 2491 in
1499 2442 1800 2509 Aegyptum
1836 2443 2069 2504 missum,
2109 2446 2168 2489 ut
2204 2442 2517 2505 episcopatu
2553 2439 2672 2489 fun-

221 2528 415 2583 geretur.
472 2526 640 2576 Nobis
678 2526 894 2591 quidem
928 2528 1033 2578 ista
1069 2526 1386 2578 criticorum
1424 2527 1589 2578 dubia
1628 2544 1734 2578 non
1775 2527 1908 2577 adeo
1946 2526 2371 2592 pertimescenda
2405 2526 2670 2575 videntur.

222 2606 405 2659 Scilicet
436 2612 603 2661 verba
638 2612 735 2662 illa
768 2628 812 2662 s.
838 2614 1049 2664 Irenaei
1095 2609 1156 2675 „6
1204 2611 1289 2683 μὲν
1336 2611 1395 2678 δὴ
1446 2612 1692 2673 Ματθαῗος
1740 2612 1786 2663 ἐν
1829 2614 1929 2672 τοῖς
1979 2610 2222 2681 Ἑβραίοις
2265 2614 2324 2681 τῇ
2374 2608 2472 2661 ἰδία
2513 2609 2673 2661 αὐτῶν

222 2690 429 2763 tutare
456 2696 537 2746 καὶ
556 2694 751 2767 γραφὴν
778 2695 1019 2767 ἐξήνεγκεν
1046 2696 1395 2769 ἑυαγγελίου“;
1416 2728 1481 2737 -
1503 2716 1642 2767 quae
1668 2701 1834 2751 latine
1861 2702 1968 2761 „ita
1991 2699 2296 2749 Matthaeus
2329 2700 2386 2748 in
2410 2698 2674 2749 Hebraeis

224 2780 429 2845 ipsorum
462 2784 645 2849 ling-ua
670 2784 999 2851 Scripturam
1034 2786 1201 2837 edidit
1234 2786 1570 2853 Evangelii“,
1606 2789 1988 2853 interpretatus
2024 2791 2105 2836 est
2151 2786 2218 2835 H.
2248 2784 2310 2835 G.
2329 2784 2381 2835 J.
2401 2784 2676 2848 Thiersch,

224 2867 269 2914 in
288 2868 409 2919 Aun.
435 2868 581 2921 Stud.
604 2888 656 2921 ιι.
683 2872 818 2921 Krit.
847 2872 998 2922 1842.
1048 2872 1258 2923 Irenaei
1284 2888 1327 2923 c.
1356 2891 1404 2939 q.
1430 2874 1487 2923 in
1517 2890 1593 2941 gr.
1632 2888 1786 2923 serm.
1823 2875 1974 2923 restit
1998 2890 2047 2938 p.
2075 2874 2192 2921 516.
2219 2898 2285 2908 —
2312 2888 2420 2921 non
2456 2873 2677 2923 membri

225 2954 439 3018 incisum,
476 2957 567 3007 sed
606 2957 885 3023 periodum
911 2959 1131 3008 membri
1168 2960 1523 3020 constituunt,
1561 2964 1761 3025 puncto
1791 2959 1964 3009 medio
1995 2978 2159 3021 ——3—
2188 2958 2674 3009 discriminandum.

224 3037 377 3089 Verba
398 3048 569 3093 autem
606 3044 913 3094 immediate
947 3047 1231 3109 sequentia
1264 3046 1385 3107 »τοῦ
1409 3043 1596 3114 Πέτρου
1632 3042 1714 3094 καὶ
1749 3046 1834 3095 τοῦ
1859 3041 2058 3094 Παύλου
2093 3042 2140 3093 ἐν
2166 3042 2336 3113 Ῥώμῃ
2364 3040 2675 3112 εὐαγγελιζο-

227 3122 359 3188 μένων
376 3126 451 3177 καὶ
466 3127 820 3197 θεμελιούντων
838 3127 923 3195 τὴν
944 3127 1235 3194 ἐκκλησίανίί
1249 3150 1264 3192 ;
1276 3148 1501 3193 —„cum
1520 3132 1712 3182 Petrus
1731 3138 1784 3182 et
1801 3132 2002 3181 Paulus
2021 3131 2223 3181 Romae
2243 3131 2676 3196 evangelizarent

224 3216 269 3260 et
298 3212 565 3266 fundarent
602 3216 937 3267 Ecclesiam“
965 3244 1031 3254 —
1056 3218 1281 3267 incisum
1306 3223 1447 3267 certe
1474 3223 1613 3267 sunt.
1657 3217 1727 3267 At
1751 3218 1976 3267 incisum
2013 3217 2302 3267 membrum
2329 3218 2673 3277 constituens,

224 3312 315 3347 nen
345 3316 455 3351 cum
498 3302 605 3354 illis
652 3318 791 3369 quae
835 3303 901 3352 de
936 3304 1210 3355 Matthaeo
1258 3304 1534 3367 dicuntur,
1581 3303 1676 3355 sed
1723 3320 1842 3354 cum
1887 3303 2232 3369 sequentibus
2291 3309 2446 3369 „post
2487 3302 2674 3352 horum

224 3398 331 3434 vero
364 3402 629 3439 excessum
666 3390 883 3439 Marcus
920 3390 1211 3456 discipulus
1250 3396 1303 3440 et
1326 3392 1587 3456 interpres
1624 3376 1787 3453 Petri,
1826 3392 2018 3456 etipse
2049 3405 2188 3455 quae
2215 3404 2248 3439 a
2272 3390 2431 3439 Petro
2469 3404 2672 3439 annun-

224 3470 339 3521 tiata
368 3481 535 3537 erant,
580 3492 679 3543 per
716 3478 917 3542 scripta
952 3477 1109 3527 nobis
1144 3476 1422 3539 tradidit“3
1461 3492 1495 3527 a
1532 3478 1725 3543 quibus
1763 3491 1872 3526 una
1907 3478 2108 3526 minore
2146 3476 2484 3527 distinctione
2521 3491 2672 3541 sepa-

228 3562 397 3609 rentur.
452 3562 525 3612 Ut
571 3562 710 3612 adeo
756 3561 881 3612 hinc
924 3568 1133 3613 constet
1168 3579 1211 3611 οι.
1252 3562 1305 3613 S.
1329 3563 1611 3613 Irenaeum
1657 3564 1835 3613 verbis
1877 3568 2144 3628 postremo
2181 3562 2301 3612 loco
2339 3560 2570 3613 laudatis
2608 3561 2673 3611 de

224 3641 319 3692 solo
350 3662 388 3695 s.
410 3646 591 3698 Marco
629 3647 892 3712 locutum3
932 3653 985 3699 et
1022 3648 1165 3715 qnod
1202 3646 1247 3713 β.
1284 3649 1370 3699 hic
1400 3648 1752 3714 Evangelista
1783 3654 1903 3715 post
1939 3664 1980 3697 s.
2007 3648 2338 3698 Matthaeum
2375 3650 2670 3714 scripserit3

224 3726 421 3796 denique
440 3750 483 3801 γ.
504 3734 556 3784 id
576 3734 854 3797 accidisse,
882 3748 999 3785 cum
1019 3736 1314 3785 Romanam
1333 3734 1633 3785 Ecclesiam
1653 3752 1694 3785 s.
1707 3751 1751 3785 s.
1769 3736 1957 3784 Petrus
1977 3740 2031 3785 et
2047 3735 2251 3785 Paulus
2273 3737 2670 3785 constituerent.

224 3814 727 3871 Animadvertendum
774 3820 907 3871 illud
950 3826 1256 3887 praeterea,
1305 3820 1448 3888 quod
1494 3823 1758 3871 neminem
1802 3822 1996 3887 fugiat3
2042 3820 2460 3886 haudquaquam
2496 3820 2671 3869 dicere

222 3898 263 3948 d-
284 3902 565 3956 Irenaeum:
593 3907 930 3972 evangelium
956 3924 997 3957 s.
1012 3907 1179 3957 Marci
1205 3910 1476 3973 scriptum,
1505 3907 1599 3958 sed
1624 3906 1874 3958 traditum
1901 3904 2285 3974 ,,παραδέδωκε“
2312 3912 2436 3971 post
2459 3905 2508 3954 d.
2527 3906 2670 3954 Petri

224 3992 265 4034 et
280 3988 415 4040 Pmli
434 3988 685 4052 ,,ἔξοδον.“
722 3994 855 4043 Post
874 4008 1031 4059 quam
1050 4009 1237 4043 vocem
1263 3994 1688 4044 subaudiendum
1713 3993 2177 4059 supplendumque
2201 3998 2447 4058 putamus
2473 3988 2560 4053 „ix
2584 3991 2669 4040 τοῦ

226 4068 359 4135 βίον*
392 4078 632 4129 Lectioni
660 4078 787 4128 huic
812 4094 995 4129 omnes
1020 4079 1260 4143 codices3
1298 4079 1521 4130 Rufinus
1548 4095 1779 4145 quoque,
1815 4080 1906 4145 qui
1932 4080 2010 4129 sic
2034 4080 2340 4144 loquentem
2376 4076 2666 4127 Eusebium

222 4156 327 4209 fecit
360 4171 503 4229 „post
538 4180 767 4230 quorum
804 4167 1052 4227 exitum“,
1093 4182 1144 4232 μ..
1179 4164 1221 4214 ὃ.
1262 4182 1303 4215 τ.
1343 4162 1506 4225 ἔξοδον
1548 4166 1722 4229 favet3
1761 4166 2067 4231 suffragium
2108 4165 2339 4229 denique
2377 4163 2480 4213 fert
2515 4168 2668 4212 vetus

224 4242 459 4301 &Irenaei
482 4252 747 4317 interpres
770 4250 971 4301 latinus
992 4256 1145 4316 „post
1168 4252 1354 4302 horum
1374 4268 1502 4302 vero
1522 4256 1829 4302 excessum“
1858 4250 2100 4301 redde-ns.
2138 4248 2442 4299 Difficultas
2462 4250 2517 4298 in
2535 4264 2669 4299 voce

224 4327 420 4392 ,.!}oBo;“
454 4337 683 4388 haerens
721 4339 932 4387 occasio
970 4337 1156 4403 procul
1194 4338 1357 4387 dubio
1388 4339 1491 4388 fuit
1526 4340 1832 4388 mutationis
1869 4338 1924 4387 in
1959 4341 2106 4385 textu
2143 4352 2183 4385 s.
2211 4335 2420 4385 Irenaei
2457 4350 2492 4385 a
2528 4351 2666 4385 com-

224 4416 413 4479 pilatore
448 4422 687 4473 Catenae
726 4422 779 4473 S.
806 4422 859 4472 S.
893 4424 955 4473 P.
980 4423 1041 4473 P.
1086 4424 1141 4473 in
1178 4424 1385 4489 Evang.
1412 4424 1463 4473 d.
1488 4424 1673 4486 Marci,
1713 4438 1872 4489 quam
1908 4423 1967 4472 P.
2001 4422 2256 4473 Possinus
2291 4420 2344 4471 S.
2376 4422 2426 4472 J.
2464 4422 2669 4473 Romae

227 4504 349 4555 1673.
388 4508 651 4575 vulgavit3
696 4508 792 4558 ubi
828 4526 879 4575 p.
917 4511 966 4558 5.
1012 4509 1147 4559 haec
1182 4525 1224 4560 s.
1258 4510 1431 4561 Patris
1467 4510 1638 4560 verba
1673 4512 1748 4559 ita
1785 4509 2048 4559 habentur
2095 4501 2254 4575 ,,μετὸι
2295 4505 2383 4572 τὴν
2427 4508 2512 4559 τοῦ
2549 4502 2671 4558 κατὰ

226 4585 435 4644 Matonem
470 4592 755 4665 εὐαγγελίου
800 4591 1043 4645 {nocem-‘⁶
1102 4594 1345 4647 Eandem
1379 4596 1660 4647 lectionem
1696 4612 1725 4646 e
1763 4597 2074 4646 coniectura
2115 4596 2172 4645 in
2221 4594 2460 4647 Eusebio
2507 4596 2667 4645 inter-
