3267 5259
601 434 685 499 28
1367 450 1486 491 nist.
1514 459 1605 491 rev.
1633 448 1725 491 div.
1752 448 1923 491 ren-iod.
1952 450 1987 491 Ι.
2006 460 2103 501 esp.
2130 450 2327 501 prinum.

611 640 713 673 nec
757 622 995 673 homines
1043 624 1290 687 iuvabat,
1337 624 1433 675 scd
1481 625 1769 690 gravabat,
1816 625 1939 675 ideo
1986 641 2141 676 nemo
2185 627 2244 675 in
2286 641 2353 676 ea
2396 628 2627 677 surrexit
2668 628 2845 676 maior
2890 626 3089 678 Joanne

603 711 876 776 Baptista3
905 716 1094 777 postea
1128 716 1330 761 remoto
1365 712 1528 777 Legis
1563 713 1957 779 impedimento,
1996 713 2164 764 effusa
2198 714 2387 778 gratia,
2424 718 2631 763 tantum
2666 716 2905 780 quisque
2942 718 3087 780 capit,

609 802 868 862 quantum
902 798 1098 847 virtute
1145 802 1198 847 et
1233 799 1410 848 animo
1448 799 1745 861 contendit,
1785 804 1839 849 et
1871 799 1993 850 ideo
2033 802 2124 865 qui
2156 802 2215 849 in
2258 816 2423 866 regno
2472 801 2743 851 coelorum
2788 804 2971 851 minor
3004 809 3087 863 est,

605 884 776 934 maior
812 888 894 934 est
927 884 1036 934 illo.
1098 883 1188 934 Sic
1224 886 1500 936 antithesis
1538 888 1677 935 inter
1720 886 2075 952 Evangelium
2112 891 2167 936 et
2200 886 2427 952 Legem,
2466 902 2575 953 qna
2622 887 2898 938 Christum
2948 904 3089 938 usum

605 972 771 1022 fuisse
806 972 1148 1037 perspicuum
1185 978 1290 1033 est,
1330 976 1384 1022 et
1423 974 1566 1023 inter
1597 973 1887 1037 Evangelii
1922 978 1977 1022 et
2009 972 2173 1039 Legis
2210 988 2471 1039 personas
2506 976 2781 1040 aptissime
2830 977 3087 1025 convenit.

607 1058 642 1107 J
647 1058 836 1108 oannis
881 1059 1066 1124 utique
1104 1057 1433 1109 Oeconomia
1469 1060 1537 1109 ab
1575 1060 1911 1126 Evangelica
1943 1066 2233 1126 utcumque
2278 1060 2597 1122 dissidebat,
2637 1077 2779 1128 qnae
2814 1078 2889 1111 ne
2926 1070 3088 1113 mente

605 1146 817 1212 quidem
854 1159 888 1194 a
923 1160 1086 1210 regno
1126 1145 1408 1195 Coelorum
1445 1148 1478 1195 i.
1505 1163 1552 1197 e.
1577 1146 1829 1197 Ecclesia
1863 1147 2044 1197 divelli
2080 1153 2272 1213 potest.
2334 1150 2471 1198 Erat
2504 1150 2645 1198 enim
2688 1149 2956 1211 doctrina,
2992 1164 3087 1214 qua

602 1232 850 1299 discipuli
885 1232 1166 1297 Baptistae
1200 1233 1592 1295 imbuebantur,
1630 1233 1990 1299 imperfectior
2026 1235 2353 1299 evangelica.
2412 1235 2565 1285 Matt.
2590 1238 2639 1299 9,
2669 1239 2751 1286 14.
2784 1253 2829 1287 s.
2870 1240 2921 1299 2,
2950 1238 3028 1285 18.
3050 1254 3085 1286 s.

603 1320 684 1371 Cf.
727 1320 778 1371 J.
811 1319 971 1370 Khell
1025 1318 1079 1367 S.
1115 1318 1196 1381 J.,
1233 1320 1470 1386 Eccloge
1513 1321 1627 1371 obs.
1682 1321 1739 1370 in
1784 1322 1848 1371 N.
1884 1321 1948 1370 Τ.
1984 1321 2150 1372 libros
2185 1322 2375 1371 Vienn.
2412 1324 2563 1371 1751.
2600 1339 2653 1388 p.
2690 1325 2774 1373 63.
2812 1340 2860 1373 s.
2908 1323 3085 1388 Itaque

600 1407 820 1474 Apelle,
857 1407 986 1457 licet
1021 1400 1140 1474 ἀνὴρ
1184 1402 1378 1475 λόγιος,
1423 1400 1624 1465 δυνατὸς
1670 1407 1741 1457 ὢν
1778 1404 1825 1457 ἐν
1860 1407 1965 1465 ταῖς
2010 1408 2247 1475 γραφαῖς,
2290 1414 2407 1459 erat
2448 1414 2659 1459 tantum
2702 1407 3087 1478 Χαιηχοὺμενος,

601 1497 841 1545 initiatus
877 1495 968 1544 via
991 1494 1223 1555 Domini,
1252 1510 1374 1543 cum
1407 1499 1616 1545 tantum
1653 1496 1816 1545 sciret
1849 1496 2117 1561 baptisma
2150 1496 2395 1546 Joannis.
2453 1496 2571 1545 Act.
2598 1498 2682 1557 18,
2708 1498 2792 1546 24.
2820 1498 2909 1547 25.
2963 1498 3085 1545 Eam

601 1582 770 1633 fuisse
813 1582 1090 1632 ministerii
1127 1582 1404 1648 Baptistae
1441 1582 1800 1632 conditionem
1836 1584 2105 1649 sapienter
2134 1597 2169 1632 a
2200 1582 2250 1631 (1.
2278 1582 2477 1647 Cyrillo
2512 1582 2881 1634 Alexandrino
2919 1585 3085 1634 obses·

601 1673 758 1718 vatur
782 1668 852 1717 ad
876 1667 1072 1718 Joann.
1093 1669 1142 1730 5,
1169 1670 1252 1719 35.
1273 1665 1486 1731 ,,ἐκεῖνος
1503 1660 1562 1738 ᾖν
1600 1663 1625 1718 ὅ
1660 1666 1878 1739 λύχνος“
1900 1668 2251 1732 „Lucci-nam,
2279 1684 2419 1735 quae
2442 1671 2499 1719 in
2522 1669 2877 1721 tabernaculo
2910 1675 3085 1721 sancto

603 1760 718 1805 erat
753 1760 809 1805 et
843 1760 994 1806 extra
1028 1756 1208 1829 yelum
1241 1756 1474 1819 lucebat,
1515 1756 1753 1807 divinum
1796 1757 1832 1807 ,1
1836 1772 2063 1807 oannem
2108 1772 2227 1807 esse
2264 1756 2509 1819 diximus,
2547 1772 2687 1823 quae
2724 1758 2847 1808 oleo
2884 1757 3087 1823 quidem

605 1844 888 1909 purissimo
917 1844 1218 1907 fovebatur,
1247 1844 1351 1895 hoc
1382 1850 1464 1895 est
1491 1844 1881 1895 illuminatione
1916 1844 2159 1911 spiritali.
2212 1844 2383 1893 Extra
2412 1844 2591 1895 velum
2620 1850 2815 1907 autem,
2845 1846 3088 1910 qnoniam

603 1930 848 1980 doctrina
883 1932 998 1981 eius
1035 1934 1413 1998 praeparativa
1448 1932 1564 1981 fuit.
1619 1933 1773 1993 Quae
1818 1938 1997 1982 autem
2042 1936 2195 1982 erant
2237 1933 2380 1981 intra
2420 1931 2601 1982 velum
2644 1932 2695 1981 h.
2732 1948 2780 1981 e.
2828 1932 3089 1983 occultum

604 2015 800 2068 Christi
859 2020 1184 2084 mysterium,
1243 2017 1390 2069 haud
1435 2018 1660 2069 multum
1718 2018 2007 2085 patefacit.
2026 2054 2041 2068 .
2060 2055 2076 2068 .
2096 2054 2110 2068 .
2188 2019 2275 2069 Ea
2335 2034 2473 2084 quae
2532 2024 2661 2071 sunt
2716 2021 2861 2069 intra
2918 2018 3088 2069 velum

605 2103 929 2155 denudanda
964 2105 1234 2171 relinquat
1269 2107 1336 2168 ei,
1373 2107 1466 2171 qui
1500 2122 1597 2172 per
1630 2108 1809 2172 ignem
1846 2110 1901 2157 et
1934 2107 2177 2173 spiritum
2212 2106 2501 2173 baptizat.“
2543 2106 2635 2169 IV,
2674 2109 2723 2155 2.
2760 2106 2853 2167 IV,
2892 2108 3011 2155 356.

809 2190 1062 2243 Historiis
1097 2192 1205 2242 divi
1229 2192 1264 2241 J
1269 2194 1458 2243 oannis
1481 2192 1761 2258 Baptistae
1786 2192 1943 2243 finem
1966 2194 2263 2259 imposituri
2288 2198 2547 2243 tractatus
2582 2209 2925 2245 recensemus
2958 2196 3015 2243 in
3038 2192 3085 2243 S.

601 2276 866 2328 Joannem
893 2278 1192 2344 Baptistam
1217 2281 1460 2345 scriptos,
1490 2280 1560 2329 ad
1579 2296 1715 2345 quos
1732 2279 1989 2345 legendos
2007 2278 2060 2329 S.
2075 2279 2129 2329 S.
2153 2280 2457 2345 diligentem
2474 2280 2772 2332 studiosum
2790 2281 3085 2331 invitamus.

605 2362 741 2415 Sunt
776 2366 857 2416 hi:
894 2367 947 2417 J.
971 2366 1356 2429 F.Burchard,
1395 2366 1462 2417 de
1496 2368 1790 2417 ministerio
1827 2366 2108 2417 Johannis.
2144 2368 2293 2433 Lips.
2334 2369 2485 2417 1619.
2516 2366 2579 2417 A.
2616 2366 2845 2429 Glauch,
2883 2368 2949 2417 de
2982 2368 3085 2415 vita

601 2452 896 2519 Baptistae.
945 2453 1094 2519 Lips.
1124 2456 1276 2505 1659.
1300 2454 1360 2504 Ρ.
1389 2454 1593 2504 Canisii
1629 2452 1682 2503 S.
1708 2454 1778 2516 J.,
1806 2456 2299 2504 commentariorum
2338 2454 2405 2504 de
2437 2454 2603 2504 Verbi
2636 2454 2743 2503 Dei
2780 2454 3083 2519 corruptelis

603 2541 688 2590 ad.
724 2540 876 2591 Ceut.
913 2540 1161 2607 Magdeb.
1195 2547 1233 2590 t.
1265 2542 1309 2591 Ι.
1347 2542 1414 2591 de
1451 2540 1504 2590 S.
1539 2542 1911 2591 Praecursoris
1946 2542 2166 2591 Domini
2217 2541 2269 2591 J.
2324 2541 2602 2607 Baptistae
2636 2541 2881 2591 Historia
2916 2542 3081 2589 Evan-

602 2626 791 2693 gelica.
850 2628 1102 2693 Dilingae
1152 2630 1302 2678 1571.
1341 2628 1399 2678 C.
1444 2627 1598 2690 Olde,
1647 2627 1773 2678 diss.
1818 2627 1883 2677 de
1927 2627 2064 2677 dom.
2108 2629 2280 2689 victu,
2316 2629 2515 2679 amictu
2551 2627 2603 2677 J.
2644 2628 2710 2677 B.
2752 2628 2903 2677 Rost.
2942 2628 3083 2677 1658.

597 2712 649 2763 ,1.
686 2714 976 2776 Chremitz,
1029 2715 1095 2765 de
1140 2716 1286 2765 victu
1329 2715 1486 2781 Bapt.
1523 2714 1673 2779 Lips.
1720 2716 1871 2764 1659.
1931 2714 1989 2763 C.
2024 2714 2193 2776 Bock,
2229 2714 2295 2764 de
2330 2715 2477 2780 bapt.
2516 2714 2713 2763 Joann.
2750 2714 2905 2763 Witt.
2944 2715 3081 2763 1685.

597 2800 660 2851 A.
684 2800 890 2866 wittig‚
916 2802 1113 2853 Joann.
1133 2802 1279 2868 bapt.
1299 2802 1450 2851 Witt.
1480 2803 1628 2852 1686.
1677 2802 1737 2851 Ρ.
1762 2800 1931 2863 Rabe,
1959 2800 2025 2851 de
2048 2802 2195 2850 victu
2218 2801 2270 2851 J.
2296 2801 2355 2849 B.
2382 2802 2620 2866 Regiom.
2648 2802 2801 2852 1685.
2838 2801 3081 2851 Eiusdem

600 2888 666 2937 de
703 2889 916 2937 amictu.
954 2888 1026 2937 ib.
1065 2890 1215 2938 1693.
1249 2890 1304 2938 in
1340 2888 1500 2939 Thes.
1539 2906 1661 2939 nov.
1698 2905 1751 2953 p.
1787 2890 1905 2937 122.
1938 2904 1981 2938 s.
2019 2890 2135 2937 131.
2170 2904 2212 2938 s.
2275 2886 2334 2937 C.
2370 2887 2616 2949 Cellarii,
2652 2889 2909 2937 memoria
2944 2887 2993 2937 J.
3026 2887 3081 2935 B.

599 2974 826 3024 Merseb.
856 2976 1005 3025 1692.
1032 2974 1093 3025 B.
1119 2974 1182 3025 F.
1206 2975 1490 3040 Wegener,
1517 2975 1584 3025 de
1606 2977 1721 3025 vita
1743 2975 1940 3025 Joann.
1964 2974 2027 3023 B.
2053 2974 2203 3023 Witt.
2234 2974 2384 3023 1698.
2422 2973 2481 3023 C.
2508 2972 2827 3041 Schloepke,
2852 2974 3081 3023 Joanues

599 3057 820 3129 ἐρμάζον.
857 3060 1006 3126 Lips.
1035 3062 1184 3111 1699.
1231 3060 1283 3110 S.
1309 3060 1574 3127 Basnage,
1599 3062 1793 3111 Annal.
1818 3078 1869 3126 p.
1897 3060 2025 3110 eccl.
2050 3060 2291 3110 Rotterd.
2320 3062 2469 3110 1706.
2506 3061 2549 3123 Ι,
2576 3062 2697 3111 239.
2722 3077 2764 3111 s.
2802 3061 2871 3109 H.
2897 3061 3079 3119 Witsii

599 3147 664 3197 de
701 3149 812 3198 vita
845 3146 899 3197 J.
936 3147 1015 3209 Β.,
1053 3148 1109 3197 in
1143 3147 1369 3198 Miscell.
1397 3166 1437 3199 s.
1463 3148 1551 3211 11.,
1579 3150 1697 3199 367.
1734 3165 1775 3199 s.
1835 3147 1887 3197 J.
1924 3146 1986 3197 G.
2020 3146 2177 3208 Jocb,
2216 3147 2282 3197 de
2318 3148 2576 3197 mortibus
2612 3164 2753 3213 pers.
2787 3147 2838 3197 J.
2872 3147 2937 3195 B.
2968 3146 3079 3195 Jen.

600 3236 750 3285 1709.
787 3234 839 3284 ,1.
873 3234 924 3284 ,1.
961 3234 1262 3300 Hottinger,
1300 3234 1350 3284 J.
1375 3235 1437 3285 B.
1465 3236 1666 3286 Histor.
1702 3235 1883 3285 chron.
1909 3234 2036 3283 Tur.
2065 3235 2216 3283 1717.
2250 3233 2375 3284 diss.
2410 3232 2625 3295 1—111.‚
2652 3236 2815 3283 etiam
2848 3234 2905 3282 in
2940 3234 3079 3281 Pent.

599 3321 725 3371 diss.
762 3321 890 3371 bibl.
934 3321 1078 3371 Trai.
1113 3322 1182 3371 ad
1215 3321 1314 3371 Rh.
1355 3323 1507 3372 1723.
1541 3339 1594 3387 p.
1634 3324 1749 3371 123.
1790 3338 1831 3371 s.
1882 3320 1933 3371 J.
1970 3320 2039 3369 H.
2074 3320 2383 3386 Hottinger,
2423 3320 2489 3369 de
2526 3319 2579 3369 S.
2608 3320 2841 3370 Joannis
2886 3320 3077 3385 Baptis.

597 3409 782 3473 Tiguri
821 3410 980 3470 1727,
1017 3408 1069 3458 J.
1107 3408 1164 3458 O.
1201 3408 1547 3471 Endemann,
1586 3408 1653 3458 de
1688 3410 1803 3458 vita
1835 3408 1887 3458 J.
1922 3406 1985 3457 B.
2020 3406 2201 3457 Herzf.
2237 3408 2389 3456 1752.
2437 3406 2688 3472 Deyling,
2726 3406 2795 3456 de
2817 3406 2869 3456 J.
2894 3407 2957 3455 B.
2980 3414 3077 3455 nat.

599 3493 753 3545 educ.
789 3496 912 3545 vict.
949 3510 1080 3545 mor.
1105 3511 1249 3545 mun.
1277 3494 1450 3561 suppl.
1477 3494 1606 3546 Obs.
1634 3512 1677 3546 s.
1701 3495 1799 3557 m,
1829 3497 1911 3545 26.
1937 3511 1988 3560 p.
2018 3496 2133 3544 196.
2160 3510 2201 3544 s.
2248 3494 2308 3543 P.
2337 3494 2504 3555 Zorn,
2544 3492 2744 3559 Opusc.
2780 3508 2916 3543 sacr.
2944 3492 3077 3542 Alto-

599 3583 794 3632 naviae
820 3584 971 3633 1731.
998 3599 1048 3648 p.
1077 3584 1158 3632 74.
1185 3598 1226 3633 s.
1252 3582 1302 3632 J.
1331 3581 1392 3631 G.
1417 3582 1555 3643 Rau,
1583 3582 1649 3632 de
1673 3581 1867 3632 Joann.
1892 3581 1955 3631 B.
1980 3582 2037 3630 in
2060 3596 2171 3630 rem
2198 3580 2374 3631 christ.
2400 3580 2538 3631 stud.
2564 3596 2607 3631 s.
2632 3580 2675 3630 L
2699 3580 2769 3630 H.
2794 3580 2913 3630 Ecl.
2941 3582 3076 3630 1785.

597 3669 874 3719 Thaddaei
919 3684 953 3720 a
989 3668 1041 3718 S.
1077 3668 1283 3719 Adamo
1309 3696 1373 3705 -
1400 3669 1632 3719 Dereser
1654 3696 1720 3705 —
1747 3668 1814 3718 de
1865 3670 2011 3717 victu
2047 3668 2098 3718 J.
2132 3668 2195 3717 B.
2228 3667 2398 3717 Bonn.
2439 3668 2607 3729 1785.,
2644 3682 2803 3717 recus
2848 3668 2903 3716 in
2948 3667 2999 3716 J.
3030 3664 3075 3714 J.

597 3755 805 3817 Mffller,
844 3756 911 3806 de
946 3758 1092 3806 victu
1126 3756 1178 3806 J.
1205 3756 1266 3805 B.
1299 3756 1370 3805 ib.
1400 3756 1549 3805 1829.
1589 3755 1647 3805 C.
1673 3756 1737 3805 V.
1762 3754 2143 3817 Kindervater,
2182 3754 2248 3804 de
2282 3754 2463 3804 indole
2500 3770 2565 3804 ac
2599 3755 2637 3803 f.
2674 3756 2827 3820 regni
2860 3754 3077 3803 Messias

600 3858 630 3892 e
665 3848 841 3893 mente
876 3843 928 3893 J.
954 3843 1015 3892 B.
1040 3843 1190 3909 Lips.
1220 3844 1369 3893 1802.
1419 3842 1478 3892 C.
1503 3842 1568 3891 F.
1592 3842 1833 3903 Ammon,
1872 3858 1949 3907 pr.
1976 3842 2043 3891 de
2080 3841 2246 3891 doctr.
2272 3845 2328 3891 et
2348 3846 2501 3890 mort.
2526 3840 2577 3890 J.
2602 3840 2665 3890 B.
2691 3840 2910 3905 Erlang.
2940 3841 3075 3889 1809.

599 3928 657 3979 C.
693 3929 756 3978 F.
794 3930 1166 3993 Zeigermann,
1217 3928 1282 3979 de
1327 3944 1470 3978 cons.
1517 3944 1623 3994 quo
1669 3928 1865 3978 Joann.
1900 3929 2029 3978 disc.
2068 3928 2136 3977 ad
2174 3927 2295 3978 Chr.
2332 3928 2617 3993 ablegavit.
2666 3927 2859 3977 Numb.
2892 3926 3075 3984 1—-111‚

603 4017 890 4067 1814—18.
938 4015 989 4065 J.
1016 4015 1078 4065 F.
1101 4015 1306 4080 Abegg,
1334 4016 1399 4065 de
1423 4016 1636 4066 Joanne
1662 4014 1723 4064 B.
1751 4031 1825 4065 or.
1852 4015 2008 4065 Heid.
2034 4016 2185 4065 1820.
2227 4014 2279 4064 J.
2304 4014 2374 4064 Η.
2402 4013 2468 4063 de
2490 4014 2869 4079 Wessenberg,
2894 4013 3075 4063 Joann.

600 4102 649 4152 d.
675 4102 958 4153 Vorliiuser
983 4100 1044 4151 C.
1071 4102 1252 4152 Const.
1275 4104 1425 4151 1821.
1459 4101 1527 4150 D.
1547 4100 1680 4163 Bax,
1702 4118 1845 4167 spec.
1872 4102 1939 4151 de
1962 4101 2161 4151 Jonnn.
2187 4101 2249 4150 B.
2274 4100 2447 4165 Lugd.
2472 4100 2534 4149 B.
2564 4101 2715 4149 1821.
2754 4100 2825 4149 Η.
2844 4100 3073 4158 Nonnen,

599 4189 666 4238 de
701 4188 946 4240 Christol.
971 4189 1023 4239 J.
1049 4189 1110 4238 B.
1139 4188 1281 4238 Gott.
1309 4190 1460 4239 1824.
1508 4188 1560 4238 J.
1589 4187 1651 4238 G.
1678 4188 1948 4253 Leopold,
1984 4188 2179 4238 Joann.
2216 4187 2267 4236 d.
2302 4187 2517 4236 Taufer.
2553 4186 2677 4237 Hal.
2707 4188 2859 4237 1825.
2906 4185 3073 4243 Bleck,

597 4276 1008 4340 Bemerkungen
1033 4292 1077 4325 z.
1104 4276 1168 4325 E.
1195 4276 1245 4326 J.
1271 4277 1330 4325 in
1353 4290 1476 4325 ann.
1503 4274 1579 4324 St.
1607 4290 1659 4323 u.
1680 4276 1745 4324 K.
1769 4277 1917 4325 1823.
1944 4292 1995 4341 p.
2022 4275 2141 4324 435.
2168 4290 2209 4325 s.
2246 4274 2310 4323 L.
2336 4274 2402 4323 de
2426 4272 2667 4333 Rohden‚
2694 4273 2782 4323 Jo.
2810 4274 2859 4323 d.
2884 4273 2945 4322 T.
2968 4288 3015 4321 u.
3036 4288 3073 4319 s.

598 4361 733 4411 Leb.
771 4376 822 4411 u.
847 4362 1086 4412 Wirken.
1123 4362 1260 4412 Liib.
1299 4364 1450 4412 1838.
1501 4361 1831 4424 Gademann,
1856 4368 1907 4412 fl.
1936 4362 1985 4411 (1.
2011 4360 2303 4411 Verbalten
2325 4360 2447 4434 Joa.
2474 4360 2524 4408 d.
2550 4360 2708 4409 Titus.
2735 4376 2781 4409 z.
2806 4361 2993 4419 Herm,
3026 4359 3073 4406 in

600 4448 656 4497 Z.
681 4446 718 4496 f.
742 4447 778 4497 l.
803 4447 900 4497 Th.
929 4448 1078 4497 1852.
1103 4448 1140 4497 f.
1165 4448 1256 4497 lv.
1307 4448 1366 4497 B.
1396 4447 1575 4507 Gams,
1602 4447 1641 4497 J
1642 4447 1881 4498 ohannes
1918 4448 2013 4497 der
2048 4447 2248 4497 Taufer
2270 4448 2343 4497 im
2374 4446 2749 4511 Gefflngnisse.
2774 4447 2910 4497 ΤΗΙ).
2938 4446 3070 4496 1853.

602 4530 762 4600 Sepp,
787 4534 974 4585 Leben
997 4534 1146 4583 Jesu.
1171 4534 1242 4597 11,
1272 4536 1317 4583 1.
1342 4550 1394 4601 p.
1421 4536 1504 4583 22.
1530 4535 1614 4583 54.
1652 4536 1702 4596 2,
1730 4550 1779 4600 p.
1806 4536 1891 4584 43.
1916 4550 1959 4585 s.
1988 4536 2103 4584 153.
2132 4550 2171 4584 s.
