3267 5259
1180 466 1381 509 christus
1410 468 1597 518 patiens.
2512 454 2634 519 139

198 637 389 713 Jesum
428 636 703 723 flagellis
752 638 1162 704 caedendum
1206 642 1555 726 permissit:
1617 648 1707 721 ,et
1748 640 1908 704 illud
1952 641 2464 704 sacratissimum
2497 663 2634 706 cor-

198 773 295 835 pus
318 758 667 836 pectusque
697 750 827 815 Dei
860 774 1095 837 caan,
1126 751 1389 837 flagella
1416 756 1788 817 secuerunt‘
1813 754 1851 817 ¹.
1911 751 2270 836 Postquam
2301 753 2368 816 in
2400 751 2636 817 Christi

198 882 395 946 eorpus
437 861 672 927 cohors
714 861 989 947 flagellis
1034 865 1285 947 saeviit,
1330 865 1578 948 regiam
1626 862 2009 948 dignitatem
2050 861 2326 927 hominis
2357 862 2635 929 ludibrio

199 974 553 1058 excipientes
598 973 837 1039 milites
881 997 1183 1060 pannosa
1241 996 1533 1062 purpura
1586 974 1768 1039 illum
1820 976 2162 1039 vestiunt2.
2225 974 2554 1040 Coronam
2601 998 2637 1041 e

196 1082 462 1150 rhamno-⁹·
502 1086 880 1169 nectebant,
929 1108 1075 1151 eam
1122 1087 1387 1173 quidem
1434 1088 1650 1173 capiti,
1696 1086 2082 1151 arundinem
2127 1108 2287 1152 vero
2323 1086 2638 1153 dexterae

196 1196 519 1281 imposuere
532 1202 578 1262 ⁴.
645 1197 856 1263 Flexo
902 1220 1080 1284 genu
1108 1221 1336 1284 regem
1377 1198 1837 1281 salutaverant,
1885 1222 2141 1265 sacrum
2174 1198 2410 1264 Christi
2442 1209 2641 1286 caput

196 1309 467 1374 arundine
521 1310 985 1396 percutiebant
1004 1316 1046 1376 ⁵.
1122 1312 1245 1376 His
1302 1335 1435 1377 non
1499 1313 1789 1378 contenti
1845 1314 2081 1398 impuri
2142 1311 2438 1377 homines
2485 1333 2636 1376 con-

198 1432 469 1505 spuerunt
532 1423 769 1489 Jesum
838 1434 906 1489 et
966 1423 1214 1489 dabant
1258 1427 1319 1490 ei
1362 1424 1620 1511 alapas,
1666 1433 1846 1489 tanto
1888 1426 2118 1490 maiori
2163 1423 2408 1506 dolore,
2463 1423 2640 1509 quod

196 1534 381 1616 spinae
424 1556 711 1600 coronae
759 1538 852 1601 sic
898 1536 1089 1602 altius
1141 1538 1684 1623 imprimerentur.
1745 1537 1935 1601 Haec
1995 1538 2242 1601 Pilatus
2301 1537 2440 1600 fieri
2493 1558 2640 1622 per-

196 1647 375 1729 mittit,
434 1657 505 1713 ut
548 1651 789 1713 satiata
833 1651 1137 1735 iniquitas
1184 1650 1266 1714 de
1320 1651 1686 1714 innocentis
1740 1650 2013 1732 iniuriis,
2075 1648 2242 1714 ultro
2305 1671 2438 1713 non
2500 1670 2639 1712 sae-

200 1758 345 1824 viret.
402 1759 653 1825 Verum
712 1763 1031 1847 pertinaci
1090 1761 1335 1827 malitia
1392 1763 1674 1848 propriis
1732 1762 2098 1847 augmentis
2158 1761 2472 1846 gliscente
2491 1809 2509 1843 ,
2572 1761 2641 1823 in

197 1889 355 1952 quem
394 1871 711 1938 illusionis
754 1875 855 1939 ius
902 1872 1292 1957 obtinuerat,
1340 1874 1652 1960 exigebat
1696 1884 1764 1939 et
1806 1876 2049 1939 mortis.

198 2166 371 2217 decerni
421 2171 535 2220 sine
590 2171 779 2219 mortis
835 2171 1117 2221 sententia.
1187 2170 1267 2220 cf.
1308 2171 1581 2221 Ciceronis
1627 2172 1686 2220 in
1734 2171 1970 2232 Verrem,
2018 2170 2132 2220 Act.
2161 2170 2232 2233 11,
2271 2170 2308 2220 l.
2333 2170 2396 2231 V,
2438 2172 2520 2221 62.
2559 2170 2642 2220 ed.

195 2251 368 2318 Bipont.
392 2255 481 2319 IV,
510 2258 633 2307 158.
674 2256 919 2321 Dionysii
941 2256 1233 2320 Halicarn„
1260 2256 1380 2307 Ant.
1399 2257 1550 2307 Rom.
1578 2257 1612 2307 1.
1639 2256 1734 2319 lx,
1751 2256 1833 2307 ed.
1858 2257 1920 2306 F.
1957 2256 2243 2322 Sylburgii‚
2271 2273 2324 2322 p.
2352 2258 2472 2308 596.
2489 2256 2642 2307 Man·

194 2338 341 2389 datum
386 2342 485 2393 hoc
522 2343 861 2393 exsecutioni
896 2343 1213 2393 mandantes
1256 2344 1451 2393 milites
1486 2344 1674 2393 Jesum
1721 2343 1997 2393 abducunt
2041 2345 2099 2393 in
2141 2345 2483 2410 praetorium,
2520 2345 2556 2393 i.
2595 2360 2640 2394 e.

193 2424 331 2489 ipsam
362 2428 537 2479 Pontii
572 2428 744 2479 Pilati
781 2429 1009 2479 domum.
1047 2430 1155 2491 Qui
1188 2432 1351 2496 virgis
1389 2430 1650 2481 caedendi
1689 2435 1858 2493 erant,
1895 2455 1961 2467 --
2001 2429 2144 2496 quod
2181 2430 2456 2480 honestius
2491 2430 2642 2480 habi-

193 2519 293 2572 tum,
322 2513 439 2565 licet
474 2530 579 2565 nec
614 2516 683 2565 iis
718 2517 776 2565 in
813 2518 983 2565 civem
1018 2531 1295 2566 romanum
1331 2517 1538 2567 saevire
1574 2532 1672 2581 per
1707 2517 1878 2582 legem
1914 2517 2158 2566 Porciam
2193 2516 2395 2566 liceret.
2430 2516 2636 2581 Digest.

193 2596 395 2650 XLVIII.
421 2602 486 2651 de
510 2603 731 2653 Poenis.
762 2604 843 2665 19,
873 2605 953 2652 10.
991 2632 1059 2640 -
1094 2603 1183 2653 vel
1218 2604 1345 2653 loris
1386 2603 1455 2653 ad
1491 2603 1708 2653 brevem
1745 2602 2062 2665 columnam,
2100 2616 2240 2669 quae
2275 2602 2419 2653 ultra
2439 2602 2644 2653 femora

192 2699 275 2733 non
304 2690 539 2751 perrexit,
575 2689 712 2739 nudi
748 2688 1070 2755 ligabant-ur.
1120 2689 1277 2751 Quod
1314 2693 1367 2739 et
1400 2690 1535 2739 Jesu
1572 2689 1784 2739 accidit.
1820 2689 2081 2740 Detracta
2114 2694 2262 2739 veste
2299 2688 2458 2739 solito
2495 2702 2640 2737 more

192 2769 505 2825 Romanorum
562 2776 783 2841 ligatus,
821 2776 1173 2825 barbarorum
1227 2776 1514 2839 hominum,
1554 2790 1688 2841 quos
1743 2776 1970 2825 aliorum
2028 2777 2256 2841 gemitus
2315 2780 2370 2825 et
2427 2776 2644 2827 miseria

192 2858 465 2924 delectabat,
502 2862 741 2913 furorem
776 2863 1047 2913 sustinuit.
1106 2862 1404 2925 Eusebius,
1440 2864 1589 2913 Eccl.
1626 2863 1768 2913 Hist.
1800 2863 1894 2925 IV,
1936 2864 2016 2912 15.
2043 2879 2094 2928 p.
2123 2865 2238 2913 129.
2275 2861 2552 2912 saevitiem
2585 2863 2644 2911 in

192 2942 483 3009 flagellandis
518 2949 847 3013 martyribus
884 2948 1187 3011 ostendens,
1234 2950 1418 2999 scribit
1460 2949 1800 3015 obstupuisse
1847 2964 2046 3011 omnes,
2094 2950 2186 3014 qui
2235 2948 2474 3011 aderaut,
2523 2964 2646 2998 cum

190 3030 287 3079 illos
315 3032 553 3085 viderent
586 3036 785 3100 partim
819 3035 1001 3100 flag-ris
1037 3034 1107 3085 ad
1140 3036 1355 3086 intimas
1390 3051 1564 3101 usque
1604 3050 1772 3086 venas
1821 3040 1876 3085 et
1920 3036 2144 3085 arterias
2189 3035 2448 3101 laniatos3
2504 3034 2640 3085 adeo

192 3124 236 3163 ut
262 3122 483 3185 eorporis
522 3122 767 3171 membra
802 3122 1015 3187 penitus
1052 3122 1329 3172 recondita
1362 3128 1415 3171 et
1437 3124 1650 3172 viscera
1681 3123 1802 3187 ipsa
1837 3124 2148 3187 conspectui
2183 3127 2441 3188 paterent.
2478 3123 2646 3173 Plura

190 3201 358 3255 dabunt
390 3206 441 3257 J.
476 3208 753 3270 Molanus,
801 3208 869 3257 de
903 3208 1145 3257 Historia
1178 3222 1221 3257 s.
1260 3224 1303 3257 s.
1350 3210 1642 3274 imaginum
1689 3208 1772 3258 ed.
1805 3208 2014 3259 Lovan.
2047 3224 2100 3273 p.
2138 3210 2258 3259 414.
2302 3209 2366 3259 A.
2403 3208 2642 3269 Sandini,

192 3288 393 3342 Historia
424 3294 667 3343 familiae
704 3308 892 3344 sacrae
928 3294 1012 3343 ed.
1037 3294 1213 3359 Lugd.
1238 3310 1289 3359 p.
1316 3297 1436 3344 342.

364 3396 400 3461 ¹)
436 3396 491 3447 S.
516 3398 897 3461 Hieronymus,
936 3396 1229 3448 Comment-
1252 3399 1309 3449 in
1333 3398 1521 3448 Matth.
1548 3400 1632 3461 27,
1661 3401 1743 3449 26.
1779 3400 1901 3461 VII,
1927 3400 2046 3449 230.
2081 3399 2316 3464 Dignum
2349 3402 2432 3449 est
2467 3400 2643 3461 etiam,

191 3481 305 3541 quod
328 3485 576 3535 recitetur
598 3485 771 3548 ignoti
795 3484 997 3534 Poetae
1033 3484 1314 3548 dystichon
1354 3485 1450 3545 „In
1483 3487 1679 3551 virgas,
1705 3486 1762 3535 in
1795 3484 1966 3551 flagra
2001 3484 2173 3547 datur,
2199 3487 2339 3551 rigat
2363 3485 2500 3536 atria
2527 3499 2644 3535 san-

190 3567 299 3627 ruis.
320 3569 491 3620 Verba
528 3569 803 3633 deficiunt,
830 3586 937 3621 non
972 3572 1225 3637 patientis
1250 3575 1445 3622 amor.“
1474 3571 1516 3636 ²)
1556 3570 1608 3621 S.
1633 3572 1962 3633 Ambrosius,
1999 3572 2054 3621 in
2080 3586 2197 3637 cap.
2233 3572 2435 3621 XXIII.
2459 3572 2644 3621 Lucae

190 3656 451 3717 suspicatus
506 3660 607 3719 est,
664 3672 773 3707 non
826 3671 989 3707 unam
1034 3662 1238 3708 vestem
1273 3658 1439 3709 fuisse
1492 3658 1590 3708 sed
1625 3658 1868 3709 diversas
1914 3656 2295 3723 „Chlamydem
2331 3660 2642 3709 coccineam

194 3738 395 3791 induitur
416 3757 452 3792 a
471 3744 751 3805 militibus,
790 3748 845 3793 et
866 3758 1185 3810 purpuram3
1222 3746 1277 3794 in
1302 3744 1475 3795 altera
1499 3744 1786 3810 designans
1811 3744 2019 3810 palmas
2043 3750 2354 3810 martyrum,
2393 3747 2449 3795 in
2474 3745 2646 3795 altera

192 3826 337 3888 legiae
378 3832 665 3895 potestatis
712 3831 993 3894 insignia.“
1040 3847 1091 3896 p.
1132 3832 1283 3881 1626.
1346 3830 1386 3896 ³)
1424 3829 1532 3880 Ofr.
1568 3830 1898 3894 Bartholini,
1954 3830 2020 3881 de
2069 3846 2228 3881 cruce
2265 3831 2515 3897 hypomn.
2569 3830 2641 3880 11.

192 3924 231 3971 p.
260 3914 360 3963 160.
390 3932 431 3965 a.
482 3915 537 3966 J.
572 3916 642 3965 Ε.
677 3914 917 3977 muneri,
957 3916 1085 3968 diss.
1124 3916 1189 3966 de
1226 3917 1395 3982 spinis
1430 3931 1665 3967 coronae
1701 3916 1922 3979 Christi,
1959 3918 2016 3966 in
2050 3917 2210 3968 Thes.
2247 3916 2320 3966 th.
2357 3934 2409 3980 p.
2447 3918 2564 3967 230.
2600 3932 2643 3966 s.

192 3996 225 4053 ’.ὓ
254 3996 387 4050 Haec
422 4004 607 4052 omnia
642 4002 715 4052 ad
745 4003 879 4053 Jesu
904 4001 1191 4052 ludibrium
1218 4003 1778 4069 exprobationemque,
1815 4003 1983 4053 veluti
2008 4003 2169 4053 stulte
2207 4002 2440 4053 affectati
2476 4003 2641 4067 reg-ni,

192 4096 465 4149 eeulpam-a
520 4088 707 4153 fuiss03
756 4087 851 4139 sed
900 4104 966 4139 ex
1011 4088 1237 4141 consilio
1272 4088 1377 4139 Dei
1413 4088 1483 4139 ad
1520 4090 1635 4141 eius
1671 4089 1896 4155 gloriam
1933 4104 2209 4152 conversa,
2247 4090 2378 4139 satis
2413 4092 2641 4139 constat.

192 4165 265 4218 Isti
286 4187 509 4239 nequam
531 4174 731 4225 milites
770 4190 1175 4241 „quaecumque
1210 4176 1469 4237 fecerunt,
1494 4174 1623 4225 licet
1658 4174 1770 4225 alia
1791 4180 1968 4225 mente
1992 4176 2232 4237 feceriut,
2257 4180 2437 4224 tamen
2466 4174 2638 4249 nobis,

194 4258 265 4316 qui
294 4260 549 4312 credimus
586 4266 939 4324 sacramenta,
989 4262 1339 4312 tribuerunt“.
1388 4260 1439 4311 S.
1466 4262 1842 4327 Hieronymus,
1879 4262 1914 4312 1.
1941 4278 1982 4312 s.
2009 4276 2054 4311 c.
2081 4278 2132 4327 p.
2159 4262 2276 4311 231.
2339 4259 2380 4325 ⁵)
2432 4260 2644 4310 Corona

196 4342 345 4405 spinea
368 4346 515 4399 duris
538 4348 790 4398 manibus
826 4362 1083 4413 percussa
1116 4350 1173 4398 in
1209 4349 1387 4414 capite
1424 4346 1720 4399 Salvator-is
1757 4363 1923 4398 novos
1965 4348 2168 4397 cruoris
2203 4347 2380 4397 fontes
2420 4348 2644 4412 aperuit.

196 4426 351 4482 „Certe
400 4460 469 4470 —-
523 4435 711 4485 scribit
744 4434 1137 4497 Tertullianus,
1175 4434 1242 4486 de
1279 4448 1481 4486 corona
1522 4435 1630 4485 mil.
1671 4436 1751 4483 14.
1789 4434 1832 4495 1,
1869 4436 1988 4485 201.
2044 4459 2111 4468 -
2165 4438 2376 4498 praeter
2422 4432 2644 4500 figuram

196 4520 480 4571 contumelia
523 4523 581 4570 in
628 4526 839 4588 promtu
886 4526 967 4571 est
1010 4558 1023 4571 .
1062 4558 1075 4571 .
1114 4558 1127 4571 .
1166 4556 1179 4571 .
1227 4528 1281 4572 et
1326 4521 1409 4572 his
1456 4521 1691 4587 implexa
1743 4520 1998 4583 saevitia,
2061 4535 2201 4586 quae
2255 4525 2384 4571 tunc
2429 4521 2647 4571 Domini

194 4607 399 4668 'tempora
432 4613 487 4657 et
521 4607 879 4659 foedaverunt
912 4612 967 4657 et
999 4608 1457 4659 lancinaverunt.“
