3267 5259
1138 492 1420 534 chronotaxis
1449 492 1723 545 Evangelica.
2543 480 2679 529 LIII

200 675 359 741 texta,
390 670 497 728 hoc
517 671 743 729 festum
768 692 891 730 non
918 674 1213 748 pertinere
1244 674 1317 731 ad
1341 672 1515 731 illum
1546 692 1768 731 annum
1802 673 1986 745 cuius,
2014 673 2257 731 initium
2289 674 2434 732 facit
2454 675 2678 733 Pascha

204 775 497 834 alterum
526 795 803 852 expresse
837 796 873 833 a
904 778 1043 836 divo
1070 778 1109 836 J
1109 798 1295 836 oanne
1326 782 1840 837 commemoratum
1866 775 1917 848 ¹;
1964 778 2256 837 antecedit
2285 780 2460 836 enim.
2525 778 2679 841 Quia

206 881 371 953 igitur
400 886 525 957 post
550 881 969 955 Decembrem,
1005 885 1235 961 quando
1265 882 1533 941 Christus
1568 884 1728 941 dixit
1759 884 2004 954 ,adhuc
2044 887 2354 961 qua-tuor
2399 903 2676 943 menses

210 991 357 1043 sunt
402 986 481 1043 ad
534 989 887 1058 messem‘3
945 988 1175 1046 nullum
1227 988 1389 1046 aliud
1442 985 1627 1061 legale
1679 988 1894 1045 festum
1944 988 2110 1062 prius
2156 990 2441 1061 occurrit,
2499 1008 2674 1067 quam

214 1091 439 1149 Pascha:
484 1110 837 1170 consequens
884 1094 1083 1169 itaque
1130 1098 1217 1150 est
1259 1114 1303 1151 e.
1338 1093 1375 1151 J
1376 1112 1625 1151 oannem
1644 1088 1670 1131 2
1714 1094 1783 1150 de
1813 1095 2005 1169 prima
2036 1093 2362 1151 festivitate
2392 1093 2670 1165 locutum,

220 1202 327 1271 post
364 1196 609 1255 reditum
640 1196 862 1255 Christi
908 1217 983 1255 ex
1010 1198 1047 1255 J
1050 1199 1233 1255 udaea
1261 1200 1327 1256 in
1357 1192 1623 1256 Galilaea
1652 1204 2008 1269 occurrente,
2055 1218 2230 1277 quam
2271 1198 2672 1257 celebraturus

224 1302 601 1379 Jerosolymam
642 1304 997 1361 ascenderat.
1060 1301 1284 1365 Quarta
1323 1302 1475 1361 ratio
1512 1308 1626 1375 est,
1679 1304 1734 1361 d.
1775 1303 1916 1381 quia
1961 1303 2071 1360 iste
2101 1304 2222 1361 dies
2257 1303 2437 1361 festus
2469 1300 2670 1380 ,eom-*0⁴

228 1407 533 1481 simpliciter
559 1414 617 1465 et
663 1428 789 1483 per
833 1409 1395 1465 antinomasiam
1438 1407 1765 1484 adpellatus
1796 1409 1967 1466 debet
2003 1408 2189 1484 accipi
2229 1428 2334 1484 pro
2361 1410 2672 1483 praecipuo

233 1519 278 1566 et
298 1512 583 1587 principali
606 1512 753 1570 festo
776 1512 814 1569 J
818 1513 1157 1583 udaeorum;
1193 1512 1364 1591 quale
1388 1517 1516 1571 erat
1536 1514 1776 1583 Pascha,
1811 1532 1943 1570 cum
1965 1512 2386 1571 solennitatum
2410 1512 2674 1570 onmium

232 1616 355 1672 foret
380 1616 535 1691 longe
566 1617 956 1687 nobilissima3
999 1618 1070 1675 ab
1102 1618 1208 1675 illa
1238 1619 1569 1694 pendebant
1598 1623 1839 1689 ceterae,
1873 1637 2022 1695 quae
2057 1618 2167 1676 hoc
2197 1618 2262 1675 in
2293 1616 2672 1677 fundamento

232 1719 383 1779 veluti
424 1720 825 1781 collocabatur.
892 1722 1099 1800 Itaque
1145 1723 1406 1781 absolute
1450 1723 1665 1780 festum
1716 1724 2053 1794 vocabatur,
2104 1726 2162 1779 et
2205 1722 2292 1781 ita
2335 1722 2674 1800 frequenter

230 1826 474 1901 accipitur
528 1827 591 1885 in
649 1828 995 1901 Evangeliis
1016 1824 1058 1885 ³.
1142 1828 1303 1885 Huic
1352 1830 1678 1885 sententiae
1737 1828 2146 1904 patrocinatur
2203 1826 2664 1905 antiquissimus,

228 1949 475 1989 annorum
500 1932 631 2007 plus
660 1932 843 2004 mille,
879 1934 1059 1990 codex
1090 1952 1258 2001 msS.;
1294 1936 1356 1990 in
1390 1951 1503 2011 quo
1534 1952 1639 2009 pro
1671 1931 1728 2008 ,ἡ
1763 1928 1919 2008 ἑῡρτὴ
1951 1932 2058 1987 τῶν
2095 1927 2374 2007 Ἰουδαίων,
2416 1930 2672 2005 legitur:

226 2032 271 2103 ,ἡ
314 2032 451 2110 ἑορτὴ
491 2038 597 2091 τῶν
642 2032 887 2109 ἀζύμων)ι
908 2035 951 2092 4.

399 2143 491 2198 36.
546 2142 705 2205 Quod
734 2145 791 2199 d.
818 2143 1056 2197 Joannis
1089 2148 1144 2214 5,
1178 2148 1224 2197 1.
1260 2141 1316 2215 ,ἡ
1352 2138 1529 2219 ἑορτὴί
1554 2144 1767 2213 pascha
1787 2142 1984 2211 fuerit,
2005 2144 2216 2212 probat
2248 2160 2290 2195 s.
2317 2144 2508 2198 Lucae
2543 2146 2596 2211 6,
2631 2146 2673 2198 1.

218 2239 481 2314 ,τέββπὉν
526 2240 1001 2323 &sarephtam-cv!
1063 2247 1181 2305 Ubi
1226 2249 1404 2307 verbo
1449 2247 1852 2323 potentissimo
1898 2267 2002 2305 suo
2033 2246 2357 2323 paralytico
2390 2248 2462 2305 ad
2494 2247 2670 2322 pisci-

216 2366 337 2405 nam
376 2352 681 2408 excubanti
713 2354 901 2409 robur
929 2352 1162 2410 suffecit
1206 2352 1471 2411 Christus
1492 2350 1550 2429 53
1597 2372 1670 2409 ne
1711 2352 1806 2411 vel
1853 2353 2228 2411 inimicorum
2271 2351 2674 2411 inflammaret

212 2453 393 2511 odium
433 2457 757 2530 praesentia
800 2476 934 2527 sua,
991 2458 1087 2515 vel
1140 2457 1371 2515 laudem
1425 2457 1765 2534 popularem
1817 2476 2096 2535 quaerere
2148 2456 2482 2516 videretur:
2535 2478 2674 2515 mox

208 2561 427 2617 emersit
453 2580 483 2617 e
512 2562 703 2633 turba,
749 2581 903 2640 quae
932 2563 1003 2620 ad
1036 2563 1322 2639 piscinam
1362 2562 1752 2621 confluxerat.
1815 2564 1906 2620 Ac
1933 2581 2193 2636 egressus
2223 2561 2668 2639 Hierosolymis,

206 2661 304 2719 illo
328 2666 445 2741 ipso
474 2666 567 2723 die
598 2686 700 2743 per
730 2672 859 2724 sata
890 2667 1217 2726 ambulavit
1236 2666 1277 2740 ⁶,
1310 2670 1413 2746 qui
1443 2674 1690 2728 vocatur
1720 2688 1756 2726 a
1795 2668 1853 2726 S.
1889 2668 2047 2726 Luca
2074 2669 2382 2727 sabbatum
2414 2664 2671 2745 δευτερὸ-

202 2784 415 2841 πρωτεν.
500 2772 631 2829 Non
690 2772 906 2830 desunt
962 2775 1244 2843 rationes,
1308 2774 1521 2852 quibus
1570 2775 1814 2849 probare
1867 2793 2193 2850 possumus,
2256 2774 2389 2831 sab
2407 2775 2442 2831 b
2461 2778 2672 2831 atum

202 2876 913 2952 seeundo-primum
958 2898 1117 2935 esse
1166 2880 1360 2956 quod
1408 2884 1481 2936 et
1525 2881 1848 2955 proprie
1895 2880 2012 2936 ita
2057 2880 2352 2936 dictum
2404 2882 2550 2949 est,
2600 2883 2675 2936 et

200 2996 595 3053 azymorum
634 2982 821 3039 diem
863 2984 1211 3060 sequitur.
1274 2984 1441 3041 Inter
1481 2984 1810 3059 potissimas
1851 2985 1962 3041 hae
2002 2988 2175 3041 sunt:
2213 2984 2366 3060 quod
2413 3001 2465 3038 α.
2496 2982 2672 3041 Sacra

398 3208 433 3271 ¹)
468 3207 664 3257 Joann.
700 3211 751 3269 6,
790 3209 839 3257 4.
914 3206 953 3273 ²)
992 3210 1040 3270 5,
1084 3211 1127 3257 1.
1202 3208 1245 3273 ³)
1284 3208 1471 3258 Matth.
1508 3210 1592 3271 26,
1632 3213 1680 3258 5.
1729 3210 1862 3258 Luc.
1899 3211 1948 3271 2,
1985 3210 2068 3257 42.
2116 3208 2311 3258 Joann.
2353 3211 2435 3271 12,
2466 3210 2545 3258 12.
2588 3210 2669 3269 13,

196 3294 293 3351 29.,
328 3296 475 3359 queis
510 3296 565 3343 in
600 3295 733 3345 locis
770 3310 867 3360 per
904 3294 1268 3344 excellentiam
1309 3294 1414 3345 diei
1452 3296 1574 3344 festi
1609 3294 1954 3360 intelligimus
1991 3294 2210 3345 Festum
2247 3294 2502 3345 Paschae.
2555 3295 2668 3345 Imo

194 3378 325 3429 idem
362 3398 405 3430 s.
436 3380 675 3431 Joannes
724 3396 789 3432 eo
828 3383 1023 3432 rectius
1060 3382 1161 3431 hoc
1198 3381 1463 3432 vocabulo
1502 3382 1712 3431 Pascha
1748 3382 2027 3447 designare
2071 3387 2305 3447 poterat,
2353 3398 2472 3431 cum
2509 3381 2669 3448 paulo

196 3480 347 3517 antea
382 3471 431 3529 4,
468 3471 552 3519 45.
590 3468 712 3519 coll.
751 3471 799 3531 2,
840 3471 924 3518 23.
962 3468 1171 3519 Pascha
1207 3470 1421 3521 vocavit
1457 3465 1579 3534 ,,τήν
1618 3466 1840 3536 ἑορτήν.“
1901 3469 2021 3529 Qua
2057 3468 2124 3518 de
2162 3484 2327 3519 causa
2363 3472 2412 3532 6,
2453 3471 2499 3518 1.
2547 3469 2668 3519 ideo

194 3553 395 3605 videtur
426 3571 535 3606 non
570 3555 890 3622 apposuisse
926 3572 1119 3606 nomen
1156 3556 1389 3621 Pascha3
1431 3557 1559 3623 quia
1593 3555 1697 3605 hoc
1731 3572 1796 3605 ex
1833 3554 2271 3606 antecedentibus
2311 3554 2670 3621 deprehende-

198 3640 355 3691 batur.
416 3643 602 3709 Neque
639 3644 836 3709 opponi
875 3648 1073 3709 potest,
1118 3644 1175 3692 in
1225 3658 1389 3709 supra
1433 3642 1667 3693 laudatis
1712 3643 1845 3692 locis
1893 3642 2168 3693 articulum
2218 3644 2417 3693 nomini
2456 3640 2670 3711 ,,ἑορτὴ“

200 3732 483 3794 appositum
518 3731 769 3797 reperiri3
816 3730 917 3781 hoc
953 3730 1073 3781 loco
1111 3734 1287 3780 autem
1324 3730 1459 3779 illud
1495 3732 1551 3780 in
1585 3730 1766 3781 multis
1805 3730 2080 3781 codicibus
2125 3731 2241 3781 sine
2284 3731 2510 3782 articulo
2547 3731 2669 3797 legi.

200 3814 465 3868 Enimvero
512 3834 557 3867 α.
605 3817 820 3867 Pascha
864 3819 1023 3867 etiam
1072 3818 1207 3867 alias
1252 3818 1367 3867 sine
1418 3817 1643 3867 articulo
1682 3812 1897 3885 ,,ἑορτὴ“
1941 3821 2190 3867 vocatur:
2235 3818 2423 3867 Matth.
2463 3820 2546 3880 27,
2587 3820 2669 3869 15.

202 3900 349 3954 Mare.
388 3907 467 3967 15,
505 3907 553 3955 6.
604 3904 739 3954 Luc.
774 3906 857 3967 23,
885 3906 968 3955 27.
1041 3902 1085 3971 β.
1124 3905 1408 3971 Reperitur
1446 3904 1706 3955 articulus
1741 3906 1796 3953 in
1834 3906 2068 3969 antiquis
2108 3904 2393 3955 admodum
2427 3906 2668 3969 testibus,

208 3994 259 4037 ut
287 3991 457 4042 videre
492 3992 620 4042 licet
657 3993 715 4041 in
752 3996 1017 4058 apparatu
1054 3992 1237 4041 critico
1274 3990 1324 4042 J.
1350 3990 1423 4041 M.
1448 3992 1510 4041 A.
1538 3990 1786 4053 Scholzii‚
1825 3992 1890 4041 N.
1928 3991 1988 4041 Τ.
2025 3992 2068 4041 Ι.
2105 3991 2253 4058 Lips.
2283 3993 2432 4042 1830.
2470 4008 2520 4057 p.
2549 3994 2667 4041 362.

212 4074 263 4123 C.
292 4077 687 4143 Tischendorfii,
728 4077 811 4127 ed.
840 4080 951 4127 crit.
984 4084 1117 4142 sept.
1153 4078 1302 4144 Lips.
1331 4080 1482 4129 1859.
1520 4078 1561 4141 Ι,
1589 4080 1709 4129 574.
1768 4077 1974 4129 Horum
2011 4080 2450 4128 monimentorum
2487 4082 2668 4129 aucto-

214 4164 317 4215 fitss
348 4183 409 4217 eo
440 4169 613 4217 maior
650 4171 759 4228 est,
810 4166 936 4231 quia
982 4165 1264 4216 difficulter
1312 4166 1543 4216 creditur
1588 4165 1655 4215 de
1701 4182 1797 4217 suo
1845 4180 2164 4232 quemquam
2202 4165 2470 4215 addidisse
2505 4164 2563 4229 ἡ,
2609 4170 2670 4216 ut

216 4265 297 4301 non
326 4255 483 4321 ipsum
521 4256 741 4316 festum,
782 4252 923 4319 quod
950 4254 1053 4303 sibi
1085 4253 1399 4303 sumendum
1435 4253 1723 4317 videretur,
1761 4253 2103 4304 adscriberet.
2155 4252 2235 4304 cf.
2262 4253 2668 4319 Theophylacti,

212 4340 413 4409 Archiep.
448 4344 675 4409 Bulgar.
718 4340 921 4391 Comm.
959 4342 1013 4390 in
1051 4346 1197 4407 quat.
1232 4342 1442 4406 Evang.
1486 4342 1656 4391 Paris.
1698 4342 1846 4392 1635.
1883 4358 1935 4407 p.
1973 4343 2092 4391 623.
2152 4340 2489 4406 Adscriptum
2528 4343 2670 4393 enim

210 4428 245 4477 in
282 4431 410 4482 nullo
452 4430 736 4498 reperitur
784 4441 967 4477 eorum
1011 4429 1224 4479 testium
1269 4428 1525 4490 omnium,
1574 4429 1667 4494 qui
1711 4428 1992 4479 articulum
2035 4427 2252 4478 habent.
2313 4428 2514 4479 Contra
2549 4446 2668 4480 cum

206 4523 315 4571 unta
354 4519 724 4587 ambiguitate
760 4514 977 4564 laborat
1020 4514 1163 4565 nude
1206 4517 1436 4581 positum
1477 4513 1540 4579 ,,ἡ
1580 4512 1719 4583 ἑορτὴ
1755 4516 1854 4567 τῶν
1891 4512 2194 4578 Ἰουδαίων“,
2237 4531 2345 4566 non
2381 4517 2496 4567 sine
2531 4518 2667 4567 veri-

200 4608 497 4661 sinifimdine
534 4607 802 4674 putatur,
840 4606 1131 4653 correctam
1170 4618 1287 4653 esse
1322 4602 1605 4653 lectionem
1645 4603 1816 4653 deleto
1855 4602 2097 4654 articulo.
2158 4601 2200 4671 ⁴)
2237 4604 2301 4653 V.
2329 4603 2388 4655 C.
2414 4603 2668 4654 Tischen-

196 4696 291 4763 dors,
322 4698 562 4767 synope.
594 4692 827 4754 Evang.
864 4688 1007 4754 Lips.
1038 4692 1185 4740 1854.
1223 4707 1276 4756 p.
1302 4692 1419 4741 204.
1446 4706 1487 4740 s.
1563 4688 1603 4757 ⁵)
1639 4691 1836 4740 Joann.
1862 4692 1912 4753 5,
1939 4692 1987 4741 8.
2061 4690 2100 4756 ⁶)
2138 4691 2201 4740 V.
2231 4707 2281 4755 p.
2307 4691 2390 4739 51.
