3267 5259
566 406 697 473 380
1226 460 1233 466 .
1300 420 1416 462 nist.
1446 420 1554 461 Rev.
1582 419 1672 461 div,
1705 419 1871 461 Por-iod.
1899 420 1957 461 11.
1977 430 2078 471 cap.
2109 420 2307 471 primum.

566 597 731 647 siaca.
768 596 945 647 Berol.
983 598 1135 647 1843.
1158 622 1227 633 --
1252 596 1388 646 Erat
1420 611 1635 662 quoque
1673 598 1864 646 artium
1903 601 1958 646 et
1987 595 2358 663 philosophiae
2391 596 2546 647 sedes
2579 596 2874 647 laetissima.
2927 595 3017 646 Sed

568 699 676 732 non
699 699 796 749 per
818 688 1173 734 mercaturam
1197 688 1419 745 tautum,
1458 682 1642 733 literas
1666 682 1944 749 ludosque,
1983 683 2078 733 sed
2102 698 2198 749 per
2220 683 2532 749 religionem
2565 685 2722 734 etiam
2744 682 2869 732 haec
2891 682 3016 733 nobi-

566 770 821 820 litabatur
858 770 1014 833 urhs,
1051 771 1110 820 in
1146 784 1254 835 qua
1288 770 1524 820 famosus
1559 768 1772 819 Dianae
1806 770 2060 833 imprimis
2097 770 2275 821 cultus
2311 770 2544 835 vigebat.
2593 770 2676 819 Ibi
2709 770 2822 819 Act.
2856 772 2927 829 19,
2949 766 3018 819 34.

568 857 683 906 eius
720 856 998 906 delubrum
1036 856 1403 922 reperiebatur
1427 862 1533 906 tam
1560 857 1778 923 elegans
1810 862 2070 921 tantoque
2107 856 2392 921 splendore
2429 857 2775 919 elaboratum
2807 864 2864 907 ut
2884 884 2942 893 -
2963 857 3020 905 ab

565 943 939 1009 Aristophane,
976 944 1102 993 nub.
1128 943 1245 993 Act.
1271 944 1314 993 1.
1345 959 1420 994 sc.
1448 946 1495 993 6.
1524 972 1589 980 —
1620 939 1906 1012 πάγχρυσος
1943 934 2075 1002 οἶκος
2113 944 2393 993 dicebatur
2428 946 2768 1011 omniumque
2803 944 3021 1008 opinione

566 1032 730 1081 totius
767 1035 1025 1081 terrarum
1062 1030 1207 1080 orbis
1242 1029 1557 1080 miraculum
1586 1030 1928 1080 iudicaretur.
1985 1031 2174 1096 Itaque
2209 1032 2372 1097 longe
2407 1030 2682 1082 meliorem
2715 1030 2882 1081 famae
2913 1044 3021 1080 snae

567 1118 827 1169 rationem
863 1116 1066 1179 habuit,
1104 1132 1263 1182 quam
1300 1117 1649 1167 Herostratus
1685 1116 1844 1167 homo
1881 1132 2054 1169 vanus
2079 1122 2134 1167 et
2157 1118 2400 1180 stolidus,
2437 1120 2532 1185 qui
2565 1134 2688 1168 eum
2710 1119 2924 1169 nominis
2954 1119 3020 1167 sui

566 1206 947 1255 monimentum
968 1220 1202 1271 perenne
1222 1204 1521 1270 relinquere
1540 1204 1719 1267 vellet,
1741 1205 1947 1255 nefario
1965 1205 2204 1255 facinore
2223 1205 2280 1254 id
2299 1222 2357 1255 se
2375 1206 2636 1272 consequi
2653 1220 2810 1271 posse
2827 1206 3021 1270 putavit,

572 1292 862 1358 fanumque
898 1292 1109 1341 Dianae
1146 1290 1401 1341 incendit.
1452 1292 1638 1357 Neque
1675 1296 1852 1341 tamen
1889 1291 2024 1342 haec
2061 1291 2340 1342 calamit-as
2377 1292 2535 1357 fregit
2560 1291 2835 1358 Ephesios,
2868 1306 3020 1356 snper·

567 1380 944 1444 stitionemque
982 1393 1166 1428 eorum
1199 1378 1477 1444 impedivit
1511 1378 1607 1429 sed
1645 1379 1822 1442 auxit3
1859 1393 2086 1443 namque
2124 1380 2324 1429 reiecta
2359 1378 2650 1428 Alexandri
2675 1380 2746 1430 M.
2771 1380 2874 1427 suis
2902 1394 3018 1427 surn-

567 1466 709 1515 tibus
748 1464 801 1513 id
840 1470 1081 1515 erecturo
1118 1466 1394 1530 petitione,
1430 1466 1658 1531 propriis
1685 1466 1932 1531 expensis
1958 1465 2144 1515 aedem
2169 1469 2280 1515 tam
2305 1464 2637 1531 splendidam
2659 1466 3018 1515 instaurarunt:

567 1557 627 1602 ut
662 1552 759 1603 illa
794 1552 1007 1601 flamma
1042 1552 1309 1602 exstitisse
1344 1551 1638 1615 videretur,
1685 1568 1794 1603 non
1837 1566 1978 1617 quae
2015 1551 2218 1603 deleret
2251 1554 2464 1602 Dianae
2510 1552 2729 1617 aedem3
2771 1551 2862 1602 sed
2907 1566 3024 1617 quse

566 1638 895 1705 praeclarius
948 1638 1481 1704 magnificentiusque
1536 1638 1868 1705 deposceret.
1941 1638 2022 1689 cf.
2065 1639 2116 1689 J.
2159 1640 2226 1689 N.
2269 1638 2540 1702 Schnlini,
2591 1638 2718 1689 diss.
2765 1639 2830 1689 de
2873 1639 3024 1687 Diana

566 1725 805 1791 Ephesia
840 1727 895 1775 in
932 1725 1091 1776 Thes.
1126 1725 1198 1775 th.
1234 1743 1285 1791 p.
1319 1728 1438 1775 491.
1474 1742 1517 1777 s.
1566 1724 1720 1775 Adde
1753 1726 1842 1775 Fr.
1877 1725 2096 1788 Polcke,
2135 1726 2202 1776 de
2239 1740 2435 1791 magna
2469 1717 2824 1792 Ephesiorum
2857 1726 3025 1775 Diana.

564 1813 713 1879 Lips.
742 1814 891 1863 1718.
942 1813 1080 1875 Hirt,
1113 1812 1226 1863 Der
1250 1811 1468 1879 Tempel
1496 1812 1589 1863 der
1613 1812 1796 1863 Diana
1819 1829 1886 1863 zu
1909 1813 2176 1879 Ephesus.
2215 1813 2356 1863 Berl.
2385 1814 2534 1864 1809.
2585 1812 2656 1862 Μ.
2681 1812 3026 1877 Baumgarten,

567 1900 654 1951 die
688 1899 1093 1967 Apostelgesch.
1138 1899 1247 1962 ΙΙΙ,
1283 1902 1366 1950 31.
1424 1901 1682 1962 Quamvis
1727 1899 2068 1951 simulacrum
2105 1900 2318 1950 Dianae
2364 1898 2633 1965 Ephesiae
2677 1904 2818 1949 esset
2851 1914 3025 1966 ..χειρο-

566 1983 837 2050 ποίησον“;
876 2014 942 2023 -
980 1986 1349 2052 Xenophontis
1387 1987 1601 2053 quidem
1645 1992 1822 2038 aetate
1865 2002 2110 2049 aureum,
2160 1986 2226 2037 de
2269 1986 2396 2052 Cyri
2439 1986 2628 2053 exped.
2663 1986 2730 2035 V.
2765 1988 2814 2049 3,
2852 1988 2926 2036 13.
2961 1982 3027 2033 ed.

568 2072 789 2124 Thieme
819 2090 872 2139 p.
898 2074 1048 2137 2⁷23
1084 2078 1209 2139 post
1240 2074 1517 2125 incensum
1552 2088 1684 2123 vero
1710 2074 1778 2123 ab
1805 2073 2120 2124 Herostrato
2159 2072 2412 2138 templum
2440 2073 2678 2138 ligneum
2703 2078 2837 2123 teste
2859 2072 3028 2129 Plinio,

564 2160 704 2211 Hist.
742 2164 851 2211 nat.
888 2160 1041 2222 XVI,
1078 2162 1163 2211 40.
1206 2176 1259 2225 p.
1298 2162 1415 2211 742.
1466 2187 1532 2196 —
1582 2166 1762 2211 tamen
1815 2160 1866 2211 d.
1909 2160 2090 2211 Lucas
2143 2176 2186 2211 s.
2231 2160 2470 2226 Scriptor
2521 2160 2776 2222 Actuum,
2832 2161 2916 2225 qui
2963 2158 3020 2207 ab

566 2246 839 2313 Apostolis
888 2250 1297 2313 cognomentum
1345 2252 1696 2312 acceperunt,
1748 2248 1837 2309 19,
1881 2249 1964 2297 35.
2009 2247 2340 2313 populariter
2385 2246 2598 2297 locutus
2647 2244 2921 2308 „emmae
2963 2260 3028 2293 sc.

568 2329 767 2403 ἄγαλμα
806 2338 996 2399 vocat3
1040 2332 1095 2383 id
1142 2332 1285 2400 quod
1322 2333 1515 2383 Suidas
1554 2350 1597 2384 s.
1631 2333 1685 2383 h.
1717 2350 1769 2383 v,
1821 2333 1873 2397 1,
1911 2336 2060 2384 1399.
2099 2330 2184 2397 „eff
2219 2331 2427 2401 οὐρανοῦ
2465 2329 2855 2403 κατερχόμενον(
2889 2335 3028 2382 inter·

564 2427 821 2488 pretatur.
883 2421 987 2484 Qui
1023 2420 1169 2485 apud
1207 2420 1445 2471 Graecos
1492 2426 1699 2471 statuas
1746 2421 2041 2484 faciebant,
2088 2421 2404 2472 credulitate
2448 2421 2722 2471 hominum
2757 2420 3031 2478 abutentes,

564 2514 625 2560 ut
660 2525 723 2559 eo
760 2508 930 2573 magis
968 2506 1125 2557 fidem
1161 2522 1258 2557 suo
1296 2507 1573 2558 mendacio
1612 2508 2059 2571 commendarent,
2097 2508 2355 2559 docuere:
2393 2508 2734 2558 simulacrum
2759 2504 3032 2557 Artemidos

564 2596 835 2662 Ephesiae
883 2610 917 2645 a
962 2595 1103 2645 Jove
1154 2594 1439 2645 demissum
1488 2611 1517 2644 e
1566 2595 1718 2646 coelo
1755 2596 1938 2647 fuisse.
2011 2595 2230 2646 Interim
2276 2596 2383 2645 iam
2425 2595 2658 2657 Plinius,
2705 2594 2741 2644 l.
2778 2610 2822 2644 s.
2857 2610 2902 2643 c.
2935 2594 3032 2643 eins

566 2682 823 2733 artificem
867 2682 1211 2733 Canetiam
1254 2683 1509 2733 nominat.
1559 2683 1622 2733 V.
1659 2698 1704 2733 c.
1743 2682 1868 2733 diss.
1907 2681 2004 2732 Ch.
2039 2682 2104 2734 A.
2143 2682 2355 2745 Siberii,
2392 2682 2550 2733 Thes.
2587 2680 2688 2731 Th.
2723 2680 2812 2747 ph.
2847 2698 2896 2747 p.
2929 2682 3034 2729 494.

566 2769 782 2831 Grimm,
816 2769 948 2819 Lex.
984 2784 1035 2834 p.
1065 2772 1180 2821 102.
1230 2769 1604 2820 Venerationis
1643 2770 1926 2835 cultusque
1961 2769 2216 2820 indicium
2252 2775 2349 2830 est,
2387 2768 2532 2835 quod
2569 2769 2834 2819 referente
2869 2766 3036 2819 eodem

568 2856 953 2921 Hagiographo
988 2872 1039 2905 v.
1066 2858 1150 2906 28.
1186 2851 1416 2923 ,,μεγάλη
1453 2854 1483 2920 ἡ
1523 2848 1756 2923 ἄρτεμις“
1795 2855 2112 2921 adpellatur.
2162 2856 2358 2906 Notum
2383 2860 2466 2905 est
2491 2871 2556 2905 ex
2581 2856 2818 2921 gentium
2851 2852 3034 2919 mytho-

564 2942 727 3008 logia,
776 2956 1027 3007 magnum
1063 2942 1302 2992 habitum
1338 2942 1503 2993 fuisse
1540 2942 1824 2992 discrimen
1859 2943 1998 2993 inter
2033 2942 2162 2993 deos
2203 2956 2439 3007 magnos,
2485 2940 2708 3001 medios,
2745 2947 2802 2992 et
2833 2940 3036 2991 infimos.

565 3029 823 3080 Nolumus
868 3043 976 3078 rem
1022 3034 1369 3094 pervagatam
1414 3029 1640 3079 ulterius
1683 3030 1950 3095 persequi.
2003 3029 2067 3079 V.
2107 3026 2160 3079 S.
2197 3028 2455 3094 Deyling,
2498 3027 2630 3078 Obs.
2665 3043 2706 3077 s.
2741 3028 2840 3077 111.
2874 3030 2957 3088 39,
2993 3028 3036 3073 5.

568 3134 618 3183 p.
646 3117 763 3166 286.
812 3116 873 3165 Ρ.
901 3116 1056 3180 Zorn,
1082 3116 1223 3166 Bibl.
1250 3123 1357 3166 ant.
1385 3122 1439 3167 et
1464 3132 1612 3183 exeg.
1649 3118 1707 3166 in
1729 3117 1960 3166 univers.
1989 3114 2178 3182 Script.
2214 3115 2462 3167 Francos.
2492 3116 2642 3165 1724.
2681 3114 2724 3177 1,
2751 3116 2835 3165 64.
2883 3112 3038 3178 Hyde,

564 3204 681 3253 Rei.
717 3208 822 3253 vet.
860 3204 1008 3253 Pers.
1046 3219 1097 3269 p.
1136 3205 1219 3253 92.
1256 3220 1297 3253 s.
1360 3202 1617 3266 Creuzer,
1663 3200 1940 3267 Symbolik
1988 3202 2098 3253 und
2144 3202 2472 3269 Mythologie
2519 3200 2616 3252 der
2659 3202 2808 3252 alten
2841 3200 3038 3251 Vtiliter.

564 3290 750 3356 Leipz.
782 3291 930 3340 1811.
968 3289 1039 3351 H,
1072 3292 1186 3340 164.
1212 3306 1255 3340 s.
1306 3289 1369 3340 G.
1398 3289 1630 3352 Gesonfi,
1671 3288 1979 3356 Scripturas
2003 3291 2325 3356 linguaeque
2359 3289 2676 3356 phoeniciae
2700 3292 3038 3340 monuments.

566 3377 715 3442 Lips.
744 3377 893 3427 1837.
932 3392 982 3441 p.
1012 3377 1129 3427 115.
1178 3376 1385 3442 Templi
1422 3376 1684 3443 Ephesini
1718 3382 1906 3443 typum
1943 3376 2251 3443 procudere,
2290 3380 2344 3426 et
2365 3378 2422 3426 in
2447 3376 2723 3427 aediculas
2753 3391 2854 3427 seu
2875 3374 3040 3425 thecas

568 3464 855 3529 repositum
881 3462 1114 3513 vendere
1143 3463 1392 3513 solebant
1416 3462 1665 3527 artifices,
1704 3478 1842 3529 quae
1867 3478 1901 3513 a
1923 3462 2075 3513 Deae
2111 3462 2404 3513 cultoribus
2425 3462 2681 3529 praesidii
2707 3467 2762 3511 et
2785 3460 3041 3527 religionis

567 3564 733 3601 causa
780 3550 1220 3615 circumgestatae
1268 3550 1495 3599 fuerant.
1568 3550 1706 3600 Prae
1755 3552 1946 3601 ceteris
1995 3550 2140 3601 cives
2189 3548 2410 3615 Ephesii
2458 3554 2602 3600 artes
2657 3549 3041 3615 superstitiosas

566 3636 971 3703 profitebantur.
1019 3636 1088 3686 D.
1116 3653 1166 3702 q.
1191 3636 1225 3685 1.
1255 3634 1516 3699 Siborum,
1556 3636 1621 3687 de
1657 3634 1906 3705 περιεργία
1939 3636 2292 3703 Ephesiorum
2330 3638 2386 3687 in
2409 3635 2570 3687 Thes.
2596 3653 2648 3702 p.
2676 3637 2796 3686 484.
2822 3651 2864 3686 s.
2911 3632 2966 3684 C.
2989 3632 3042 3681 F.

572 3722 985 3786 Schurzfleisch,
1031 3722 1097 3773 de
1132 3722 1323 3773 litteris
1368 3723 1632 3789 Ephesiis.
1673 3724 1822 3775 Witt.
1858 3725 2009 3775 1698.
2067 3724 2288 3774 Patrum
2325 3724 2417 3789 qui
2462 3723 2532 3773 ad
2569 3722 2729 3773 huius
2775 3724 2852 3773 rei
2898 3722 3042 3771 inter·

565 3811 917 3878 pretationem
954 3809 1219 3875 pertinent
1254 3810 1547 3860 sententias
1584 3816 1799 3860 enarrat
1833 3811 1885 3861 J.
1913 3811 1972 3861 C.
2007 3811 2275 3873 Suicerm,
2311 3810 2471 3861 Thes.
2503 3828 2556 3876 p.
2583 3811 2704 3860 670.
2727 3811 2848 3860 806.
2897 3806 2972 3859 Cf.
2994 3822 3038 3855 e.

568 3896 793 3959 Suidae,
839 3895 943 3947 lex.
980 3912 1023 3946 s.
1060 3912 1110 3947 v.
1157 3892 1323 3965 ἐφεσία
1356 3892 1624 3965 γράμματα
1667 3897 1710 3947 I.
1755 3900 1812 3961 6,
1851 3899 1969 3948 673.
2029 3896 2227 3948 Multos
2271 3896 2710 3963 sufficiente-sque
2753 3897 2920 3946 fuisse
2963 3894 3042 3959 qui

568 3986 795 4050 magiam
832 3988 957 4033 ante
994 3984 1397 4033 conversionem
1446 3984 1515 4033 ad
1565 3998 1722 4035 sacra
1758 3985 1952 4035 Christi
2001 3982 2234 4051 profiteri
2278 4000 2386 4034 non
2433 3984 2766 4034 erubuerunt
2802 3999 2846 4033 s.
2881 3983 3042 4032 Lucas

564 4072 755 4133 innuit,
793 4086 913 4121 cum
937 4070 1054 4121 Act.
1084 4072 1164 4132 19,
1195 4072 1275 4121 19.
1310 4070 1509 4121 referat
1530 4071 1805 4136 plurimos,
1831 4076 2020 4138 sponte
2051 4073 2166 4121 sine
2192 4070 2436 4137 Apostoli
2459 4071 2628 4133 iussu,
2655 4070 2823 4121 libros
2847 4070 3045 4119 curiosa

565 4154 795 4226 περίεργα
828 4162 1121 4207 tractantes
1168 4156 1296 4206 diris
1343 4155 1642 4207 devovisse.
1706 4156 1984 4208 Calculum
2030 4157 2348 4207 docentibus
2394 4156 2674 4223 Ephesiis,
2721 4157 2862 4207 idem
2903 4168 3045 4221 porro

565 4244 921 4310 Evangelista
956 4245 1183 4309 pretinm
1218 4243 1407 4295 horum
1442 4243 1699 4294 librorum
1736 4244 2052 4295 determinat
2089 4244 2374 4295 adiiciens:
2413 4245 2642 4310 pretium
2677 4243 2866 4294 horum
2899 4242 3046 4292 libro-

566 4349 707 4395 rum,
758 4334 869 4383 sive
916 4348 948 4382 e
990 4333 1247 4383 materiae
1293 4334 1651 4399 praestantia,
1699 4334 1814 4383 sive
1863 4349 1928 4383 ex
1973 4338 2252 4383 auctorum
2296 4334 2442 4383 fama
2489 4335 2604 4384 sive
2651 4350 2718 4384 ex
2764 4334 3046 4399 scripturae

568 4418 835 4484 elegantia
860 4412 1093 4486 ἀργυρίου
1120 4447 1185 4456 -
1210 4433 1253 4468 s.
1278 4419 1459 4469 Lucas
1493 4420 1732 4486 generali
1763 4435 1900 4471 voce
1933 4420 2194 4483 exprimit,
2233 4421 2295 4469 V.
2321 4420 2747 4471 denariorum
2779 4447 2850 4457 —-
2881 4420 3046 4486 quin-

568 4506 889 4570 quaginta
943 4505 1157 4556 millia
1210 4506 1534 4557 ascendisse.
1606 4507 1772 4557 Recte
1829 4507 2071 4573 plerique
2125 4508 2440 4573 interpretes
2497 4507 2568 4557 ad
2624 4502 2860 4575 μυριάδας
2906 4502 3047 4561 πέντε,

567 4590 822 4658 supplent
856 4589 1123 4661 δραχμῶν,
1174 4608 1445 4643 nummum
1491 4594 1548 4643 in
1582 4592 1712 4644 Asia
1747 4594 2168 4644 usitatissimum.
2240 4593 2494 4659 Alioquin
2528 4594 2835 4661 frequenter
2867 4606 3048 4643 nomen
