3267 5259
622 380 707 445 80
1288 394 1404 435 nist.
1434 393 1543 435 nov.
1570 392 1660 435 «nv.
1691 394 1744 435 u,
1771 394 1822 437 τ.
1853 394 2021 437 Porioi.
2048 394 2082 435 1.
2104 405 2198 445 οι».
2229 394 2428 445 prinum.

619 569 687 632 in
732 590 1077 632 occursum
1138 566 1373 631 Christi
1430 568 1753 653 processit
1783 567 2085 649 -Martha,
2151 577 2348 655 atque
2411 588 2562 631 eum
2624 588 2818 652 quem
2883 590 3072 631 amore

620 680 1138 767 prosequebatur
1198 678 1435 745 obiisse
1494 683 1766 744 nuntiat.
1871 679 2241 745 Protestata
2301 689 2402 744 est
2457 679 2716 743 Martha
2777 702 3074 764 nunquam

623 793 945 858 obiturum
981 791 1327 874 Lazarum,
1380 793 1435 855 si
1480 794 1908 878 opportunius
1949 794 2278 875 venisset3
2339 794 2504 857 scire
2551 816 2620 857 se
2667 802 2886 857 tamen
2939 792 3076 855 illius

619 906 925 993 precibus
968 914 1213 969 tantam
1258 906 1469 969 inesse
1516 906 1668 988 vim,
1713 916 1786 969 ut
1829 907 2046 971 omnia
2096 928 2136 970 a
2177 905 2326 971 Deo
2375 904 2668 971 obtinere
2713 906 2934 991 possit.
2991 902 3076 967 Ad

624 1042 791 1105 quae
852 1019 1047 1084 Jesus
1108 1040 1253 1102 ,ego
1316 1040 1459 1081 sum
1518 1020 1907 1084 resurrectio
1971 1028 2036 1083 et
2086 1020 2263 1082 vita!
2327 1017 2458 1083 Ubi
2519 1028 2618 1083 est
2675 1018 2841 1098 vita,
2883 1018 3075 1100 nequit

624 1156 767 1197 esse
828 1155 1021 1197 mors.
1098 1131 1273 1195 Hinc
1334 1130 1419 1195 ad
1492 1130 1808 1195 tumulum
1868 1131 2104 1195 Lazari
2169 1130 2627 1195 deducendum
2695 1152 2768 1193 se
2825 1130 3074 1206 curavit3

623 1244 976 1309 abeuntem
1000 1245 1207 1309 secuti
1232 1253 1381 1309 sunt
1410 1243 1670 1309 Judaei.
1720 1244 2011 1308 Christus
2041 1245 2107 1307 in
2137 1243 2437 1308 lacrimas
2469 1244 2732 1324 effusus,
2765 1241 3072 1327 sepulchro

621 1356 905 1442 lapidem
970 1358 1259 1421 amoveri
1318 1358 1534 1439 iussit,
1584 1366 1650 1420 et
1696 1365 1977 1440 quatuor
2019 1355 2158 1419 dies
2217 1356 2346 1419 iam
2407 1357 2474 1419 in
2533 1378 2610 1419 eo
2670 1358 2986 1419 iacentem
3026 1366 3076 1415 et-

620 1469 771 1534 ideo
819 1468 1221 1533 foetentem¹
1268 1490 1509 1553 magno
1560 1467 1870 1551 clamore,
1918 1478 2170 1533 evocat.
2225 1468 2464 1533 Mirum
2515 1491 2672 1533 sane
2719 1468 3074 1553 prodigium.

622 1581 732 1645 Ad
777 1580 1015 1645 Christi
1059 1603 1295 1645 vocem
1337 1580 1631 1645 Lazarus
1664 1579 1912 1645 tumulo
1947 1582 2224 1667 erumpit
2268 1592 2579 1664 mortuus,
2611 1580 2820 1665 pedes
2849 1602 3075 1644 manus-

626 1716 753 1779 que
818 1695 1050 1757 institis
1109 1693 1380 1778 ligatus,
1427 1692 1597 1757 facie
1659 1694 1921 1758 sudario
1981 1703 2156 1757 tecta
2176 1694 2220 1757 ².
2299 1692 2477 1757 Solvi
2537 1702 2693 1757 tunc
2740 1693 2984 1773 fascias,
3025 1703 3080 1753 et

622 1805 899 1870 liberum
928 1805 1255 1870 Lazarum
1286 1805 1455 1869 tradi
1486 1807 1583 1887 iis,
1609 1827 1778 1890 quae
1811 1806 2085 1870 aderant
2109 1804 2456 1887 sororibus,
2489 1805 2532 1870 J
2535 1828 2683 1869 esus
2707 1806 3026 1891 praecepit
3041 1806 3076 1865 3.

628 1918 774 1998 Quo
836 1920 975 1983 viso
994 1969 1011 2002 ,
1056 1918 1241 1983 multi
1305 1919 1416 2004 qui
1475 1918 1749 1983 aderant
1806 1917 2042 1984 Judaei
2061 1968 2078 2001 ,
2125 1940 2196 1983 se
2261 1916 2514 1983 Christo
2573 1917 2865 1983 miraculi
2906 1926 3077 1981 testes

627 2030 960 2095 addixere.
1024 2030 1307 2110 Quidam
1354 2040 1571 2095 autem
1605 2054 1692 2095 ex
1721 2033 1878 2117 ipsis
1923 2031 2222 2096 abierunt
2265 2030 2352 2094 ad
2395 2029 2802 2113 Pharisaeos,
2843 2038 2904 2093 et
2929 2040 3077 2092 retu—

623 2142 841 2208 lerunt
882 2153 1015 2207 tam
1062 2143 1631 2229 stupendissimum
1677 2142 1856 2207 illum
1901 2144 2336 2209 suscitationis
2381 2142 2668 2227 modum,
2710 2166 2900 2229 quam
2939 2140 3078 2205 mul-

626 2256 966 2321 titudinem
988 2278 1235 2337 eorum,
1258 2258 1367 2341 qui
1393 2278 1470 2321 eo
1490 2235 1784 2341 persuasi
1809 2278 1878 2321 se
1897 2256 2150 2320 Christo
2177 2255 2628 2321 adiunxerant.
2663 2254 3076 2335 Quamobrem

628 2368 777 2434 odio
825 2368 1199 2454 invidiaque
1268 2377 1642 2433 aestuantes
1679 2368 2053 2433 Pharisaei⁴
2099 2368 2426 2433 Christum
2471 2370 2836 2435 interficere
2881 2368 3078 2433 decre-

624 2491 895 2565 verunt3
942 2483 1165 2567 inepti,
1200 2483 1309 2567 qui
1340 2504 1473 2545 non
1501 2479 1958 2565 intelligerent,
1991 2482 2034 2548 J
2039 2504 2219 2546 esum
2262 2484 2720 2567 praestiturum
2759 2482 2895 2565 sibi,
2925 2480 3078 2567 quod

626 2595 693 2657 in
756 2594 1013 2659 Lazaro
1080 2594 1487 2681 perfecisset.
1578 2592 1752 2673 Quia
1815 2603 2036 2661 tamen
2109 2596 2274 2661 mori
2345 2594 2639 2660 nondum
2707 2594 3078 2673 decreverat,

833 2822 869 2889 1)
906 2823 1141 2889 Ideoque
1178 2840 1271 2874 sex
1309 2828 1434 2873 ante
1471 2823 1583 2873 dies
1621 2828 1904 2886 mortuum,
1931 2825 2058 2889 quia
2093 2823 2331 2873 defuncti
2365 2839 2474 2873 non
2511 2840 2576 2875 eo
2607 2826 2726 2890 ipso
2765 2824 2849 2873 die
2883 2822 3078 2887 sepelie-

619 2908 816 2958 bantur
852 2924 887 2959 a
921 2909 1162 2972 Judaeis,
1202 2926 1306 2976 quo
1352 2912 1517 2959 vitam
1564 2910 1906 2976 reliquerant.
1968 2910 2264 2975 Sepulchra
2298 2912 2352 2960 in
2393 2927 2524 2977 rupe
2572 2912 2818 2961 excidere
2863 2910 3077 2960 solebant

620 2996 885 3059 Hebraei,
936 3011 1107 3062 eaque
1157 3002 1281 3063 apto
1330 2997 1509 3063 lapide
1559 3003 1613 3047 et
1661 2996 1732 3047 ad
1781 2998 1902 3047 ostii
1947 2997 2350 3063 amplitudinem
2403 3013 2560 3049 caeso
2619 2998 2884 3049 claudere.
2952 2996 3078 3045 Intra

622 3082 933 3147 speluncam
980 3082 1211 3133 cadaver
1253 3085 1492 3147 iacebat,
1530 3084 1587 3133 in
1621 3084 1768 3150 paris
1805 3084 2184 3149 magnitudinis
2221 3082 2416 3135 loculo,
2479 3084 2559 3134 Cf.
2594 3084 2647 3135 J.
2683 3086 2914 3147 Nicolai,
2947 3088 3078 3133 tract.

622 3169 688 3219 de
723 3169 1019 3235 sepulchris
1057 3170 1445 3233 Hebraeorum,
1482 3172 1537 3221 in
1574 3171 1734 3221 Thes.
1761 3171 1980 3236 Ugolini
2005 3172 2202 3234 XXIII,
2229 3172 2348 3221 333.
2371 3186 2415 3221 s.
2457 3171 2509 3221 J.
2534 3172 2596 3220 A.
2624 3172 2912 3233 Quensted,
2945 3176 3002 3220 tr.
3025 3170 3079 3217 de.
3169 3176 3171 3202 ¹

620 3258 897 3321 sepultura
915 3258 1183 3307 Veterum.
1220 3258 1294 3307 ib.
1320 3260 1438 3308 642.
1462 3273 1505 3307 s.
1560 3256 1601 3323 Ἰ)
1629 3258 1710 3307 Cf.
1735 3258 1786 3309 J.
1809 3258 1864 3309 J.
1891 3258 2160 3321 Chiffletii,
2191 3257 2258 3307 de
2295 3258 2472 3307 linteis
2513 3258 2933 3324 sepulchralibus
2957 3255 3078 3322 apud

622 3343 926 3407 Ugolimun,
964 3344 999 3394 l.
1036 3360 1081 3394 c.
1116 3362 1169 3410 p.
1204 3346 1323 3395 843.
1357 3362 1400 3395 s.
1453 3342 1492 3410 ³)
1531 3344 1779 3395 Nobilem
1825 3345 1962 3395 adeo
1999 3346 2357 3395 narrationem
2391 3360 2530 3394 unus
2570 3345 2618 3395 d.
2643 3345 2884 3395 Joannes
2925 3344 3078 3394 retulit

626 3430 706 3491 11,
737 3432 782 3479 1.
809 3445 851 3479 s.
900 3431 1157 3491 Quamvis
1185 3435 1363 3481 autem
1386 3430 1592 3479 nullum
1617 3431 1688 3481 D.
1713 3432 1777 3481 N.
1803 3431 1855 3481 J.
1883 3430 1942 3481 C.
1969 3432 2280 3481 miraculum
2319 3432 2606 3481 maioribus
2631 3434 2872 3482 veritatis
2895 3428 3077 3480 indiciis
3167 3422 3169 3457 ἒ

622 3517 1083 3580 comprobaretur,
1120 3522 1299 3567 tamen
1334 3519 1531 3583 reperti
1568 3522 1708 3579 sunt,
1749 3519 1840 3583 qui
1874 3518 2144 3567 Lazarum
2187 3534 2297 3569 non
2331 3534 2458 3567 vere
2499 3522 2790 3581 mortuum,
2827 3519 2920 3568 sed
2957 3528 3080 3566 mera

622 3617 857 3668 syncope
912 3610 1212 3669 correptum
1266 3604 1431 3654 fuisse
1478 3604 1692 3667 volunt,
1743 3608 1798 3654 ct
1842 3605 2102 3671 quidquid
2149 3607 2204 3653 in
2251 3606 2656 3655 resuscitatione
2705 3608 2820 3657 eius
2867 3603 3078 3655 miraculi

621 3690 879 3739 rationem
914 3690 1101 3753 habet,
1140 3690 1329 3741 tollere
1374 3696 1643 3755 satagunt.
1715 3692 1944 3741 Istorum
1987 3693 2198 3757 ineptas
2237 3694 2597 3757 expositiones
2643 3693 2918 3743 refellunt:
2959 3692 3008 3741 J.
3037 3688 3079 3737 S.
3165 3688 3167 3691 ⁴

623 3775 995 3839 VVeikhmann,
1033 3777 1347 3827 miraculum
1376 3776 1509 3827 Jesu
1546 3778 1719 3828 reditu
1757 3778 1954 3828 Lazari
1991 3780 2046 3828 in
2081 3780 2247 3828 vitam
2283 3778 2446 3829 nobil.
2471 3793 2506 3829 a
2531 3780 2676 3829 crim.
2703 3780 2831 3845 phil.
2857 3796 2970 3829 nov.
2995 3776 3080 3825 def.

622 3862 771 3912 witt.
801 3864 950 3914 1763.
978 3864 1045 3913 Η.
1071 3863 1134 3913 L.
1162 3864 1434 3927 Heubner‚
1460 3866 1641 3915 mirac.
1670 3864 1738 3915 ab
1763 3864 2023 3931 Evangel.
2048 3880 2188 3915 narn
2212 3867 2432 3931 interpr.
2455 3882 2532 3931 gr.
2552 3866 2603 3916 h.
2625 3866 2696 3916 ib.
2721 3868 2868 3917 1807.
2889 3883 2938 3931 p.
2957 3867 3030 3915 30.
3047 3880 3078 3909 s·

620 3950 684 3999 F.
712 3948 774 3999 G.
801 3948 996 4015 Saupe,
1024 3951 1153 4000 Obs.
1172 3966 1215 4000 s.
1233 3951 1284 4000 h.
1310 3951 1441 4001 Laz.
1460 3953 1517 3999 in
1536 3952 1700 4002 vitam
1727 3955 1980 4003 revocati.
2023 3953 2214 4003 Dresd.
2245 3954 2395 4003 1808.
2421 3952 2711 4017 Schultess,
2739 3954 2826 4003 die
2853 3950 3078 4003 Gewissh.
3163 3984 3165 3989 .

624 4036 720 4085 der
745 4036 1075 4087 Schrifterkl.
1103 4052 1239 4103 erpr.
1266 4052 1317 4087 a.
1342 4037 1393 4089 d.
1418 4038 1811 4089 Wiederbeleb.
1848 4039 1898 4090 d.
1930 4040 2061 4088 Laz.
2087 4040 2205 4089 zur.
2235 4042 2384 4089 1808.
2410 4056 2461 4105 p.
2490 4042 2606 4089 127.
2633 4054 2674 4089 s.
2723 4041 2792 4089 H.
2818 4040 2880 4090 A.
2905 4038 3078 4093 sehon,

624 4138 807 4189 opusc.
844 4140 993 4189 exeg.
1020 4140 1091 4173 cr.
1126 4123 1248 4174 Jen.
1285 4126 1435 4174 1818.
1474 4124 1524 4187 Ι,
1551 4127 1670 4175 259.
1699 4141 1741 4175 s.
1793 4125 1854 4176 G.
1883 4126 2232 4187 Hfllsemann,
2264 4125 2314 4175 d.
2343 4125 2533 4176 Gesch.
2571 4126 2621 4175 d.
2646 4126 2878 4177 AuferW.
2903 4126 2948 4174 d.
2973 4126 3078 4173 Laz-

621 4209 769 4275 Lips.
800 4212 951 4261 1836.
1000 4212 1063 4260 L.
1092 4210 1317 4273 Bonnet,
1343 4211 1399 4261 la
1428 4211 1627 4261 famille
1667 4212 1733 4261 de
1769 4212 2044 4261 Bethanie.
2081 4212 2223 4262 Med.
2250 4229 2292 4262 s.
2318 4212 2353 4262 l.
2379 4212 2501 4263 mal.
2528 4212 2562 4262 l.
2587 4228 2656 4263 m.
2685 4218 2740 4263 et
2763 4219 2798 4263 t.
2825 4228 3006 4264 resurr.
3029 4210 3078 4257 de
3161 4272 3163 4287 Ι

623 4296 752 4345 Laz.
784 4297 949 4347 Laus.
990 4300 1139 4348 1852.
1188 4298 1322 4347 Item
1359 4298 1509 4363 Hug,
1550 4298 1852 4349 Gutachten
1888 4299 1967 4360 11,
2001 4300 2086 4348 48.
2129 4298 2349 4361 Lilcke,
2385 4298 2584 4349 Comm.
2618 4300 2688 4361 n,
2713 4302 2833 4351 467.
2867 4316 2907 4349 s.
2945 4298 3079 4347 Gum·

624 4381 756 4443 lich,
793 4383 851 4431 in
887 4398 1011 4433 ann.
1050 4384 1199 4434 Stud.
1238 4400 1289 4433 u.
1327 4384 1461 4433 Krit.
1503 4386 1636 4435 1862
1674 4402 1727 4450 p.
1767 4387 1848 4435 66.
1887 4400 1929 4434 s.
1967 4388 2084 4437 248.
2123 4400 2164 4435 s.
2212 4386 2255 4451 ⁴)
2283 4386 2367 4435 Ex
2403 4388 2672 4437 sententia
2707 4386 2939 4452 Caiphae
2973 4398 3080 4449 pon-

626 4466 807 4530 tificis,
848 4471 939 4534 qui
976 4476 1183 4521 eeteros
1230 4472 1563 4536 ignorantiae
1610 4472 1812 4537 arg-uit,
1859 4472 2003 4538 quod
2047 4472 2150 4522 sibi
2196 4472 2497 4523 conducere
2544 4475 2840 4538 nescirent,
2876 4480 2934 4523 ut
2965 4484 3080 4521 unus

624 4560 985 4619 amoveretur,
1025 4564 1289 4622 quatenus
1326 4559 1422 4607 toti
1458 4558 1706 4607 iudaicae
1742 4561 1888 4623 genti
1925 4559 2224 4610 consultum
2263 4565 2418 4609 esset.
