3267 5259
524 338 654 403 360
1270 349 1385 391 nist.
1414 349 1521 391 Rev.
1552 348 1644 391 div.
1674 348 1841 391 Perlod.
1869 349 1927 391 11.
1947 360 2044 401 cap.
2073 348 2272 401 primum.

530 530 895 607 Amphyboli
928 536 987 588 et
1022 528 1339 605 Apollonia
1369 518 1838 587 Thessalonicam
1867 527 1882 567 ¹
1915 529 2160 601 Paulus,
2215 530 2368 588 Silas
2413 534 2474 588 et
2517 530 2854 587 Timotheus
2880 548 2994 605 per-

524 640 819 693 venerunt
836 629 881 691 ².
934 634 1153 691 Paulus
1204 654 1337 692 cum
1366 636 1537 693 sociis
1566 641 1636 692 ut
1665 636 1923 709 primum
1969 635 2175 692 urbem
2219 640 2414 693 essent
2459 635 2738 709 ingressi,
2783 635 2999 691 domum

525 740 671 796 civis
702 738 1003 795 cuiusdam
1035 738 1271 796 nomine
1302 738 1338 795 J
1342 740 1533 797 asonis
1550 735 1573 775 3
1602 738 1896 809 adierunt,
1931 759 1967 797 a
1995 758 2110 817 quo
2139 739 2396 815 hospitio
2428 740 2660 813 excepti
2683 746 2841 796 sunt..
2869 738 2996 795 Pro-

524 986 685 1031 retur.
764 980 957 1030 Metuit
1016 984 1195 1029 autem
1250 982 1592 1045 magistratus
1654 980 1838 1029 audito
1895 996 1987 1031 eos
2039 980 2312 1030 Romanos
2372 994 2490 1029 esse
2551 984 2714 1045 atque
2773 980 2998 1029 iniuriam

526 1068 863 1134 deprecatus,
900 1067 1125 1117 eductos
1160 1069 1385 1133 rogavit,
1424 1074 1485 1117 ut
1520 1067 1900 1133 egrederentur
1937 1068 2084 1117 urbe.
2133 1066 2220 1117 Illi
2253 1082 2374 1117 cum
2399 1066 2602 1117 honore
2639 1066 2844 1115 dimissi
2875 1066 3001 1115 salu-

526 1160 643 1205 tata
676 1156 825 1221 prius
858 1155 915 1205 in
951 1152 1175 1204 aedibus
1212 1156 1321 1203 suis
1346 1154 1537 1219 Lydia,
1576 1154 1938 1219 fratribusque
1975 1155 2104 1203 visis
2141 1160 2196 1203 et
2230 1153 2540 1215 consolatis,
2579 1153 2842 1219 Philippis
2877 1154 3000 1201 exie-

528 1248 666 1293 runt.
716 1242 833 1291 Act.
862 1244 943 1303 16,
975 1243 1053 1291 19.
1082 1256 1121 1291 s.
2299 1300 2302 1305 Ι

738 1327 775 1394 ¹)
812 1328 1208 1378 Nobilissimum
1254 1328 1602 1403 Macedoniae
1639 1328 2000 1394 Metropolim,
2047 1330 2238 1379 Xerxis
2285 1328 2546 1379 adversus
2583 1326 2820 1379 Graecos
2864 1326 3002 1393 profi-

528 1417 775 1465 ciscentis
824 1417 1130 1476 stationem,
1180 1416 1373 1465 veteris
1420 1414 1591 1480 Regni
1639 1414 1975 1465 Macedonici
2017 1416 2236 1477 navale,
2285 1415 2626 1479 Illyricianae
2665 1414 3002 1465 Romanorum

527 1504 836 1567 provinciae
873 1508 1050 1567 caput,
1090 1502 1373 1566 Byzantini
1412 1503 1619 1568 imperii
1665 1501 1908 1551 ultimum
1944 1502 2054 1551 fere
2091 1500 2554 1568 propugnaculum
2592 1498 3004 1563 ,,Θεσσαλονὶκη“,

526 1590 629 1639 sub
668 1589 825 1639 finem
861 1589 1131 1639 borealem
1168 1589 1336 1639 litoris
1384 1588 1661 1639 orientalis
1698 1590 1856 1639 situm
1895 1588 2075 1639 habet.
2134 1588 2331 1639 Forma
2377 1594 2630 1653 corrupta
2666 1604 2707 1639 s.
2742 1587 3006 1637 decurtata

528 1674 916 1737 Salonicia,
966 1674 1277 1728 veneranda
1319 1676 1460 1724 inter
1504 1675 1666 1724 urbes
1713 1690 2010 1741 europaeas
2059 1677 2376 1741 antiquitate
2425 1674 2641 1740 gaudet.
2712 1674 3006 1725 Incolarum

529 1762 915 1817 multitudinem
964 1762 1114 1811 brevi
1164 1766 1285 1826 post
1335 1760 1529 1811 Christi
1580 1760 1786 1811 natalia
1837 1767 2064 1812 testatur
2113 1762 2330 1823 Strabo,
2389 1760 2582 1827 Geogr.
2633 1761 2752 1811 vn.
2804 1779 2853 1826 p.
2899 1762 3005 1809 592.

529 1848 767 1899 Graecos
802 1849 967 1899 fuisse
1006 1849 1261 1914 pristinae
1300 1848 1447 1897 urbis
1472 1848 1678 1898 incolas
1704 1850 1824 1913 ipsa
1848 1851 2066 1899 nomina
2101 1850 2250 1899 urbis
2287 1864 2484 1915 graeca
2507 1878 2574 1885 —
2602 1846 2829 1915 Ἠμαθία,
2867 1844 3006 1903 ‘Alia

529 1934 715 2005 Θέρμα,
741 1964 805 1973 —-
834 1936 1044 1987 docent.
1092 1937 1275 1986 Latini
1312 1937 1539 1986 nominis
1575 1936 1818 1987 homines
1855 1952 1976 1985 cnm
2013 1936 2334 1987 Macedonia
2369 1942 2490 2002 post
2517 1936 2766 1986 Andrisci
2790 1936 3002 1985 Alexan-

530 2024 717 2089 drique
742 2024 1086 2073 rebellionem
1112 2038 1147 2072 a
1171 2023 1295 2072 Chr.
1325 2025 1439 2074 149.
1489 2024 1748 2075 Romanis
1785 2022 1994 2089 plenius
2019 2039 2208 2089 parere
2246 2024 2532 2089 cepissent,
2569 2038 2764 2088 magno
2798 2038 3006 2071 numero

530 2111 985 2173 Thessalonicam,
1024 2112 1101 2161 uti
1139 2111 1275 2161 alias
1312 2112 1472 2162 urbes
1508 2111 1860 2161 Macedoniae
1907 2112 2126 2177 petiere.
2187 2110 2293 2161 Sed
2331 2111 2534 2176 copiosi
2570 2112 2790 2175 insuper
2823 2108 3006 2158 Judaei

529 2198 617 2247 hic
663 2200 770 2249 loci
826 2198 1121 2263 degebant,
1179 2199 1323 2264 quod
1373 2201 1619 2265 quamvis
1669 2198 1826 2249 huius
1877 2202 1954 2249 rei
2003 2198 2146 2265 apud
2195 2199 2447 2264 profanos
2497 2198 2698 2248 nullum
2745 2199 3010 2263 antiquius

532 2286 713 2335 seculo
750 2285 842 2334 lv.
878 2302 931 2351 p.
960 2284 1021 2333 C.
1048 2286 1329 2351 vestigium
1364 2287 1678 2351 reperiatur,
1717 2292 1896 2337 tamen
1923 2314 1987 2323 -
2015 2286 2096 2335 Cf.
2131 2286 2182 2335 J.
2217 2286 2267 2335 J.
2301 2284 2693 2350 Burgerhoudt,
2730 2284 2798 2333 de
2833 2289 3006 2333 coetus

531 2372 953 2421 Christianorum
979 2371 1476 2424 Thessalonicensis
1513 2378 1633 2424 ortu
1669 2373 1899 2438 fatisque
1925 2380 1978 2423 et
2003 2374 2194 2438 prioris
2217 2373 2376 2422 Pauli
2399 2373 2468 2421 iis
2493 2373 2722 2436 scriptae
2759 2371 3006 2436 epistolat-

530 2459 753 2509 consilio
792 2464 955 2523 atque
993 2464 1323 2523 argumento.
1374 2459 1547 2524 Lugd.
1572 2460 1694 2509 Bat.
1725 2462 1874 2509 1825.
1911 2477 1963 2526 p.
1991 2461 2039 2509 8.
2067 2476 2108 2509 s.
2151 2458 2247 2508 Th.
2273 2460 2335 2509 L.
2361 2458 2452 2507 Fr.
2481 2458 2651 2519 Tasel,
2691 2458 2754 2507 de
2790 2457 3008 2506 Thessa-

530 2546 707 2595 lonica
744 2546 967 2611 eiusque
1005 2560 1151 2611 agrO.
1201 2545 1377 2595 Berol.
1407 2546 1555 2596 1839.
1594 2545 1730 2611 prol.
1765 2564 1816 2611 p.
1841 2546 1956 2595 XV.
1983 2546 2196 2595 LXXV.
2237 2552 2290 2595 et
2324 2562 2375 2611 p.
2412 2548 2531 2595 168.
2565 2546 2685 2595 497.
2717 2572 2772 2581 -
2801 2560 2862 2593 ex
2899 2544 3006 2593 Act.

533 2634 615 2695 17,
646 2637 690 2683 1.
730 2634 996 2698 sequitur3
1036 2638 1089 2683 et
1112 2649 1268 2683 nemo
1293 2634 1586 2694 mirabitur,
1626 2636 1718 2698 qui
1744 2635 2016 2699 egregium
2051 2634 2281 2683 civitatis
2310 2632 2670 2697 amplissimae
2705 2632 2858 2683 situm
2881 2646 3006 2679 mer-

533 2719 779 2769 cantilem
816 2718 1115 2769 attenderit.
1178 2718 1519 2784 Synagogam
1560 2720 1700 2769 enim
1739 2720 2086 2769 celebriorem
2130 2720 2184 2769 in
2231 2720 2363 2769 urbe
2408 2718 2792 2769 Thessalonica
2822 2717 3006 2767 Judaei

498 2798 828 2868 'habebant,
876 2820 1050 2871 neque
1096 2808 1255 2870 pauci
1302 2806 1575 2871 gentilium
1614 2806 1871 2871 proselyti
1919 2806 2118 2857 fiebant
2159 2806 2354 2856 iudaici
2391 2811 2530 2856 teste
2565 2806 2683 2856 Act.
2723 2806 2810 2863 17,
2845 2806 2892 2853 4.
2935 2806 3007 2851 17.

532 2894 719 2957 Longe
763 2897 941 2942 autem
986 2895 1156 2943 maior
1200 2908 1449 2943 numerus
1500 2908 1565 2942 ex
1610 2892 1714 2943 hoc
1759 2909 1955 2957 genere
2001 2898 2119 2943 erat
2163 2893 2441 2943 mulierum
2487 2891 2874 2957 religiosarum,
2919 2906 3006 2955 pro

532 2980 761 3029 maxima
806 2984 957 3044 parte
1004 2996 1033 3029 e
1078 2979 1453 3043 nobilioribus3
1500 2979 1571 3029 ad
1619 2994 1754 3045 quas
1790 2980 1966 3029 facilis
2005 2984 2122 3029 erat
2155 2982 2209 3028 in
2244 2978 2508 3029 tradenda
2544 2978 2744 3029 Christi
2781 2978 3006 3027 doctrina

534 3066 725 3129 aditus,
766 3066 895 3131 quia
930 3066 1211 3131 diligenter
1256 3080 1559 3133 synagogas
1604 3067 2033 3131 frequentabant.
2094 3066 2176 3116 Ad
2223 3067 2416 3115 civium
2465 3065 3004 3117 Thessalonicensium

532 3168 705 3203 mores
744 3152 887 3217 quod
924 3154 1139 3215 attinet,
1186 3157 1489 3203 mercatura
1533 3152 1748 3218 quidem
1795 3168 1914 3202 cum
1951 3154 2176 3202 maxime
2211 3154 2266 3201 in
2303 3152 2398 3203 illa
2433 3158 2714 3218 ageretur,
2761 3168 2824 3203 ea
2856 3153 3004 3199 vitam

534 3240 869 3291 sustentandi
906 3240 1041 3289 ratio
1078 3240 1299 3289 multum
1325 3240 1393 3289 ad
1426 3238 1547 3289 illos
1585 3239 2004 3305 corrumpendos
2042 3238 2330 3290 contulisse
2369 3240 2606 3302 videtur3
2644 3241 2822 3305 prouti
2853 3239 3006 3303 liquet

538 3343 602 3376 ex
640 3326 1102 3377 adhortationibus
1139 3326 1399 3392 Apostoli,
1450 3341 1588 3391 quae
1626 3326 1820 3377 obviae
1868 3330 1992 3375 sunt
2027 3327 2084 3375 in
2121 3326 2258 3376 datis
2297 3326 2364 3377 ad
2402 3342 2493 3376 eos
2531 3326 2718 3377 literis.
2772 3325 2924 3375 Nulla
2953 3338 3004 3371 re

534 3418 595 3462 ut
630 3415 847 3479 exponit
881 3412 1119 3463 Joannes
1158 3413 1485 3475 Cameniata,
1522 3410 1632 3479 περὶ
1668 3408 1903 3471 ἁλώσεως
1941 3408 2321 3477 Θεσσαλονίκης,
2359 3428 2476 3478 cap.
2513 3412 2610 3462 111.
2647 3413 2730 3463 ed.
2755 3413 2841 3461 Fr.
2867 3411 3000 3459 Com·

534 3498 730 3560 befisii,
769 3498 907 3550 Hist.
942 3500 1070 3563 Byz.
1107 3498 1297 3564 Script.
1331 3516 1382 3565 p.
1411 3498 1727 3564 Theophan.
1764 3500 1846 3549 ed.
1871 3500 2005 3549 Ven.
2034 3502 2184 3549 1729.
2219 3500 2332 3549 XV.
2371 3501 2541 3564 magis
2577 3499 2831 3549 inclaruit
2863 3512 3000 3563 quam

537 3585 703 3650 quod:
755 3579 951 3645 ,,Ἀυτὸν
995 3580 1088 3653 γὰρ
1134 3582 1283 3654 αὐχεῖ
1321 3582 1655 3648 Θεσσαλονίκη
1705 3579 1788 3636 τὸν
1825 3583 2019 3636 Παῦλον
2065 3582 2190 3655 ἔχειν
2239 3587 2323 3649 τῆς
2375 3582 2616 3651 εὐσεβείας
2665 3582 3000 3641 διδάσκολον“;

536 3690 587 3738 p.
614 3674 731 3721 241.
770 3678 931 3737 atque
970 3666 1058 3733 „rb
1094 3667 1384 3739 ὄρθόδοξον“
1423 3688 1616 3723 nomen
1655 3674 1920 3722 meruerit.
1971 3672 2172 3723 Throni
2209 3672 2422 3738 quidem
2448 3672 2838 3739 Ecclesiaeque
2859 3671 3002 3721 Thes·

536 3758 883 3809 salonicensis
920 3774 1169 3825 magnum
1206 3776 1414 3825 semper
1451 3758 1706 3809 honorem
1734 3759 1917 3821 fuisse,
1961 3764 2260 3811 monstrant
2294 3759 2547 3809 historiae
2585 3761 2856 3825 antiquae,
2889 3772 3003 3823 quas

538 3846 937 3912 diligentissime
976 3848 1245 3911 congessit
1281 3846 1451 3909 Tasci,
1490 3845 1522 3899 1.
1551 3862 1596 3895 c.
1624 3862 1671 3895 c.
1698 3849 1747 3896 5.
1789 3846 1854 3895 de
1894 3846 2154 3911 dignitate
2190 3847 2340 3897 urbis
2377 3846 2748 3897 ecclesiastica
2782 3863 2832 3911 p.
2863 3848 2940 3895 45.
2970 3860 3004 3892 s.

539 3933 579 3997 ²)
618 3934 734 3983 Act.
764 3936 845 3995 16,
876 3936 1094 3993 12-17,
1125 3936 1169 3983 1.
1209 3932 1289 3981 Cf.
1314 3934 1690 3998 inscriptiones
1713 3934 1888 3998 Epist.
1914 3932 1984 3982 ad
2011 3932 2196 3983 Thess.
2235 3933 2430 3998 quibus
2456 3932 2660 3983 Paulus
2691 3949 2798 3983 non
2823 3937 3004 3981 tantum

537 4036 689 4071 suum
736 4019 829 4069 sed
874 4019 1087 4069 illorum
1133 4034 1345 4083 quoque
1392 4020 1607 4068 nomina
1653 4020 1938 4083 praemisit.
2011 4020 2166 4069 Certe
2215 4020 2329 4069 Act.
2375 4021 2462 4079 17,
2505 4021 2584 4069 14.
2637 4019 2704 4068 de
2751 4016 3004 4068 Timotheo

538 4123 708 4157 sermo
748 4112 829 4156 cst
854 4112 915 4155 ut
944 4107 1089 4157 socio
1128 4105 1282 4155 Pauli
1320 4111 1595 4171 perpetuo.
1647 4104 1699 4155 S.
1725 4106 1905 4167 Lucas
1943 4122 2085 4168 ver0,
2125 4107 2218 4172 qui
2255 4106 2574 4171 Apostolum
2609 4106 2736 4155 inde
2759 4120 2794 4155 a
2817 4103 3004 4155 Troade

536 4210 707 4259 usque
756 4194 825 4242 ad
872 4193 1145 4259 Philippos
1194 4195 1475 4243 comitatus
1525 4192 1726 4255 fuerat,
1777 4194 1830 4243 in
1881 4192 1982 4243 hac
2030 4193 2162 4241 urbe
2212 4194 2531 4242 remansisse
2586 4192 2827 4253 videtui-3
2878 4188 3006 4255 quod

539 4280 661 4330 inde
708 4286 877 4345 patet,
927 4282 1051 4345 quia
1097 4296 1269 4345 neque
1318 4280 1371 4328 in
1408 4280 1575 4329 literis
1614 4297 1656 4329 s.
1683 4279 1838 4329 Pauli
1878 4279 1948 4329 ad
1985 4278 2519 4341 Thessalonicenses,
2569 4294 2748 4345 neque
2790 4280 2843 4327 in
2879 4276 3004 4327 Actis

538 4366 651 4416 ulla
700 4368 813 4417 eius
861 4368 1057 4417 mentio
1108 4366 1227 4431 fiat3
1276 4372 1329 4416 et
1378 4366 1523 4433 quod
1573 4367 1664 4429 17,
1708 4370 1753 4415 1.
1792 4383 1832 4416 s.
1883 4368 2090 4417 tertiam
2129 4380 2410 4432 personam
2447 4365 2704 4415 adhibeat
2737 4382 2852 4415 cum
2886 4363 3004 4412 alias

540 4458 848 4503 constanter
884 4454 1056 4519 prima
1088 4458 1283 4516 utatur,
1320 4455 1376 4503 in
1402 4454 1466 4503 iis
1506 4452 1820 4503 enarrandis
1859 4455 2054 4519 quibus
2091 4454 2206 4519 ipse
2229 4468 2485 4519 praesens
2523 4453 2639 4503 fuit.
2702 4452 2741 4519 ⁸)
2769 4449 3008 4518 Cognati?

540 4538 691 4588 Rom.
733 4541 814 4602 16,
853 4541 936 4590 21.

3197 2162 3200 2367 l
