3267 5259
626 433 752 497 142
1305 446 1419 488 mat.
1448 448 1553 489 sev.
1584 446 1674 488 «nv.
1702 446 1756 488 u.
1781 446 1830 487 r.
1851 446 2018 489 rosus.
2047 447 2081 489 1.
2102 459 2196 498 ω».
2225 449 2429 490 aiterum.

1144 727 1203 806 ξ.
1236 727 1339 793 31.
1408 723 1854 791 Crucifixio
1901 726 1988 789 D.
2032 726 2112 790 N.
2159 726 2221 791 J.
2272 725 2588 792 Christi.

834 911 1071 978 Judaei
1140 912 1412 979 simulac
1471 938 1512 979 a
1569 914 1781 979 Pilato
1845 904 2235 981 clamoribus
2297 918 2428 981 suis
2495 916 2844 982 inconditis
2909 926 3080 1002 atque

626 1024 1037 1090 tumultuosis
1105 1024 1537 1091 decretoriam
1606 1037 2023 1092 extorserunt
2089 1030 2508 1111 sententiam,
2575 1052 2661 1095 ne
2731 1030 2814 1094 ad
2875 1029 3080 1095 horam

631 1137 939 1224 quidem¹
1046 1136 1431 1201 distulerunt
1535 1139 1924 1225 supplicium
2010 1141 2378 1205 innocentis
2462 1140 2616 1205 licet
2705 1152 2770 1206 et
2863 1144 3082 1207 innoxii

626 1394 966 1444 innocentiae
1003 1394 1305 1443 testimonia
1340 1393 1528 1445 iudicis
1566 1394 1660 1443 diu
1695 1394 2043 1459 repugnantis
2081 1395 2400 1445 constantia.
2438 1395 2604 1457 Quasi
2641 1397 2772 1447 satis
2809 1397 2882 1447 sit
2911 1395 3084 1447 lan-isse

624 1494 840 1543 manus3
878 1478 965 1529 vel
994 1479 1155 1545 culpa
1176 1479 1383 1542 liberet,
1410 1480 1553 1546 quod
1590 1479 1788 1529 Judaei
1832 1493 2058 1543 poenam
2095 1478 2248 1529 effusi
2273 1482 2548 1546 sang-uinis
2583 1484 2640 1531 in
2675 1498 2775 1532 sua
2811 1488 2864 1531 et
2897 1498 3084 1533 suorum
3190 1514 3191 1541 3

628 1568 807 1631 capita
844 1565 1161 1631 deposcant:
1213 1566 1389 1631 prodit
1422 1568 1686 1617 insontem
1725 1572 1778 1615 et
1813 1570 2068 1631 tanquam
2102 1566 2284 1616 laesae
2321 1567 2534 1617 divinae
2572 1573 2626 1618 et
2661 1569 2920 1619 humanae
2946 1569 3083 1617 maie-
3190 1590 3191 1649 ᾗ

624 1652 780 1703 statis
803 1667 967 1715 reum,
994 1651 1063 1701 ad
1100 1654 1273 1702 crucis
1309 1652 1628 1719 supplicium
1655 1652 1779 1703 duci
1801 1654 2056 1715 permisit.
2081 1652 2268 1703 Matth.
2295 1655 2379 1716 27,
2407 1656 2593 1704 1-81.
2617 1655 2784 1706 Marc.
2813 1659 2894 1718 15,
2922 1658 3086 1705 1—20.

624 1739 758 1789 Luc.
785 1741 869 1803 23,
896 1741 981 1790 66.
1005 1766 1072 1775 -
1098 1740 1182 1801 24,
1210 1742 1292 1789 26.
1340 1740 1538 1803 Joann,
1567 1742 1649 1804 18,
1677 1742 1759 1791 28.
1787 1768 1854 1777 --
1881 1742 1962 1801 19,
1993 1741 2074 1789 ιτ.
2115 1741 2285 1793 Pilati
2315 1742 2575 1810 inqeniwn
2609 1749 2654 1795 et
2687 1743 2889 1803 indoles.
2947 1742 3086 1791 Prae-

626 1827 789 1877 missa
841 1825 943 1876 hoc
996 1826 1153 1875 modo
1208 1826 1567 1877 Historiarum
1620 1828 1757 1877 serie
1815 1828 2090 1891 quaeritur
2125 1842 2284 1889 nunc,
2331 1841 2401 1877 an
2447 1827 2655 1879 Pilatus
2705 1828 2934 1879 officim
2977 1828 3088 1877 boni
3190 1848 3191 1899 }

626 1912 816 1962 iudicis
854 1910 1184 1987 impleverit?
1230 1912 1515 1977 Negamus.
1564 1914 1777 1963 Veritas
1824 1913 2120 1963 sententiae
2169 1914 2452 1978 negativae
2495 1914 2702 1979 patebit
2737 1916 2784 1965 si
2821 1914 3088 1966 ostenderi-
3190 1900 3191 1959 ί

624 2014 757 2061 mus,
812 1999 869 2048 in
923 2015 1029 2065 quo
1083 2000 1403 2064 peccaverit.
1464 1998 1670 2049 Judicii
1723 2000 2106 2064 cuiuscumque
2159 1998 2298 2049 duae
2351 2002 2672 2066 praecipuae
2727 2006 2906 2067 partes
2960 2006 3089 2051 sunt:

628 2086 858 2151 cognitio
896 2100 1093 2136 causae
1130 2086 1351 2151 eiusque
1400 2086 1730 2137 diiudicatio.
1781 2086 1863 2136 cf.
1897 2086 2195 2147 Thomasii,
2245 2086 2312 2135 de
2357 2087 2558 2137 iniusta
2603 2087 2766 2138 Pilati
2813 2088 3004 2138 iudicio
3043 2087 3092 2134 in
3190 2076 3191 2091 ³

628 2172 788 2223 Thes.
812 2188 936 2222 nov.
962 2173 1035 2236 ΙΙ,
1061 2174 1180 2223 343.
1206 2188 1248 2223 s.
1300 2170 1359 2221 C.
1383 2170 1455 2221 M.
1483 2171 1708 2236 Genelli,
1746 2171 1908 2223 Jcsus
1936 2172 2058 2222 Chr.
2083 2188 2180 2223 vor
2205 2173 2390 2223 seinen
2413 2172 2686 2237 Richter-n,
2723 2174 2780 2223 in
2815 2188 2940 2223 ann.
2971 2173 3088 2222 Tiib.
3190 2174 3191 2203 ³

626 2258 991 2320 Quartalschr.
1021 2260 1172 2309 1840.
1209 2275 1261 2324 p.
1288 2260 1371 2308 35.
1399 2275 1438 2309 s.
1476 2260 1559 2307 46.
1586 2274 1628 2309 s.
1678 2258 1978 2324 Antequam
2014 2274 2140 2307 vero
2167 2256 2327 2308 iudex
2351 2272 2568 2309 causam
2600 2264 2906 2337 cognoscat,
2943 2258 3091 2325 probe
3190 2244 3191 2283 1

624 2346 728 2411 ipsi
774 2344 1063 2395 videndum
1118 2350 1201 2395 est
1253 2344 1319 2395 de
1372 2344 1686 2395 fundatione
1738 2345 2136 2395 iurisdictionis.
2196 2344 2317 2395 Hoc
2365 2350 2615 2411 respectu
2667 2344 2875 2395 Pilatus
2929 2346 3090 2409 inique

626 2432 768 2495 fecit,
808 2432 952 2497 quod
991 2448 1111 2482 cum
1148 2434 1263 2497 ipse
1300 2433 1513 2483 omnino
1549 2432 1712 2482 iudex
1749 2436 2058 2497 competens
2093 2432 2278 2494 fuerit,
2328 2436 2543 2497 praeter
2577 2447 2788 2483 omnem
2823 2433 3089 2481 necessita-

627 2522 733 2568 tem
770 2518 1038 2569 Christum
1076 2519 1147 2569 ad
1180 2518 1450 2569 Herodem
1486 2519 1705 2569 miserit.
1753 2519 1826 2567 At
1858 2519 2018 2583 longe
2051 2520 2222 2583 mag-Is
2247 2521 2492 2581 peccavit
2523 2518 2582 2569 in
2620 2533 2818 2569 causae
2853 2517 3092 2567 diiudica-
3190 2566 3191 2571 ,

628 2606 788 2655 tione.
828 2604 985 2667 Quod
1020 2624 1069 2657 α.
1098 2604 1363 2656 Christum
1400 2609 1683 2670 postquam
1721 2604 1936 2669 publice
1973 2604 2040 2654 de
2077 2604 2380 2655 omnimoda
2403 2604 2519 2655 eius
2543 2606 2852 2655 innocentia
2885 2610 3092 2654 testatus
3190 2612 3191 2659 ἶ

630 2696 760 2754 erat,
798 2706 918 2741 cum
954 2690 1361 2743 sceleratissimo
1400 2691 1609 2742 latrone
1645 2691 1894 2741 Barabba
1933 2690 2232 2742 contulerit.
2299 2692 2343 2743 b.
2394 2690 2550 2753 Quod
2585 2691 2775 2741 ,Iesum
2823 2691 3092 2741 miserrime

628 2777 937 2843 flagellavit.
986 2776 1258 2827 Summum
1294 2793 1423 2827 vero
1458 2778 1756 2828 iniustitiae
1791 2777 2012 2843 gradum
2051 2776 2298 2843 explevit,
2337 2777 2432 2827 ubi
2467 2776 2738 2828 Christum
2773 2782 2959 2827 contra
2984 2792 3092 2841 pro·
3190 2774 3191 2783 ’

628 2866 797 2931 priam
843 2864 1222 2914 conscientiam
1270 2864 1340 2913 ad
1384 2868 1605 2914 mortem
1656 2864 1943 2915 damnavit.
1999 2862 2104 2913 Sed
2159 2868 2214 2913 et
2267 2864 2578 2929 ceteroquin
2633 2865 2748 2915 eius
2793 2863 2998 2915 indoles
3037 2877 3095 2911 ac
3190 2886 3191 2891 =

626 2952 897 3015 ingenium
932 2964 1167 3013 saevum,
1206 2950 1690 3015 sanguinolentum,
1747 2965 1813 3001 ac
1865 2950 2224 3001 truculentum
2269 2954 2410 3013 erat,
2467 2956 2529 3000 ut
2572 2955 2803 3001 testatur
2844 2968 2888 3001 s.
2929 2950 3095 2999 Lucas

631 3039 713 3099 13,
740 3040 805 3097 1.,
844 3037 932 3085 cui
966 3037 1195 3087 succinit
1228 3035 1381 3086 Philo
1418 3036 1664 3087 Judaeus
1699 3037 1967 3102 legatione
1993 3037 2062 3086 ad
2106 3037 2296 3087 Caium
2329 3053 2382 3102 p.
2428 3038 2580 3087 1384.
2617 3036 2904 3102 Josephus‚
2929 3037 3094 3100 Antiq.
3190 3100 3191 3115 χ

627 3122 827 3173 XVIII.
864 3125 912 3186 3,
942 3126 987 3173 1.
1026 3124 1075 3185 4,
1104 3126 1149 3173 1.
1186 3140 1239 3189 p.
1267 3124 1385 3173 875.
1411 3140 1455 3174 s.
1492 3140 1543 3189 p.
1570 3125 1689 3173 879.
1715 3138 1758 3173 s.
1803 3124 2100 3186 Eusebius,
2147 3122 2288 3173 Hist.
2325 3122 2454 3172 eccl.
2489 3122 2563 3184 11,
2594 3125 2641 3174 7.
2677 3139 2732 3189 p.
2757 3125 2844 3173 46.
2881 3122 3094 3171 Constit.

628 3216 799 3276 apost.
836 3210 901 3271 V,
930 3210 995 3260 14
1033 3211 1086 3258 in
1122 3210 1181 3259 P.
1207 3210 1267 3259 P.
1292 3223 1379 3275 ap.
1406 3208 1523 3259 Cot.
1550 3209 1632 3259 ed.
1661 3208 1872 3259 Clerici.
1907 3210 1962 3272 I,
1988 3212 2107 3260 321.
2155 3210 2512 3271 Quamobrem
2559 3211 2723 3259 etiam
2757 3208 2878 3259 loco
2915 3213 3092 3268 motus,

628 3302 789 3363 atque
824 3296 1045 3346 Romam
1082 3302 1143 3345 ut
1177 3310 1395 3347 causam
1430 3296 1633 3345 diceret
1667 3296 1876 3347 citatus.
1933 3296 2090 3347 Unde
2136 3296 2224 3346 vel
2269 3297 2497 3346 maxime
2541 3296 2646 3345 Dei
2693 3311 2885 3345 manus
2929 3295 3094 3345 obser-

626 3383 831 3445 vanda,
881 3398 1017 3449 quae
1065 3382 1207 3432 hunc
1242 3396 1461 3433 saevum
1499 3382 1764 3432 hominem
1798 3384 1856 3433 in
1893 3382 2101 3433 Christo
2139 3382 2544 3433 condemnando
2583 3382 2852 3433 difficilem
2887 3382 3096 3447 praesti·
3190 3404 3191 3433 ὲ

626 3471 718 3532 tit,
772 3474 831 3519 ut
871 3469 1007 3519 Jesu
1054 3470 1363 3519 innocentia
1406 3474 1556 3519 tanto
1600 3468 1756 3519 fieret
1789 3469 2134 3519 manifestior.
2187 3470 2262 3519 Et
2308 3468 2434 3519 huic
2482 3468 2686 3531 Pilato,
2743 3469 2896 3519 cuius
2949 3468 3095 3517 etiam
3190 3496 3191 3525 1

628 3557 862 3617 Tacitus,
900 3555 1091 3606 Annal.
1116 3556 1259 3618 XIV,
1285 3557 1371 3605 44.
1406 3556 1479 3618 11,
1510 3557 1626 3607 147.
1663 3557 1914 3618 meminit,
1941 3558 2036 3622 qui
2071 3556 2228 3607 homo
2253 3556 2466 3621 gsnfilis
2491 3560 2622 3617 erat,
2659 3554 2910 3606 Salvator
2929 3558 3098 3603 noster

628 3641 854 3693 traditus
892 3647 988 3704 cst,
1026 3647 1087 3692 ut
1121 3643 1430 3692 vaticinium
1464 3640 1774 3707 impleretur
1808 3642 1996 3693 Matth.
2021 3645 2106 3704 20,
2135 3643 2216 3693 18.
2245 3644 2328 3693 19.
2373 3642 2622 3707 Denique
2667 3644 2716 3692 si
2759 3656 2840 3704 ea,
2877 3654 3014 3706 quac
3047 3641 3096 3687 in
3190 3630 3191 3633 ¹

628 3743 795 3779 causa
830 3728 1027 3779 Christi
1062 3730 1200 3778 inter
1235 3729 1465 3779 Pilatum
1508 3732 1563 3778 et
1596 3728 1838 3780 Judaeos
1873 3730 2306 3790 intercesserunt,
2351 3729 2778 3779 consideramus:
2819 3728 3097 3793 reperimus

630 3815 893 3882 quomodo
930 3815 1241 3881 improbitas
1268 3830 1387 3865 cum
1410 3815 1753 3880 improbitate
1789 3830 1951 3881 super
1983 3816 2292 3866 innocentia
2325 3815 2532 3866 luctata
2565 3816 2652 3876 sit,
2689 3828 2860 3879 usque
2893 3812 3096 3862 tandem

626 3903 795 3952 maior
856 3902 1045 3952 minori
1108 3901 1425 3965 praevaluit,
1463 3914 1689 3966 eamque
1761 3900 1934 3967 fregit.
2005 3902 2041 3951 J
2045 3902 2334 3951 udaeorum
2393 3901 2648 3951 malitiam
2706 3901 2847 3951 bene
2909 3899 3096 3963 detegit

628 4005 669 4040 s.
694 3989 1040 4053 Augustinus,
1078 4002 1251 4037 enarr.
1288 3988 1344 4037 in
1381 3988 1469 4037 Ps.
1494 3986 1694 4049 LXIII,
1730 3989 1778 4036 4.
1815 4003 1866 4052 p.
1906 3988 2024 4037 619.
2063 3993 2118 4037 et
2159 4004 2202 4038 s.
2239 3987 2370 4048 Leo,
2405 4002 2560 4037 serm.
2597 3987 2664 4036 de
2701 3987 2856 4037 Pass-
2889 3984 3096 4035 Domini

627 4075 718 4137 VI,
745 4078 795 4127 3.
834 4075 1179 4135 „Peccaverit
1212 4073 1421 4124 Pilatus
1454 4072 1702 4123 faciendo
1741 4073 1883 4139 quod
1920 4072 2117 4136 noluit,
2153 4075 2209 4123 in
2245 4077 2477 4124 vestram
2511 4078 2691 4123 tamen
2727 4072 3098 4123 conscientiam

628 4162 863 4224 confluit,
902 4160 1160 4227 quidquid
1196 4160 1345 4210 furor
1378 4164 1557 4211 vester
1592 4160 1860 4211 extorsit.“
1895 4176 1950 4225 p.
1975 4162 2058 4210 36.
2086 4161 2239 4221 Quae
2275 4166 2486 4225 praeter
2519 4160 2790 4210 Historias
2823 4172 3005 4209 sacras
3039 4156 3098 4204 dc

627 4249 787 4299 ruas
823 4250 969 4298 eirea
1004 4246 1270 4297 christum
1306 4246 1505 4296 iudicio
1543 4248 1599 4295 in
1634 4247 1846 4312 seriptis
1891 4246 2212 4311 apocryphis
2259 4246 2549 4308 habentur,
2599 4246 2818 4311 collegit
2859 4244 2923 4293 R.
2959 4242 3098 4293 nos·

626 4348 803 4397 mann,
840 4334 877 4384 1.
902 4350 949 4384 c.
974 4350 1027 4400 p.
1054 4336 1170 4384 334.
1210 4338 1264 4383 et
1298 4333 1357 4383 Ο.
1383 4333 1750 4396 Tischemhrf,
1789 4333 1915 4383 diss.
1941 4349 1984 4383 s.
2011 4348 2056 4383 c.
2082 4349 2134 4398 p.
2163 4334 2210 4383 7.
2234 4348 2276 4384 s.
3190 4318 3191 4321 ¹

840 4420 877 4485 ¹)
933 4421 1052 4483 Quo
1100 4420 1169 4471 ad
1212 4424 1435 4471 mortem
1470 4436 1528 4470 se
1564 4434 1758 4492 parare
1794 4420 2122 4471 commodius
2157 4424 2366 4485 posset,
2421 4418 2478 4469 id
2525 4420 2666 4469 enim
2701 4417 2846 4484 apud
2881 4416 3100 4484 populos
3190 4472 3191 4483 1

629 4521 812 4557 omnes
848 4506 1189 4571 observatum
1244 4512 1406 4573 atque
1452 4506 1778 4572 temporibus
1813 4506 2016 4556 Tiberii
2049 4506 2250 4556 factum
2287 4510 2370 4556 est
2416 4505 3004 4565 senatus-consultum,
3047 4506 3102 4551 ut

628 4606 807 4659 poena
851 4592 1217 4643 damnatorum
1252 4595 1310 4643 in
1356 4594 1619 4643 decimum
1655 4608 1864 4659 semper
1913 4592 2051 4643 diem
2089 4592 2402 4643 differretur.
2425 4634 2429 4638 .
2453 4590 2536 4642 Cf.
2559 4591 2754 4656 Taciti,
2789 4592 2984 4641 Annal.
3008 4590 3100 4651 ΠΙ,
3190 4636 3191 4663 ξ
