3267 5259
1014 381 1235 431 spi-tono
1262 384 1308 422 s,
1330 380 1459 422 Pauli
1482 382 1566 451 μ.
1597 381 1652 421 aa
1679 380 1941 421 corinthios.
2595 368 2712 433 391

226 558 443 622 differt
486 560 815 644 sapientia
856 556 967 621 illa
994 555 1146 639 Dei,
1196 558 1437 642 quippe
1486 577 1656 641 quae
1697 554 1976 641 Spiritus
2009 555 2074 620 S.
2109 555 2352 619 aculeis
2383 556 2720 636 instructa,

226 669 615 735 abscondita
661 670 799 734 eius
844 670 1155 755 mysteria
1199 669 1482 754 aperiat3
1553 690 1700 731 eam
1747 666 2012 753 quidem
2057 668 2268 733 minus
2313 667 2578 753 probari
2621 668 2719 750 iis,

226 784 333 867 qui
376 782 541 846 nihil
587 782 879 847 divinum
925 782 1236 866 cogitant,
1284 788 1515 845 contra
1557 802 1715 845 vero
1765 780 1876 866 qui
1921 781 2217 866 spiritum
2249 778 2489 844 Christi
2529 802 2718 843 acce-

223 903 491 980 perunt,
554 893 923 979 intelligunt
984 914 1153 979 quae
1217 892 1321 956 i'lle
1382 892 1706 957 humanae
1753 894 2112 977 sapientiae
2157 915 2424 978 prorsus
2468 882 2712 957 inscru-

222 1005 449 1071 tabilia
476 1006 795 1092 patefecit
817 1009 855 1070 ¹.
902 1004 1011 1069 Ad
1040 1007 1199 1070 istos
1228 1005 1545 1090 profanos
1574 1004 1794 1090 aliqua
1823 1006 2077 1070 ratione
2111 1006 2306 1069 etiam
2347 1004 2716 1069 Corinthios

222 1120 553 1205 pertinere
584 1141 671 1183 ex
717 1120 1005 1203 ipsorum
1052 1118 1541 1183 concertatione
1590 1116 1835 1201 colligit
1853 1118 1896 1181 ².
1959 1116 2385 1183 Haerendum
2432 1140 2574 1182 esse
2605 1120 2714 1182 uni

224 1231 481 1297 Christo
508 1230 735 1297 salutis
764 1232 1034 1312 auctori,
1068 1229 1247 1316 quod
1270 1229 1573 1295 Ecclesia
1604 1228 1970 1295 aedificium
2007 1230 2088 1294 sit
2117 1229 2373 1295 Christo
2404 1240 2716 1316 tanquam

222 1344 651 1409 fundamento
686 1352 1199 1431 superstructum
1218 1346 1262 1407 ³.
1328 1343 1688 1408 Dominum
1717 1342 1760 1407 J
1763 1364 1948 1407 esum
1977 1344 2210 1407 summi
2239 1344 2529 1428 magistri
2559 1342 2707 1407 loco

221 1606 423 1663 autem,
478 1601 573 1664 qui
618 1597 845 1649 salutem
893 1598 1125 1647 assecuti
1175 1612 1381 1658 sumus,
1434 1611 1624 1646 revera
1669 1595 1894 1645 mirifica
1941 1600 2038 1647 est.
2111 1596 2262 1658 Quae
2309 1611 2440 1646 sane
2485 1614 2593 1647 non
2641 1600 2716 1648 ita

221 1688 489 1747 emineret,
516 1688 563 1737 si
588 1686 659 1735 ab
685 1686 813 1735 artis
838 1684 925 1734 vel
950 1685 1245 1749 sapientiae
1269 1684 1537 1734 humanae
1567 1682 1835 1749 praesidio
1873 1682 2147 1749 penderet.
2197 1683 2370 1745 Quam
2393 1686 2712 1751 sapientiam

221 1773 543 1825 abolendam
577 1771 841 1839 praedixit
874 1770 1060 1821 Isaias.
1089 1773 1173 1833 29,
1202 1772 1285 1819 14.
1345 1769 1790 1836 Quandoquidem
1827 1786 1892 1820 ex
1928 1770 2229 1819 admirabili
2263 1771 2446 1820 mundi
2483 1772 2713 1837 opificio,

220 1862 389 1911 Deum
416 1860 655 1910 universi
682 1858 935 1909 artificem
956 1874 1065 1907 non
1090 1861 1425 1923 agnoverunt
1447 1858 1713 1921 homines3
1741 1856 1829 1906 ille
1848 1858 1963 1922 ipse
1983 1856 2241 1907 bonorum
2267 1859 2498 1908 omnium
2519 1874 2712 1925 parens

219 1949 451 2013 gratuita
484 1962 589 1997 sua
623 1946 879 2006 bonitate,
916 1944 1080 1995 stulta
1115 1944 1504 2010 quodammodo
1542 1944 1862 2009 minimeque
1889 1942 2088 1994 diserta
2113 1944 2394 2009 Evangelii
2429 1946 2710 2011 praedica-

218 2036 359 2085 tione
378 2034 561 2085 voluit
582 2032 889 2098 pertrahere
912 2031 983 2081 ad
1006 2031 1231 2083 salutem
1257 2046 1367 2093 eos,
1402 2032 1492 2097 qui
1518 2030 1884 2081 credidissent.
1923 2031 2058 2081 Nam
2081 2030 2278 2081 Judaei
2304 2032 2517 2097 quidem
2541 2033 2706 2083 rebus

220 2120 567 2181 mirabilibus,
618 2133 757 2184 quae
804 2119 859 2168 in
897 2119 1077 2168 Veteri
1115 2116 1443 2168 Oeconomia
1486 2119 1824 2185 contigerunt
1867 2119 2092 2179 assueti,
2141 2118 2384 2185 prodigia
2428 2124 2711 2184 expetunt;

220 2208 407 2259 Graeci
431 2213 617 2258 autem
643 2220 804 2256 unam
841 2205 1141 2255 divinarum
1178 2204 1633 2270 humanarumque
1671 2220 1846 2255 rerum
1883 2205 2202 2271 sapientiam
2239 2206 2551 2271 suscipiunt.
2599 2208 2710 2257 Nos

220 2311 370 2361 porro
396 2293 775 2361 praedicamus
800 2293 1155 2357 omnibusque
1180 2292 1460 2343 colendum
1482 2293 1828 2358 proponimus
1854 2278 2180 2343 Christum
2206 2293 2386 2343 cruci
2411 2293 2708 2357 affixum3

220 2398 369 2447 quem
415 2380 623 2431 Judaei
664 2396 761 2445 pro
808 2378 1127 2431 offendiculo
1174 2378 1399 2441 habent,
1446 2378 1641 2429 Graeci
1697 2378 1916 2445 perinde
1961 2394 2026 2428 ac
2073 2395 2183 2429 rem
2235 2394 2274 2429 a
2309 2386 2456 2431 recta
2500 2382 2708 2431 ratione

218 2468 445 2519 alienam
484 2470 851 2517 contemnunt.
906 2464 1041 2515 Cum
1080 2469 1256 2515 tamen
1292 2480 1483 2515 revera
1517 2467 1597 2527 iis,
1635 2467 1728 2530 qui
1765 2465 1836 2515 ad
1871 2465 2142 2515 efficacem
2178 2468 2513 2517 vocationem
2549 2470 2708 2533 perti·

221 2563 357 2620 nent,
396 2558 515 2607 sive
552 2554 635 2605 illi
678 2553 875 2605 Judaei
918 2553 1026 2603 sint
1070 2554 1183 2603 sive
1221 2552 1413 2603 Graeci
1452 2552 1692 2603 Christus
1734 2551 2064 2603 Deus-homo
2111 2552 2288 2603 divino
2333 2554 2482 2605 cultu
2527 2569 2708 2619 prose-

222 2645 467 2709 quendus
503 2642 779 2703 videatur,
830 2640 917 2689 vel
952 2639 1073 2691 ideo
1112 2640 1257 2704 quod
1292 2642 1349 2690 in
1387 2655 1450 2690 eo
1488 2641 1621 2689 mira
1655 2641 1760 2689 Dei
1794 2642 2036 2706 potentia
2079 2641 2446 2705 sapientiaque
2483 2640 2707 2691 eluceat.

218 2731 313 2781 Illa
338 2732 482 2781 enim
508 2745 659 2789 crux,
698 2742 837 2793 quae
862 2726 1132 2777 hominum
1158 2726 1355 2777 iudicio
1393 2728 1629 2778 amentia
1665 2726 1928 2793 quaedam
1966 2732 2200 2793 putatur,
2239 2728 2407 2777 cuivis
2443 2726 2708 2779 humanae

220 2818 517 2883 sapientiae
567 2815 729 2880 longe
774 2813 1123 2863 anteferenda
1169 2818 1263 2864 est.
1324 2813 1515 2880 Itaque
1552 2814 1809 2879 quidquid
1847 2814 2116 2865 hominum
2161 2815 2426 2865 sententia
2461 2816 2708 2865 eximium

218 2904 445 2966 videtur,
503 2903 561 2952 id
608 2900 783 2952 iudice
831 2902 952 2950 Deo
1004 2900 1201 2951 humile
1250 2905 1523 2964 censetur,
1572 2904 1627 2951 et
1674 2916 1742 2951 ea
1797 2916 1936 2967 quae
1984 2901 2182 2951 nullius
2219 2902 2376 2967 pretii
2422 2901 2705 2966 habentur,

218 2992 486 3057 sapienter
526 2989 713 3054 elegit3
750 2993 813 3037 ut
848 3002 913 3037 ea
944 3002 1081 3053 quae
1106 2988 1473 3039 incredibilem
1510 2990 1954 3039 existimationem
1990 2988 2093 3038 sibi
2129 2990 2358 3055 pariunt,
2395 2991 2450 3039 in
2486 2989 2706 3040 nihilum

220 3079 435 3144 redigat.
500 3074 817 3127 Inchoatam
852 3090 899 3125 c.
928 3078 975 3125 1.
1012 3075 1427 3141 disputationem
1462 3076 1802 3141 prosequitur
1837 3092 1882 3125 c.
1911 3079 1961 3127 2.
1999 3077 2090 3126 ubi
2125 3081 2338 3141 praeter
2373 3092 2508 3138 eam,
2547 3092 2706 3142 quam

219 3167 389 3229 posuit
434 3164 727 3225 rationem,
778 3161 925 3228 quod
972 3178 1067 3228 per
1115 3162 1405 3213 schismata
1452 3162 1722 3213 dividatur
1765 3162 2037 3224 Christus,
2087 3164 2247 3213 aliam
2295 3165 2510 3229 promit:
2560 3165 2705 3231 quod

221 3252 467 3302 indicium
516 3250 813 3316 praebeant
860 3248 1087 3299 hominis
1137 3249 1385 3301 carnalis.
1449 3249 1581 3301 Cum
1630 3250 1906 3302 docuisset
1949 3252 2126 3300 Deum
2171 3250 2398 3317 elegisse
2443 3250 2596 3313 vilia,
2644 3256 2704 3301 ut

219 3338 511 3389 confundat
544 3338 727 3399 fortes,
764 3336 997 3387 ostendit
1032 3336 1328 3387 doctrinam
1365 3337 1431 3387 de
1457 3337 1669 3387 Christe
1707 3337 1957 3388 crucifixo
1996 3353 2104 3387 non
2139 3338 2378 3403 indigere
2414 3336 2705 3389 artificiosa

218 3424 477 3476 rhetorum
530 3424 617 3474 vel
664 3422 1103 3491 philosophorum
1150 3425 1416 3489 oratione;
1464 3426 1571 3474 imo
1617 3426 1797 3490 potius
1846 3425 1914 3474 ab
1965 3425 2124 3473 nnius
2159 3424 2262 3474 Dei
2309 3423 2490 3475 divina
2534 3427 2588 3474 vi
2637 3440 2702 3475 ac

218 3518 477 3575 potestate
540 3510 803 3577 pendere,
863 3526 933 3561 ne
986 3509 1118 3561 fides
1179 3509 1445 3561 humanae
1503 3512 1760 3563 scientiae
1821 3516 1876 3561 et
1933 3516 2364 3577 argumentorum
2423 3515 2702 3563 momentis

218 3600 421 3650 nitatur.
460 3600 509 3661 1,
534 3600 586 3659 2,
615 3600 767 3648 1-5,
812 3596 893 3647 cf.
921 3596 983 3647 G.
1010 3596 1254 3660 Bfflroth,
1282 3597 1481 3648 Comm.
1508 3616 1553 3647 z.
1582 3598 1631 3648 d.
1657 3600 1720 3648 B.
1741 3612 1810 3648 an
1837 3598 1924 3648 die
1951 3596 2072 3649 Cor.
2098 3598 2282 3665 Leipz.
2305 3598 2456 3649 1833.
2480 3617 2532 3666 p.
2554 3601 2638 3649 21.
2659 3616 2700 3649 s.

420 3687 459 3751 ί)
489 3688 541 3747 2,
568 3686 757 3735 6-16,
812 3684 854 3749 ²)
880 3683 941 3733 C.
966 3686 1015 3733 3.
1072 3684 1114 3751 ³)
1140 3685 1454 3735 Benedictio
1480 3690 1535 3736 et
1558 3686 1942 3736 incrementum
1969 3684 2243 3735 doctrinae
2269 3691 2352 3735 est
2376 3701 2410 3736 a
2431 3688 2568 3747 Deo,
2595 3702 2702 3736 non

218 3786 249 3821 a
270 3774 457 3835 Paulo,
484 3772 681 3838 Apollo
706 3772 932 3837 aliisque
956 3772 1225 3835 ministris,
1252 3774 1335 3823 sui
1360 3788 1625 3839 quemque
1652 3772 1851 3823 laboris
1876 3772 2106 3823 fructum
2126 3772 2415 3838 aliquando
2441 3774 2700 3823 relaturis.

218 3859 365 3919 Quod
398 3862 579 3925 ipsum
616 3857 754 3909 adeo
788 3872 974 3908 verum
1010 3863 1117 3919 est,
1156 3864 1217 3909 ut
1250 3859 1515 3910 affirmare
1550 3859 1713 3909 liceat
1751 3875 1934 3911 omnes
1969 3860 2252 3925 magistros
2291 3876 2408 3911 esse
2445 3864 2700 3925 tanquam

218 3945 553 4009 adminicula,
592 3960 817 4011 quorum
842 3945 1081 3997 subsidio
1106 3962 1141 3997 a
1166 3946 1376 3997 Christo
1402 3946 1471 3997 ad
1496 3947 1672 3997 Deum
1696 3948 1954 3997 bonorum
1981 3948 2214 3997 omnium
2243 3946 2550 4011 largitorem
2573 3947 2698 3996 sub—

218 4032 491 4083 vehantur.
552 4033 628 4083 Ut
660 4034 719 4081 in
753 4033 884 4099 ipsis
920 4034 1079 4083 rebus
1117 4033 1386 4096 humanis,
1431 4034 1574 4085 unde
1620 4033 1783 4084 ducta
1825 4038 1906 4084 est
1941 4035 2142 4100 imago,
2188 4033 2304 4083 fieri
2337 4033 2499 4095 solet,
2547 4034 2698 4083 cuius

218 4119 489 4171 architecti
534 4120 822 4186 probatum
870 4135 1031 4186 opus,
1080 4120 1127 4171 is
1172 4121 1471 4171 mercedem
1520 4121 1734 4186 dignam
1782 4121 1851 4169 ab
1899 4136 1962 4169 eo
2009 4122 2098 4171 cui
2145 4120 2444 4171 aedificium
2491 4122 2697 4183 struxit,

218 4208 433 4271 accipit:
482 4208 560 4256 ita
606 4222 767 4272 quem
801 4208 857 4256 in
891 4206 1177 4272 Evangelii
1222 4224 1383 4273 opere
1428 4208 1565 4258 bene
1611 4222 1728 4257 sese
1773 4208 2002 4273 gessisse
2038 4208 2093 4257 in
2128 4207 2326 4257 iudicio
2372 4212 2699 4273 compertum

221 4294 331 4354 erit,
370 4308 577 4359 operae
614 4294 906 4358 proemium
942 4293 1265 4345 liberalitate
1302 4297 1531 4345 maxima
1566 4310 1601 4344 a
1635 4293 2125 4344 munificentissimo
2154 4295 2382 4344 Domino
2420 4310 2538 4347 esse
2573 4310 2698 4345 con—

218 4386 532 4431 secuturum.
570 4380 634 4429 V.
662 4378 787 4430 chr.
812 4381 1093 4444 Ludovici,
1133 4381 1199 4432 de
1237 4382 1511 4432 doctrinae
1546 4382 1776 4433 traditae
1811 4382 2127 4447 probatione
2163 4398 2258 4447 per
2288 4383 2481 4447 ignem,
2519 4384 2575 4432 in
2599 4383 2698 4433 Th.

218 4481 263 4514 ιι.
286 4484 336 4532 p.
364 4470 485 4519 763.
512 4484 557 4518 s.
608 4466 715 4517 Sed
740 4467 873 4517 illud
896 4469 1049 4517 iuvat
1071 4470 1374 4519 examinare
1400 4483 1471 4518 an
1496 4485 1561 4519 ex
1586 4473 1635 4532 3,
1665 4470 1747 4519 15.
1784 4469 2040 4535 probetur
2065 4470 2290 4519 existere
2315 4471 2698 4536 purgatorium.

220 4551 675 4620 Purgatorium
710 4570 785 4605 ex
822 4554 945 4605 hoc
978 4554 1099 4605 loco
1136 4560 1437 4606 statuerunt
1469 4556 1531 4606 P.
1559 4556 1620 4607 Ρ.
1657 4558 1716 4605 in
1752 4554 2060 4607 Concilio
2095 4556 2516 4620 Florentino,
2554 4558 2699 4623 apud
