3267 5259
879 418 922 460 S.
944 418 987 459 S.
1018 418 1134 461 Petri
1162 420 1208 460 et
1234 418 1361 461 Pauli
1387 418 1611 461 Historiae
1638 419 1684 459 et
1711 417 1980 470 Martyrium.
2201 404 2208 413 ”
2546 403 2674 469 453

199 600 515 659 consumsit
544 602 751 659 docens
783 600 847 657 in
878 602 1037 673 Asia,
1080 600 1283 671 Ponto,
1334 598 1587 670 Galatia,
1636 598 1998 674 Cappadocia
2025 596 2072 669 1;
2116 599 2214 655 sed
2261 597 2406 655 alias
2447 617 2676 676 quoque

198 707 455 780 regiones
490 725 526 763 a
556 706 613 763 d.
645 706 819 763 Petro
849 706 913 763 in
946 705 1165 763 Christi
1196 703 1321 778 lege
1350 704 1654 766 institutas
1685 702 1861 760 fuisse
1890 701 2062 760 facile
2092 703 2311 760 damus.
2346 702 2416 759 Id
2439 702 2676 779 quidem

198 812 433 869 honoris
464 809 789 869 Corinthiis
821 811 1127 883 contigisse
1158 808 1601 867 testatissimum
1630 812 1718 865 est
1735 803 1780 863 ².

400 914 621 973 Doctor
666 916 932 988 gentium
984 918 1113 972 acto
1163 914 1230 971 in
1282 912 1471 971 libera
1521 912 1783 970 custodia
1831 911 2048 969 Romae
2099 911 2366 981 bienni03
2418 909 2675 987 vinculis

200 1019 421 1077 solutus
436 1016 479 1089 ³,
514 1018 696 1075 Italia
726 1019 1007 1077 excedens
1052 1017 1403 1093 Hispaniam
1434 1017 1625 1093 petiit.
1661 1016 1808 1074 Inde
1839 1035 1971 1075 cum
2001 1015 2394 1090 Evangelium
2439 1033 2674 1073 annun-

199 1126 420 1194 ciasset,
454 1122 521 1179 in
554 1122 755 1181 Asiam
786 1122 1113 1195 navigavit,
1148 1122 1402 1179 Colossas
1434 1121 1692 1200 aliasque
1720 1122 1894 1179 urbes
1918 1119 2178 1179 Orientis
2207 1120 2434 1179 invisit.
2467 1118 2676 1177 Altero

197 1246 345 1287 auno
402 1246 537 1285 cum
589 1226 870 1285 Troadem
917 1226 1189 1299 venisset,
1244 1226 1555 1301 paenulam
1606 1246 1772 1285 suam
1789 1222 1815 1263 ⁴¹
1867 1224 2128 1303 reliquit,
2178 1229 2238 1282 et
2281 1224 2669 1294 membranas,

198 1332 417 1391 Troade
468 1330 744 1389 Miletum
795 1330 981 1401 venit,
1036 1349 1153 1407 qua
1204 1330 1271 1387 in
1322 1330 1517 1389 insula
1569 1330 1854 1388 remansit
1899 1328 2250 1406 Trophimus
2302 1333 2606 1401 aegrotans
2627 1324 2669 1384 ⁵.

198 1436 515 1494 Contendit
543 1437 652 1495 sub
682 1436 823 1493 haec
854 1434 1220 1506 Corinthum,
1254 1435 1454 1513 ibique
1484 1455 1559 1493 ex
1590 1436 1715 1493 eius
1746 1434 2047 1509 discipulis
2075 1435 2339 1492 substitit
2367 1432 2610 1489 Erastus
2629 1428 2674 1489 ⁶.

198 1542 571 1599 Timotheum
602 1559 772 1597 suum
793 1536 833 1611 ⁷,
866 1557 1095 1617 quoque
1126 1540 1394 1597 invisisse
1424 1559 1542 1598 non
1572 1546 1660 1597 est
1688 1540 1842 1617 quod
1873 1539 2204 1597 dubitemus
2225 1535 2268 1595 ⁸.
2302 1538 2447 1595 Cum
2486 1536 2678 1593 adhuc

196 1646 259 1705 iu
282 1645 470 1703 Italia
492 1648 827 1703 versaretur
850 1643 907 1702 S.
935 1643 1151 1702 Paulus
1180 1645 1413 1720 scripsit
1442 1645 1524 1702 ad
1552 1644 1952 1716 HebranS,
1987 1663 2146 1719 spem
2177 1642 2395 1701 faciens
2416 1660 2478 1699 se
2501 1659 2676 1718 quam

196 1753 454 1826 primum
484 1749 559 1806 ad
590 1768 682 1807 eos
712 1767 845 1805 cum
868 1747 1171 1807 Timotheo
1194 1754 1513 1807 venturum
1534 1745 1575 1806 9.
1610 1748 1850 1805 Interea
1879 1747 2155 1823 temporis
2185 1766 2230 1804 s.
2260 1748 2466 1804 Petrus
2488 1744 2672 1805 variis

194 1853 513 1913 exantlatis
536 1852 834 1911 laboribus
846 1852 1091 1911 Romam
1113 1853 1297 1925 venit,
1325 1854 1479 1911 unde
1501 1853 1575 1911 ad
1593 1852 1956 1911 Christianos
1970 1851 2147 1909 Asiae
2163 1850 2412 1909 Minoris
2437 1868 2468 1906 a
2489 1848 2675 1907 Paulo

193 1962 430 2039 eiusque
468 1957 637 2016 sociis
678 1976 995 2029 conversos,
1043 1956 1299 2015 instante
1351 1957 1603 2033 procella
1649 1956 2178 2032 persecutionis
2225 1953 2676 2013 Neronianae

202 2150 392 2157 --——--——
411 2150 611 2157 ——.-—

404 2268 441 2331 ¹)
481 2268 637 2330 Quod
675 2284 739 2317 ex
774 2270 941 2334 ipsius
980 2268 1205 2335 epistola
1242 2268 1311 2318 ad
1337 2267 1667 2318 Christianos
1693 2267 1901 2317 illarum
1925 2267 2198 2331 regionum
2230 2266 2364 2315 eruit
2388 2266 2674 2327 Eusebius,

194 2357 259 2405 Η.
274 2357 337 2405 E.
354 2356 456 2417 111,
483 2357 527 2404 1.
553 2371 606 2421 p.
629 2358 711 2405 71.
734 2360 786 2405 et
805 2354 1001 2405 diserte
1027 2354 1080 2404 S.
1100 2354 1451 2421 Epiphanius,
1473 2354 1618 2404 haer.
1641 2357 1723 2416 27,
1746 2357 1793 2403 6.
1815 2370 1864 2419 p.
1889 2354 2004 2404 10⁷.
2033 2351 2084 2402 S.
2105 2352 2478 2417 Hieronymus,
2499 2351 2564 2401 de
2582 2354 2677 2402 vir.

196 2442 267 2491 ill.
294 2458 344 2492 c.
377 2445 423 2492 1.
451 2460 504 2508 p.
535 2445 614 2492 18.
644 2448 697 2492 et
722 2440 773 2492 S.
799 2442 914 2491 Leo
938 2442 1027 2505 M„
1054 2457 1205 2491 serm.
1242 2442 1324 2504 80,
1352 2442 1401 2491 5.
1438 2458 1488 2507 p.
1516 2443 1600 2492 84.
1652 2439 1866 2490 Simeon
1900 2439 2288 2505 Metaphrastes
2322 2442 2359 2502 †
2393 2440 2528 2501 904„
2566 2440 2678 2489 sive

199 2530 440 2595 quisquis
480 2528 689 2578 demum
728 2534 912 2579 auctor
949 2530 1018 2578 sit
1054 2528 1430 2578 Commeat-arii
1467 2528 1531 2577 de
1569 2542 1609 2577 s.
1650 2543 1690 2577 s.
1727 2528 1886 2577 Petro
1925 2532 1979 2575 et
2012 2524 2209 2590 Pau103
2247 2541 2404 2591 quem
2441 2540 2506 2575 ex
2553 2541 2676 2577 mss.

194 2617 469 2665 medicaeo
508 2632 703 2681 graeco
740 2616 801 2665 R.
841 2615 900 2665 C.
939 2621 991 2665 et
1026 2616 1077 2664 J.
1116 2614 1291 2665 Sirleti
1326 2616 1764 2679 interpretatione
1801 2629 1924 2663 mss.
1962 2614 2016 2662 in
2053 2612 2304 2661 Biblioth.
2330 2613 2451 2662 Vat.
2490 2611 2575 2661 ed.
2601 2613 2667 2661 D.

192 2702 597 2769 papebrochius
636 2703 689 2753 S.
726 2703 795 2765 ὦ,
821 2702 882 2753 A.
910 2703 962 2753 S.
1000 2702 1085 2753 ad.
1126 2702 1173 2751 d.
1214 2704 1297 2752 29.
1332 2702 1498 2751 Junii.
1536 2702 1599 2763 V,
1639 2704 1687 2751 2.
1725 2718 1776 2768 p.
1813 2703 1932 2750 413.
1969 2716 2010 2750 s.
2060 2700 2208 2750 Idem
2256 2714 2412 2766 porro
2461 2698 2676 2749 Simeon

192 2791 260 2839 M.
300 2791 519 2856 longam
572 2790 701 2839 texit
737 2791 925 2839 seriem
974 2790 1183 2839 urbium
1230 2792 1283 2838 et
1326 2789 1744 2854 provinciarum,
1791 2802 1925 2854 quas
1974 2788 2188 2837 Petrum
2236 2787 2520 2852 Episcopis
2569 2787 2678 2835 suis

192 2878 443 2941 donasse,
484 2882 539 2927 et
588 2874 847 2943 prodigiis
883 2875 1179 2926 illustrasse
1226 2876 1653 2926 comminiscitur.
1708 2876 1905 2925 Verum
1960 2874 2093 2925 haec
2145 2873 2362 2923 meliore
2416 2874 2675 2938 scriptore

196 2965 456 3029 indigent,
514 2969 575 3013 ut
626 2963 924 3013 credantur.
981 2962 1021 3029 ²)
1057 2962 1366 3027 Dionysius,
1423 2961 1681 3012 Corinthii
1737 2963 2036 3027 episcopus,
2091 2962 2180 3027 qui
2234 2960 2407 3010 medio
2461 2959 2677 3009 saeculo

196 3051 435 3101 secundo
493 3050 687 3111 floruit,
738 3051 792 3098 in
841 3048 1068 3114 epistola
1115 3048 1183 3098 ad
1231 3050 1498 3099 Romanos
1555 3048 1727 3098 Soteri
1776 3048 2012 3113 scripsit:
2055 3046 2170 3109 „Ita
2208 3053 2259 3096 et
2293 3062 2390 3096 vos
2428 3062 2491 3096 ex
2529 3052 2678 3099 tants

198 3139 565 3189 admonitione
602 3137 983 3203 plantationem
1008 3136 1365 3186 Romanorum
1404 3142 1457 3185 et
1494 3135 1887 3186 Corinthiorum
1924 3150 1958 3184 a
1992 3135 2150 3185 Petro
2189 3140 2242 3183 et
2277 3133 2444 3183 Paulo
2481 3132 2674 3183 factam

196 3227 621 3277 commiscuistis.
660 3226 829 3277 Ambo
868 3226 1005 3275 enim
1043 3225 1097 3273 in
1133 3225 1279 3274 Urbe
1325 3228 1507 3275 nostra
1545 3224 1798 3274 Corintho
1845 3223 2149 3290 plantantes
2175 3250 2240 3259 -—-
2267 3220 2581 3289 φυτεύσαντες
2605 3248 2672 3257 --

197 3330 291 3364 uos
342 3313 589 3363 similiter
642 3311 951 3375 docuerunt,
1002 3311 1239 3361 similiter
1288 3316 1461 3361 autem
1512 3316 1565 3361 et
1609 3313 1665 3359 in
1711 3311 1870 3360 Italia
1917 3310 2171 3359 audacter
2225 3309 2492 3358 docentes.
2533 3309 2678 3365 circa

193 3402 330 3450 idem
370 3406 582 3465 tempus
618 3401 925 3464 martyrium
960 3399 1106 3465 passi
1141 3401 1314 3448 sunt“.
1353 3398 1646 3447 Citavimus
1693 3413 1755 3447 ex
1803 3397 2234 3462 interpretatione
2280 3396 2352 3445 M.
2388 3395 2438 3444 J.
2477 3394 2672 3455 Routh,

191 3488 361 3555 Reliq.
400 3502 445 3537 s.
486 3486 569 3536 ed.
605 3485 671 3535 11.
711 3485 882 3534 Oxon.
923 3488 1073 3535 1846.
1112 3486 1153 3547 Ι,
1196 3487 1310 3535 191.
1348 3486 1538 3536 Totum
1590 3489 1824 3535 attamen
1872 3485 2118 3549 Dionysii
2165 3483 2524 3533 testimonium
2562 3497 2668 3531 non

196 3575 351 3625 modo
393 3573 635 3634 dubium,
674 3572 768 3621 sed
806 3588 1023 3638 prorsus
1057 3571 1249 3621 salsum
1288 3586 1405 3621 esse
1441 3572 1805 3637 pronuntiavit
1831 3570 1888 3620 C.
1928 3569 2206 3632 Schrader,
2235 3569 2328 3618 der
2352 3568 2451 3634 Ap.
2477 3567 2678 3617 Paulus

195 3662 235 3721 Ι,
263 3664 411 3725 239.;
451 3659 856 3726 praecipitando
895 3660 999 3709 imo
1034 3658 1309 3709 audaciter
1334 3657 1597 3723 loquendo
1625 3663 1680 3707 et
1703 3660 1756 3707 in
1787 3657 1904 3720 hac,
1943 3664 1998 3707 et
2031 3658 2084 3707 in
2123 3656 2241 3707 aliis
2276 3655 2678 3721 quaestionibus

194 3748 472 3799 iudicavit.
512 3748 799 3795 Praeterea
833 3745 1033 3795 multae
1070 3747 1225 3795 etiam
1266 3750 1390 3795 sunt
1425 3746 1585 3795 urbes
1623 3744 1924 3810 cumprimis
1948 3744 2157 3806 Italiae,
2197 3758 2334 3807 quae
2362 3742 2676 3808 quibusdam

196 3834 565 3901 peculiaribus
602 3832 976 3883 traditionibus
1013 3833 1195 3895 fultae,
1235 3832 1283 3882 d.
1323 3834 1535 3882 Petrum
1573 3830 1700 3881 olim
1737 3832 1838 3880 sibi
1874 3832 2144 3895 excepisse
2182 3830 2434 3891 suadent3
2472 3828 2566 3879 sed
2611 3828 2676 3876 de

194 3922 271 3973 his
308 3930 495 3971 tacere
544 3918 823 3981 malumus,
875 3935 1033 3986 quam
1082 3920 1269 3985 longas
1314 3920 1591 3969 instituere
1642 3918 2052 3984 disputationes:
2104 3917 2246 3983 quod
2293 3915 2415 3965 inde
2462 3916 2527 3963 ab
2575 3914 2676 3965 hoc

194 4016 435 4075 tempore
478 4022 646 4072 usque
686 4006 755 4055 ad
790 4006 921 4057 illud
957 4008 1057 4056 iter
1093 4008 1406 4068 Romanum,
1448 4006 1589 4071 quod
1627 4007 1769 4055 vitae
1803 4003 2044 4055 ultimum
2083 4004 2194 4065 fuit,
2223 4004 2336 4051 eius
2374 4017 2458 4051 res
2493 4006 2677 4066 gestae

194 4098 367 4147 minus
406 4100 589 4145 certae
626 4098 745 4146 sint.
786 4096 936 4155 Quae
972 4095 1183 4145 maioris
1208 4093 1331 4143 fidei
1357 4093 1672 4145 testimoniis
1699 4092 1926 4157 probare
1964 4090 2090 4140 licet
2123 4094 2272 4139 sunt:
2297 4088 2673 4153 Apostolorum

194 4185 493 4249 principem
534 4188 588 4231 et
622 4182 899 4232 Ecclesiae
937 4186 1099 4246 caput
1132 4196 1307 4245 neque
1341 4186 1595 4246 tempore,
1636 4194 1742 4245 quo
1781 4177 2008 4243 epistola
2044 4194 2084 4227 s.
2123 4176 2276 4226 Pauli
2313 4174 2382 4225 ad
2407 4176 2677 4225 Romanos

194 4272 317 4321 data
375 4276 486 4331 est,
542 4284 715 4335 neque
762 4270 939 4331 annis,
997 4268 1190 4333 quibus
1240 4266 1439 4317 Paulus
1487 4268 1543 4316 in
1597 4265 1822 4315 vinculis
1879 4264 2208 4324 servabatur,
2264 4263 2464 4311 Romae
2513 4261 2676 4311 fuisse

194 4359 232 4421 ³)
272 4358 413 4407 vide
452 4356 693 4421 Digress.
720 4372 771 4421 p.
797 4356 915 4404 457.
943 4372 983 4405 s.
1024 4356 1065 4420 ⁴)
1103 4354 1319 4404 Vestem
1346 4354 1674 4405 exteriorem.
1713 4352 1780 4401 11.
1809 4352 1941 4400 Tim.
1968 4353 2018 4413 4,
2048 4352 2128 4400 13.
2180 4350 2220 4413 ⁵)
2260 4349 2330 4397 11.
2357 4349 2490 4399 Tim.
2516 4349 2565 4411 4,
2593 4352 2676 4398 20.

196 4444 233 4506 ὅ)
273 4447 400 4507 Qua
438 4443 505 4493 de
556 4457 721 4493 causa
754 4442 901 4491 latet.
954 4441 994 4507 ἵ)
1045 4441 1143 4491 Cui
1174 4441 1229 4491 id
1271 4439 1396 4489 olim
1427 4441 1670 4506 promisit
1718 4439 1756 4505 ⁸)
1812 4438 1855 4487 1.
1893 4438 2026 4487 Tim.
2063 4439 2120 4499 3,
2157 4437 2237 4486 14.
2282 4435 2403 4485 0011.
2437 4435 2506 4484 11.
2544 4438 2588 4495 1,
2627 4437 2675 4484 4.

192 4533 343 4593 Quae
386 4530 515 4579 illae
554 4529 802 4578 lacrimae
850 4528 936 4577 hic
980 4528 1168 4577 melius
1206 4528 1427 4593 cogitari
1474 4531 1714 4592 possunt,
1762 4526 1862 4573 nisi
1915 4539 2048 4589 quas
2095 4524 2322 4588 optimus
2369 4520 2676 4572 Timotheus

193 4619 343 4684 fudit,
382 4620 441 4669 in
479 4616 679 4669 ultimis
714 4616 951 4683 magistri
986 4616 1089 4665 sibi
1124 4614 1382 4665 carissimi
1418 4612 1768 4681 amplexibus.
1842 4612 1881 4679 9)
1919 4611 2082 4661 Hebr.
2127 4612 2205 4672 13,
2243 4612 2325 4660 23.
2364 4612 2446 4659 24.
