<?xml version="1.0" encoding="UTF-8"?>
<!DOCTYPE html PUBLIC "-//W3C//DTD XHTML 1.0 Transitional//EN"
    "http://www.w3.org/TR/xhtml1/DTD/xhtml1-transitional.dtd">
<html xmlns="http://www.w3.org/1999/xhtml" xml:lang="en" lang="en">
 <head>
  <title>
</title>
<meta http-equiv="Content-Type" content="text/html;charset=utf-8" />
  <meta name='ocr-system' content='tesseract 3.04.00' />
  <meta name='ocr-capabilities' content='ocr_page ocr_carea ocr_par ocr_line ocrx_word'/>
</head>
<body>
  <div class='ocr_page' id='page_1' title='image "./historiarevelat00unkngoog_0204.png"; bbox 0 0 3267 5259; ppageno 0'>
   <div class='ocr_carea' id='block_1_1' title="bbox 600 398 2398 462">
    <p class='ocr_par' dir='ltr' id='par_1_1' title="bbox 600 398 2398 462">
     <span class='ocr_line' id='line_1_1' title="bbox 600 398 2398 462; baseline -0.002 -11"><span class='ocrx_word' id='word_1_1' title='bbox 600 398 681 462; x_wconf 82' lang='lat'><strong>76</strong></span> <span class='ocrx_word' id='word_1_2' title='bbox 1267 409 1386 450; x_wconf 69' lang='lat' dir='ltr'><strong>nist.</strong></span> <span class='ocrx_word' id='word_1_3' title='bbox 1414 409 1519 450; x_wconf 71' lang='lat' dir='ltr'><strong>nov.</strong></span> <span class='ocrx_word' id='word_1_4' title='bbox 1550 409 1638 450; x_wconf 70' lang='lat' dir='ltr'><strong>aiv.</strong></span> <span class='ocrx_word' id='word_1_5' title='bbox 1669 409 1722 450; x_wconf 72' lang='lat' dir='ltr'><strong>n.</strong></span> <span class='ocrx_word' id='word_1_6' title='bbox 1747 409 1797 449; x_wconf 74' lang='grc' dir='ltr'><strong>τ.</strong></span> <span class='ocrx_word' id='word_1_7' title='bbox 1827 407 1993 450; x_wconf 65' lang='lat' dir='ltr'><strong>Parios.</strong></span> <span class='ocrx_word' id='word_1_8' title='bbox 2021 407 2056 448; x_wconf 88' lang='lat'><strong>1.</strong></span> <span class='ocrx_word' id='word_1_9' title='bbox 2077 419 2172 459; x_wconf 68' lang='lat' dir='ltr'><strong>cap.</strong></span> <span class='ocrx_word' id='word_1_10' title='bbox 2199 407 2398 458; x_wconf 73' lang='lat' dir='ltr'><strong>primum.</strong></span> 
     </span>
    </p>
   </div>
   <div class='ocr_carea' id='block_1_2' title="bbox 599 581 3086 3938">
    <p class='ocr_par' dir='ltr' id='par_1_2' title="bbox 599 581 3086 3938">
     <span class='ocr_line' id='line_1_2' title="bbox 601 581 3082 671; baseline -0.002 -23"><span class='ocrx_word' id='word_1_11' title='bbox 601 584 1013 671; x_wconf 88' lang='lat' dir='ltr'><strong>Legisperito</strong></span> <span class='ocrx_word' id='word_1_12' title='bbox 1058 585 1503 668; x_wconf 83' lang='lat' dir='ltr'><strong>interroganti,</strong></span> <span class='ocrx_word' id='word_1_13' title='bbox 1551 582 1708 668; x_wconf 89' lang='lat' dir='ltr'><strong>quid</strong></span> <span class='ocrx_word' id='word_1_14' title='bbox 1752 583 1810 646; x_wconf 90' lang='lat' dir='ltr'><strong>ei</strong></span> <span class='ocrx_word' id='word_1_15' title='bbox 1856 581 2230 646; x_wconf 86' lang='lat' dir='ltr'><strong>faciendum</strong></span> <span class='ocrx_word' id='word_1_16' title='bbox 2275 591 2464 664; x_wconf 89' lang='lat' dir='ltr'><strong>esset,</strong></span> <span class='ocrx_word' id='word_1_17' title='bbox 2509 590 2584 646; x_wconf 90' lang='lat' dir='ltr'><strong>ut</strong></span> <span class='ocrx_word' id='word_1_18' title='bbox 2621 583 2826 646; x_wconf 83' lang='lat' dir='ltr'><strong>vitam</strong></span> <span class='ocrx_word' id='word_1_19' title='bbox 2871 591 3082 646; x_wconf 87' lang='lat' dir='ltr'><strong>aeter·</strong></span> 
     </span>
     <span class='ocr_line' id='line_1_3' title="bbox 599 693 3082 782; baseline -0.002 -21"><span class='ocrx_word' id='word_1_20' title='bbox 599 720 751 761; x_wconf 90' lang='lat' dir='ltr'><strong>nam</strong></span> <span class='ocrx_word' id='word_1_21' title='bbox 800 705 1257 782; x_wconf 82' lang='lat' dir='ltr'><strong>consequatur,</strong></span> <span class='ocrx_word' id='word_1_22' title='bbox 1306 695 1650 782; x_wconf 85' lang='lat' dir='ltr'>eidemque</span> <span class='ocrx_word' id='word_1_23' title='bbox 1697 696 2047 760; x_wconf 81' lang='lat' dir='ltr'><strong>sciscitanti</strong></span> <span class='ocrx_word' id='word_1_24' title='bbox 2093 694 2175 758; x_wconf 92' lang='lat' dir='ltr'><strong>de</strong></span> <span class='ocrx_word' id='word_1_25' title='bbox 2221 697 2520 780; x_wconf 82' lang='lat' dir='ltr'><strong>proximo</strong></span> <span class='ocrx_word' id='word_1_26' title='bbox 2569 695 2683 779; x_wconf 93' lang='lat' dir='ltr'><strong>qui</strong></span> <span class='ocrx_word' id='word_1_27' title='bbox 2727 694 2902 758; x_wconf 86' lang='lat' dir='ltr'><strong>foret</strong></span> <span class='ocrx_word' id='word_1_28' title='bbox 2947 693 3082 756; x_wconf 82' lang='lat' dir='ltr'><strong>dili·</strong></span> 
     </span>
     <span class='ocr_line' id='line_1_4' title="bbox 599 805 3082 896; baseline -0.002 -22"><span class='ocrx_word' id='word_1_29' title='bbox 599 809 903 894; x_wconf 78' lang='lat' dir='ltr'><strong>gendus‘?</strong></span> <span class='ocrx_word' id='word_1_30' title='bbox 959 809 1300 896; x_wconf 85' lang='lat' dir='ltr'><strong>respondit</strong></span> <span class='ocrx_word' id='word_1_31' title='bbox 1341 807 1660 894; x_wconf 89' lang='lat' dir='ltr'><strong>parabola</strong></span> <span class='ocrx_word' id='word_1_32' title='bbox 1712 808 1805 872; x_wconf 93' lang='lat' dir='ltr'><strong>de</strong></span> <span class='ocrx_word' id='word_1_33' title='bbox 1853 806 2421 889; x_wconf 88' lang='lat' dir='ltr'><strong>Samaritano,</strong></span> <span class='ocrx_word' id='word_1_34' title='bbox 2470 809 2580 891; x_wconf 88' lang='lat' dir='ltr'><strong>qui</strong></span> <span class='ocrx_word' id='word_1_35' title='bbox 2628 829 2669 870; x_wconf 85' lang='lat' dir='ltr'><strong>a</strong></span> <span class='ocrx_word' id='word_1_36' title='bbox 2717 805 3082 870; x_wconf 76' lang='lat' dir='ltr'><strong>latronibus</strong></span> 
     </span>
     <span class='ocr_line' id='line_1_5' title="bbox 600 917 3082 1007; baseline -0.002 -21"><span class='ocrx_word' id='word_1_37' title='bbox 600 925 961 988; x_wconf 84' lang='lat' dir='ltr'><strong>sauciatum</strong></span> <span class='ocrx_word' id='word_1_38' title='bbox 1024 921 1353 986; x_wconf 84' lang='lat' dir='ltr'><strong>Judaeum</strong></span> <span class='ocrx_word' id='word_1_39' title='bbox 1422 923 1528 1007; x_wconf 91' lang='lat' dir='ltr'><strong>pie</strong></span> <span class='ocrx_word' id='word_1_40' title='bbox 1596 920 1844 985; x_wconf 84' lang='lat' dir='ltr'><strong>mederi</strong></span> <span class='ocrx_word' id='word_1_41' title='bbox 1912 921 2164 984; x_wconf 82' lang='lat' dir='ltr'><strong>curavit</strong></span> <span class='ocrx_word' id='word_1_42' title='bbox 2191 923 2226 982; x_wconf 85' lang='lat'><strong>¹.</strong></span> <span class='ocrx_word' id='word_1_43' title='bbox 2317 919 2586 982; x_wconf 85' lang='lat' dir='ltr'><strong>Interim</strong></span> <span class='ocrx_word' id='word_1_44' title='bbox 2653 918 2855 982; x_wconf 86' lang='lat' dir='ltr'><strong>multa</strong></span> <span class='ocrx_word' id='word_1_45' title='bbox 2929 917 3082 982; x_wconf 86' lang='lat' dir='ltr'><strong>obiit</strong></span> 
     </span>
     <span class='ocr_line' id='line_1_6' title="bbox 602 1030 3080 1118; baseline -0.003 -17"><span class='ocrx_word' id='word_1_46' title='bbox 602 1034 900 1101; x_wconf 87' lang='lat' dir='ltr'><strong>Judaeae</strong></span> <span class='ocrx_word' id='word_1_47' title='bbox 946 1035 1112 1115; x_wconf 87' lang='lat' dir='ltr'><strong>loca,</strong></span> <span class='ocrx_word' id='word_1_48' title='bbox 1158 1033 1271 1097; x_wconf 91' lang='lat' dir='ltr'><strong>ubi</strong></span> <span class='ocrx_word' id='word_1_49' title='bbox 1318 1043 1385 1097; x_wconf 92' lang='lat' dir='ltr'><strong>et</strong></span> <span class='ocrx_word' id='word_1_50' title='bbox 1428 1033 1659 1096; x_wconf 91' lang='lat' dir='ltr'><strong>animis</strong></span> <span class='ocrx_word' id='word_1_51' title='bbox 1707 1041 1774 1095; x_wconf 90' lang='lat' dir='ltr'><strong>et</strong></span> <span class='ocrx_word' id='word_1_52' title='bbox 1817 1031 2200 1118; x_wconf 89' lang='lat' dir='ltr'><strong>corporibus</strong></span> <span class='ocrx_word' id='word_1_53' title='bbox 2245 1031 2518 1116; x_wconf 83' lang='lat' dir='ltr'><strong>profuit3</strong></span> <span class='ocrx_word' id='word_1_54' title='bbox 2581 1041 2648 1096; x_wconf 87' lang='lat' dir='ltr'><strong>et</strong></span> <span class='ocrx_word' id='word_1_55' title='bbox 2689 1031 2788 1094; x_wconf 88' lang='lat' dir='ltr'><strong>his</strong></span> <span class='ocrx_word' id='word_1_56' title='bbox 2831 1030 3080 1094; x_wconf 80' lang='lat' dir='ltr'><strong>valetn-</strong></span> 
     </span>
     <span class='ocr_line' id='line_1_7' title="bbox 604 1143 3080 1230; baseline -0.002 -18"><span class='ocrx_word' id='word_1_57' title='bbox 604 1149 859 1230; x_wconf 89' lang='lat' dir='ltr'><strong>dinem,</strong></span> <span class='ocrx_word' id='word_1_58' title='bbox 928 1145 1051 1211; x_wconf 89' lang='lat' dir='ltr'><strong>illis</strong></span> <span class='ocrx_word' id='word_1_59' title='bbox 1115 1149 1422 1210; x_wconf 83' lang='lat' dir='ltr'><strong>virtutem</strong></span> <span class='ocrx_word' id='word_1_60' title='bbox 1489 1145 1793 1210; x_wconf 78' lang='lat' dir='ltr'><strong>divinitus</strong></span> <span class='ocrx_word' id='word_1_61' title='bbox 1867 1143 2173 1230; x_wconf 82' lang='lat' dir='ltr'><strong>elargitus</strong></span> <span class='ocrx_word' id='word_1_62' title='bbox 2241 1153 2359 1208; x_wconf 90' lang='lat' dir='ltr'><strong>est.</strong></span> <span class='ocrx_word' id='word_1_63' title='bbox 2459 1144 2628 1209; x_wconf 83' lang='lat' dir='ltr'><strong>Cum</strong></span> <span class='ocrx_word' id='word_1_64' title='bbox 2695 1144 3080 1208; x_wconf 80' lang='lat' dir='ltr'><strong>Bethaniam</strong></span> 
     </span>
     <span class='ocr_line' id='line_1_8' title="bbox 603 1256 3080 1341; baseline -0.002 -17"><span class='ocrx_word' id='word_1_65' title='bbox 603 1261 893 1324; x_wconf 89' lang='lat' dir='ltr'><strong>venisset</strong></span> <span class='ocrx_word' id='word_1_66' title='bbox 956 1262 1023 1323; x_wconf 90' lang='lat' dir='ltr'><strong>in</strong></span> <span class='ocrx_word' id='word_1_67' title='bbox 1091 1258 1285 1323; x_wconf 90' lang='lat' dir='ltr'><strong>domo</strong></span> <span class='ocrx_word' id='word_1_68' title='bbox 1346 1257 1642 1322; x_wconf 85' lang='lat' dir='ltr'><strong>Marthae</strong></span> <span class='ocrx_word' id='word_1_69' title='bbox 1711 1268 1776 1322; x_wconf 91' lang='lat' dir='ltr'><strong>et</strong></span> <span class='ocrx_word' id='word_1_70' title='bbox 1837 1258 2084 1322; x_wconf 88' lang='lat' dir='ltr'><strong>Mariae</strong></span> <span class='ocrx_word' id='word_1_71' title='bbox 2143 1257 2378 1321; x_wconf 83' lang='lat' dir='ltr'><strong>Lazari</strong></span> <span class='ocrx_word' id='word_1_72' title='bbox 2439 1280 2736 1322; x_wconf 86' lang='lat' dir='ltr'><strong>sororum</strong></span> <span class='ocrx_word' id='word_1_73' title='bbox 2801 1256 3080 1341; x_wconf 85' lang='lat' dir='ltr'><strong>hospitio</strong></span> 
     </span>
     <span class='ocr_line' id='line_1_9' title="bbox 602 1369 3082 1458; baseline -0.002 -21"><span class='ocrx_word' id='word_1_74' title='bbox 602 1382 908 1458; x_wconf 87' lang='lat' dir='ltr'><strong>receptus</strong></span> <span class='ocrx_word' id='word_1_75' title='bbox 956 1381 1073 1436; x_wconf 87' lang='lat' dir='ltr'><strong>est.</strong></span> <span class='ocrx_word' id='word_1_76' title='bbox 1119 1371 1379 1436; x_wconf 86' lang='lat' dir='ltr'><strong>Martha</strong></span> <span class='ocrx_word' id='word_1_77' title='bbox 1421 1370 1754 1458; x_wconf 89' lang='lat' dir='ltr'><strong>parandae</strong></span> <span class='ocrx_word' id='word_1_78' title='bbox 1800 1393 2065 1434; x_wconf 86' lang='lat' dir='ltr'><strong>mensae</strong></span> <span class='ocrx_word' id='word_1_79' title='bbox 2113 1369 2434 1454; x_wconf 85' lang='lat' dir='ltr'><strong>studebat,</strong></span> <span class='ocrx_word' id='word_1_80' title='bbox 2479 1369 2690 1433; x_wconf 84' lang='lat' dir='ltr'><strong>Maria</strong></span> <span class='ocrx_word' id='word_1_81' title='bbox 2733 1381 2958 1434; x_wconf 87' lang='lat' dir='ltr'><strong>autem</strong></span> <span class='ocrx_word' id='word_1_82' title='bbox 3003 1369 3082 1432; x_wconf 86' lang='lat' dir='ltr'><strong>ad</strong></span> 
     </span>
     <span class='ocr_line' id='line_1_10' title="bbox 604 1481 3084 1572; baseline -0.002 -22"><span class='ocrx_word' id='word_1_83' title='bbox 604 1486 810 1572; x_wconf 88' lang='lat' dir='ltr'><strong>pedes</strong></span> <span class='ocrx_word' id='word_1_84' title='bbox 840 1486 1107 1550; x_wconf 88' lang='lat' dir='ltr'><strong>Domini</strong></span> <span class='ocrx_word' id='word_1_85' title='bbox 1152 1483 1493 1549; x_wconf 88' lang='lat' dir='ltr'><strong>audiendis</strong></span> <span class='ocrx_word' id='word_1_86' title='bbox 1538 1483 1758 1548; x_wconf 86' lang='lat' dir='ltr'><strong>verbis</strong></span> <span class='ocrx_word' id='word_1_87' title='bbox 1801 1483 1968 1548; x_wconf 88' lang='lat' dir='ltr'><strong>illius</strong></span> <span class='ocrx_word' id='word_1_88' title='bbox 2012 1485 2260 1547; x_wconf 89' lang='lat' dir='ltr'><strong>intenta</strong></span> <span class='ocrx_word' id='word_1_89' title='bbox 2287 1482 2446 1546; x_wconf 86' lang='lat' dir='ltr'><strong>nihil</strong></span> <span class='ocrx_word' id='word_1_90' title='bbox 2491 1481 2573 1546; x_wconf 89' lang='lat' dir='ltr'><strong>de</strong></span> <span class='ocrx_word' id='word_1_91' title='bbox 2619 1505 2691 1546; x_wconf 90' lang='lat' dir='ltr'><strong>re</strong></span> <span class='ocrx_word' id='word_1_92' title='bbox 2725 1483 3084 1546; x_wconf 82' lang='lat' dir='ltr'><strong>domestica</strong></span> 
     </span>
     <span class='ocr_line' id='line_1_11' title="bbox 604 1593 3082 1682; baseline -0.002 -19"><span class='ocrx_word' id='word_1_93' title='bbox 604 1601 873 1663; x_wconf 83' lang='lat' dir='ltr'><strong>curavit.</strong></span> <span class='ocrx_word' id='word_1_94' title='bbox 934 1598 1193 1662; x_wconf 84' lang='lat' dir='ltr'><strong>Martha</strong></span> <span class='ocrx_word' id='word_1_95' title='bbox 1220 1598 1266 1663; x_wconf 84' lang='lat' dir='ltr'><strong>J</strong></span> <span class='ocrx_word' id='word_1_96' title='bbox 1270 1620 1387 1662; x_wconf 87' lang='lat' dir='ltr'><strong>esu</strong></span> <span class='ocrx_word' id='word_1_97' title='bbox 1418 1605 1780 1682; x_wconf 86' lang='lat' dir='ltr'><strong>conquesta</strong></span> <span class='ocrx_word' id='word_1_98' title='bbox 1825 1605 1941 1678; x_wconf 90' lang='lat' dir='ltr'><strong>est,</strong></span> <span class='ocrx_word' id='word_1_99' title='bbox 1983 1595 2161 1682; x_wconf 92' lang='lat' dir='ltr'><strong>quod</strong></span> <span class='ocrx_word' id='word_1_100' title='bbox 2190 1618 2374 1661; x_wconf 90' lang='lat' dir='ltr'><strong>soror</strong></span> <span class='ocrx_word' id='word_1_101' title='bbox 2403 1618 2522 1660; x_wconf 85' lang='lat' dir='ltr'><strong>sua</strong></span> <span class='ocrx_word' id='word_1_102' title='bbox 2553 1597 2762 1660; x_wconf 88' lang='lat' dir='ltr'><strong>otiosa</strong></span> <span class='ocrx_word' id='word_1_103' title='bbox 2807 1593 3082 1676; x_wconf 69' lang='lat' dir='ltr'><strong>sederet,</strong></span> 
     </span>
     <span class='ocr_line' id='line_1_12' title="bbox 607 1707 3086 1797; baseline -0.002 -21"><span class='ocrx_word' id='word_1_104' title='bbox 607 1713 945 1797; x_wconf 87' lang='lat' dir='ltr'><strong>oravitque</strong></span> <span class='ocrx_word' id='word_1_105' title='bbox 992 1721 1064 1775; x_wconf 92' lang='lat' dir='ltr'><strong>ut</strong></span> <span class='ocrx_word' id='word_1_106' title='bbox 1105 1709 1279 1775; x_wconf 87' lang='lat' dir='ltr'><strong>illam</strong></span> <span class='ocrx_word' id='word_1_107' title='bbox 1328 1710 1413 1774; x_wconf 89' lang='lat' dir='ltr'><strong>ad</strong></span> <span class='ocrx_word' id='word_1_108' title='bbox 1458 1732 1652 1795; x_wconf 91' lang='lat' dir='ltr'><strong>opem</strong></span> <span class='ocrx_word' id='word_1_109' title='bbox 1698 1709 2036 1773; x_wconf 85' lang='lat' dir='ltr'><strong>ferendam</strong></span> <span class='ocrx_word' id='word_1_110' title='bbox 2089 1711 2388 1772; x_wconf 88' lang='lat' dir='ltr'><strong>mitteret.</strong></span> <span class='ocrx_word' id='word_1_111' title='bbox 2466 1708 2716 1772; x_wconf 90' lang='lat' dir='ltr'><strong>Verum</strong></span> <span class='ocrx_word' id='word_1_112' title='bbox 2762 1707 3086 1772; x_wconf 78' lang='lat' dir='ltr'><strong>Dominus</strong></span> 
     </span>
     <span class='ocr_line' id='line_1_13' title="bbox 602 1818 3084 1910; baseline -0.003 -21"><span class='ocrx_word' id='word_1_113' title='bbox 602 1825 879 1889; x_wconf 86' lang='lat' dir='ltr'><strong>Mariam</strong></span> <span class='ocrx_word' id='word_1_114' title='bbox 920 1847 961 1889; x_wconf 90' lang='lat' dir='ltr'><strong>a</strong></span> <span class='ocrx_word' id='word_1_115' title='bbox 1003 1824 1408 1910; x_wconf 86' lang='lat' dir='ltr'><strong>querimonia</strong></span> <span class='ocrx_word' id='word_1_116' title='bbox 1438 1822 1734 1886; x_wconf 87' lang='lat' dir='ltr'><strong>Marthae</strong></span> <span class='ocrx_word' id='word_1_117' title='bbox 1786 1821 2094 1886; x_wconf 91' lang='lat' dir='ltr'><strong>defendit.</strong></span> <span class='ocrx_word' id='word_1_118' title='bbox 2152 1821 2483 1906; x_wconf 88' lang='lat' dir='ltr'><strong>Optimam</strong></span> <span class='ocrx_word' id='word_1_119' title='bbox 2521 1829 2779 1906; x_wconf 90' lang='lat' dir='ltr'><strong>partem</strong></span> <span class='ocrx_word' id='word_1_120' title='bbox 2813 1818 3084 1903; x_wconf 84' lang='lat' dir='ltr'><strong>elegisse</strong></span> 
     </span>
     <span class='ocr_line' id='line_1_14' title="bbox 601 1932 3084 2024; baseline -0.003 -21"><span class='ocrx_word' id='word_1_121' title='bbox 601 1937 959 2024; x_wconf 86' lang='lat' dir='ltr'><strong>respondit,</strong></span> <span class='ocrx_word' id='word_1_122' title='bbox 993 1961 1033 2001; x_wconf 88' lang='lat' dir='ltr'><strong>a</strong></span> <span class='ocrx_word' id='word_1_123' title='bbox 1066 1959 1196 2022; x_wconf 91' lang='lat' dir='ltr'><strong>qua</strong></span> <span class='ocrx_word' id='word_1_124' title='bbox 1218 1937 1475 2001; x_wconf 87' lang='lat' dir='ltr'><strong>nonnisi</strong></span> <span class='ocrx_word' id='word_1_125' title='bbox 1521 1959 1671 2000; x_wconf 91' lang='lat' dir='ltr'><strong>cum</strong></span> <span class='ocrx_word' id='word_1_126' title='bbox 1713 1937 1947 1999; x_wconf 89' lang='lat' dir='ltr'><strong>iniuria</strong></span> <span class='ocrx_word' id='word_1_127' title='bbox 1991 1943 2404 1999; x_wconf 84' lang='lat' dir='ltr'><strong>amoveretur</strong></span> <span class='ocrx_word' id='word_1_128' title='bbox 2419 1934 2464 1996; x_wconf 81' lang='lat'><strong>².</strong></span> <span class='ocrx_word' id='word_1_129' title='bbox 2497 1932 2882 1997; x_wconf 89' lang='lat' dir='ltr'><strong>Secundum</strong></span> <span class='ocrx_word' id='word_1_130' title='bbox 2923 1932 3084 1996; x_wconf 86' lang='lat' dir='ltr'><strong>haec</strong></span> 
     </span>
     <span class='ocr_line' id='line_1_15' title="bbox 603 2046 3084 2136; baseline -0.003 -21"><span class='ocrx_word' id='word_1_131' title='bbox 603 2051 793 2136; x_wconf 88' lang='lat' dir='ltr'><strong>plura</strong></span> <span class='ocrx_word' id='word_1_132' title='bbox 837 2050 921 2115; x_wconf 92' lang='lat' dir='ltr'><strong>de</strong></span> <span class='ocrx_word' id='word_1_133' title='bbox 982 2049 1229 2114; x_wconf 88' lang='lat' dir='ltr'><strong>orando</strong></span> <span class='ocrx_word' id='word_1_134' title='bbox 1289 2049 1437 2113; x_wconf 93' lang='lat' dir='ltr'><strong>Deo</strong></span> <span class='ocrx_word' id='word_1_135' title='bbox 1500 2048 1833 2134; x_wconf 81' lang='lat' dir='ltr'><strong>discipulis</strong></span> <span class='ocrx_word' id='word_1_136' title='bbox 1876 2049 2236 2133; x_wconf 89' lang='lat' dir='ltr'><strong>impertitus</strong></span> <span class='ocrx_word' id='word_1_137' title='bbox 2282 2057 2381 2110; x_wconf 87' lang='lat' dir='ltr'><strong>est</strong></span> <span class='ocrx_word' id='word_1_138' title='bbox 2424 2053 2783 2132; x_wconf 87' lang='lat' dir='ltr'><strong>praecepta</strong></span> <span class='ocrx_word' id='word_1_139' title='bbox 2805 2049 2849 2108; x_wconf 76' lang='grc'><strong>3.</strong></span> <span class='ocrx_word' id='word_1_140' title='bbox 2918 2046 3084 2108; x_wconf 76' lang='lat' dir='ltr'><strong>Invi-</strong></span> 
     </span>
     <span class='ocr_line' id='line_1_16' title="bbox 603 2158 3084 2248; baseline -0.002 -21"><span class='ocrx_word' id='word_1_141' title='bbox 603 2173 775 2227; x_wconf 88' lang='lat' dir='ltr'><strong>tatus</strong></span> <span class='ocrx_word' id='word_1_142' title='bbox 830 2186 871 2227; x_wconf 89' lang='lat' dir='ltr'><strong>a</strong></span> <span class='ocrx_word' id='word_1_143' title='bbox 914 2162 1267 2227; x_wconf 87' lang='lat' dir='ltr'><strong>Pharisaeo</strong></span> <span class='ocrx_word' id='word_1_144' title='bbox 1329 2162 1613 2248; x_wconf 90' lang='lat' dir='ltr'><strong>quodam</strong></span> <span class='ocrx_word' id='word_1_145' title='bbox 1675 2161 1760 2226; x_wconf 92' lang='lat' dir='ltr'><strong>ad</strong></span> <span class='ocrx_word' id='word_1_146' title='bbox 1812 2161 2192 2246; x_wconf 88' lang='lat' dir='ltr'><strong>prandium,</strong></span> <span class='ocrx_word' id='word_1_147' title='bbox 2239 2161 2452 2223; x_wconf 89' lang='lat' dir='ltr'><strong>animo</strong></span> <span class='ocrx_word' id='word_1_148' title='bbox 2508 2158 2678 2222; x_wconf 84' lang='lat' dir='ltr'><strong>forte</strong></span> <span class='ocrx_word' id='word_1_149' title='bbox 2739 2181 2878 2224; x_wconf 87' lang='lat' dir='ltr'><strong>non</strong></span> <span class='ocrx_word' id='word_1_150' title='bbox 2939 2161 3084 2223; x_wconf 83' lang='lat' dir='ltr'><strong>satis</strong></span> 
     </span>
     <span class='ocr_line' id='line_1_17' title="bbox 606 2271 3082 2360; baseline -0.002 -20"><span class='ocrx_word' id='word_1_151' title='bbox 606 2278 882 2359; x_wconf 87' lang='lat' dir='ltr'><strong>sincer0,</strong></span> <span class='ocrx_word' id='word_1_152' title='bbox 926 2275 1217 2340; x_wconf 87' lang='lat' dir='ltr'><strong>Christus</strong></span> <span class='ocrx_word' id='word_1_153' title='bbox 1263 2275 1527 2339; x_wconf 90' lang='lat' dir='ltr'><strong>domum</strong></span> <span class='ocrx_word' id='word_1_154' title='bbox 1558 2277 1888 2360; x_wconf 84' lang='lat' dir='ltr'><strong>ingressus</strong></span> <span class='ocrx_word' id='word_1_155' title='bbox 1933 2275 2147 2339; x_wconf 86' lang='lat' dir='ltr'><strong>statim</strong></span> <span class='ocrx_word' id='word_1_156' title='bbox 2177 2271 2367 2336; x_wconf 90' lang='lat' dir='ltr'><strong>illotis</strong></span> <span class='ocrx_word' id='word_1_157' title='bbox 2398 2271 2698 2336; x_wconf 90' lang='lat' dir='ltr'><strong>manibus</strong></span> <span class='ocrx_word' id='word_1_158' title='bbox 2745 2271 3082 2354; x_wconf 77' lang='lat' dir='ltr'><strong>discubuit,</strong></span> 
     </span>
     <span class='ocr_line' id='line_1_18' title="bbox 606 2385 3084 2475; baseline -0.003 -22"><span class='ocrx_word' id='word_1_159' title='bbox 606 2399 677 2453; x_wconf 91' lang='lat' dir='ltr'><strong>ut</strong></span> <span class='ocrx_word' id='word_1_160' title='bbox 710 2389 1017 2475; x_wconf 86' lang='lat' dir='ltr'><strong>exemplo</strong></span> <span class='ocrx_word' id='word_1_161' title='bbox 1050 2411 1166 2453; x_wconf 91' lang='lat' dir='ltr'><strong>suo</strong></span> <span class='ocrx_word' id='word_1_162' title='bbox 1200 2388 1631 2474; x_wconf 88' lang='lat' dir='ltr'><strong>pharisaicam</strong></span> <span class='ocrx_word' id='word_1_163' title='bbox 1663 2389 2187 2474; x_wconf 87' lang='lat' dir='ltr'><strong>superstitionem</strong></span> <span class='ocrx_word' id='word_1_164' title='bbox 2220 2394 2561 2450; x_wconf 84' lang='lat' dir='ltr'><strong>everteret.</strong></span> <span class='ocrx_word' id='word_1_165' title='bbox 2617 2385 2886 2448; x_wconf 86' lang='lat' dir='ltr'><strong>Miranti</strong></span> <span class='ocrx_word' id='word_1_166' title='bbox 2919 2385 3084 2470; x_wconf 88' lang='lat' dir='ltr'><strong>quod</strong></span> 
     </span>
     <span class='ocr_line' id='line_1_19' title="bbox 604 2496 3082 2587; baseline -0.003 -20"><span class='ocrx_word' id='word_1_167' title='bbox 604 2504 797 2567; x_wconf 84' lang='lat' dir='ltr'><strong>ritum</strong></span> <span class='ocrx_word' id='word_1_168' title='bbox 845 2501 1179 2567; x_wconf 84' lang='lat' dir='ltr'><strong>observari</strong></span> <span class='ocrx_word' id='word_1_169' title='bbox 1226 2502 1481 2566; x_wconf 88' lang='lat' dir='ltr'><strong>solitum</strong></span> <span class='ocrx_word' id='word_1_170' title='bbox 1528 2502 1898 2587; x_wconf 86' lang='lat' dir='ltr'><strong>sprevisset,</strong></span> <span class='ocrx_word' id='word_1_171' title='bbox 1931 2521 2206 2585; x_wconf 86' lang='lat' dir='ltr'><strong>arguere</strong></span> <span class='ocrx_word' id='word_1_172' title='bbox 2247 2500 2464 2585; x_wconf 89' lang='lat' dir='ltr'><strong>coepit</strong></span> <span class='ocrx_word' id='word_1_173' title='bbox 2494 2497 2790 2563; x_wconf 82' lang='lat' dir='ltr'><strong>Christus</strong></span> <span class='ocrx_word' id='word_1_174' title='bbox 2835 2496 3082 2582; x_wconf 84' lang='lat' dir='ltr'><strong>religio-</strong></span> 
     </span>
     <span class='ocr_line' id='line_1_20' title="bbox 606 2610 3080 2700; baseline -0.002 -21"><span class='ocrx_word' id='word_1_175' title='bbox 606 2638 760 2679; x_wconf 91' lang='lat' dir='ltr'><strong>nem</strong></span> <span class='ocrx_word' id='word_1_176' title='bbox 789 2615 1289 2680; x_wconf 89' lang='lat' dir='ltr'><strong>Pharisaeorum</strong></span> <span class='ocrx_word' id='word_1_177' title='bbox 1336 2622 1864 2700; x_wconf 82' lang='lat' dir='ltr'><strong>praeposteram3</strong></span> <span class='ocrx_word' id='word_1_178' title='bbox 1913 2611 2147 2698; x_wconf 89' lang='lat' dir='ltr'><strong>quibus</strong></span> <span class='ocrx_word' id='word_1_179' title='bbox 2187 2621 2460 2675; x_wconf 87' lang='lat' dir='ltr'><strong>externa</strong></span> <span class='ocrx_word' id='word_1_180' title='bbox 2494 2610 2850 2675; x_wconf 87' lang='lat' dir='ltr'><strong>mundities</strong></span> <span class='ocrx_word' id='word_1_181' title='bbox 2901 2632 3080 2674; x_wconf 86' lang='lat' dir='ltr'><strong>curae</strong></span> 
     </span>
     <span class='ocr_line' id='line_1_21' title="bbox 610 2721 3080 2811; baseline -0.003 -19"><span class='ocrx_word' id='word_1_182' title='bbox 610 2737 801 2810; x_wconf 88' lang='lat' dir='ltr'><strong>esset,</strong></span> <span class='ocrx_word' id='word_1_183' title='bbox 846 2729 1105 2792; x_wconf 87' lang='lat' dir='ltr'><strong>interna</strong></span> <span class='ocrx_word' id='word_1_184' title='bbox 1146 2726 1496 2811; x_wconf 89' lang='lat' dir='ltr'><strong>neglectui.</strong></span> <span class='ocrx_word' id='word_1_185' title='bbox 1574 2724 1726 2806; x_wconf 78' lang='lat' dir='ltr'><strong>Qua</strong></span> <span class='ocrx_word' id='word_1_186' title='bbox 1781 2725 1864 2790; x_wconf 92' lang='lat' dir='ltr'><strong>de</strong></span> <span class='ocrx_word' id='word_1_187' title='bbox 1912 2746 2111 2788; x_wconf 85' lang='lat' dir='ltr'><strong>causa</strong></span> <span class='ocrx_word' id='word_1_188' title='bbox 2163 2722 2559 2788; x_wconf 91' lang='lat' dir='ltr'><strong>horrendum</strong></span> <span class='ocrx_word' id='word_1_189' title='bbox 2601 2721 2772 2788; x_wconf 87' lang='lat' dir='ltr'><strong>Vae</strong></span> <span class='ocrx_word' id='word_1_190' title='bbox 2829 2723 2990 2786; x_wconf 86' lang='lat' dir='ltr'><strong>dicit</strong></span> <span class='ocrx_word' id='word_1_191' title='bbox 3025 2725 3080 2784; x_wconf 85' lang='lat' dir='ltr'><strong>in</strong></span> 
     </span>
     <span class='ocr_line' id='line_1_22' title="bbox 610 2834 3082 2924; baseline -0.003 -20"><span class='ocrx_word' id='word_1_192' title='bbox 610 2839 875 2905; x_wconf 87' lang='lat' dir='ltr'><strong>Scribas</strong></span> <span class='ocrx_word' id='word_1_193' title='bbox 907 2849 971 2903; x_wconf 88' lang='lat' dir='ltr'><strong>et</strong></span> <span class='ocrx_word' id='word_1_194' title='bbox 1000 2839 1202 2924; x_wconf 88' lang='lat' dir='ltr'><strong>Legis</strong></span> <span class='ocrx_word' id='word_1_195' title='bbox 1232 2841 1495 2924; x_wconf 84' lang='lat' dir='ltr'><strong>peritos.</strong></span> <span class='ocrx_word' id='word_1_196' title='bbox 1557 2839 1822 2902; x_wconf 90' lang='lat' dir='ltr'><strong>Interea</strong></span> <span class='ocrx_word' id='word_1_197' title='bbox 1853 2860 2002 2902; x_wconf 90' lang='lat' dir='ltr'><strong>cum</strong></span> <span class='ocrx_word' id='word_1_198' title='bbox 2033 2845 2392 2922; x_wconf 85' lang='lat' dir='ltr'><strong>aggregata</strong></span> <span class='ocrx_word' id='word_1_199' title='bbox 2429 2845 2600 2900; x_wconf 89' lang='lat' dir='ltr'><strong>esset</strong></span> <span class='ocrx_word' id='word_1_200' title='bbox 2635 2834 2834 2899; x_wconf 86' lang='lat' dir='ltr'><strong>turba</strong></span> <span class='ocrx_word' id='word_1_201' title='bbox 2873 2834 3082 2912; x_wconf 75' lang='lat' dir='ltr'><strong>multa,</strong></span> 
     </span>
     <span class='ocr_line' id='line_1_23' title="bbox 608 2935 3083 3037; baseline -0.003 -21"><span class='ocrx_word' id='word_1_202' title='bbox 608 2953 861 3016; x_wconf 89' lang='lat' dir='ltr'><strong>monuit</strong></span> <span class='ocrx_word' id='word_1_203' title='bbox 905 2951 1269 3016; x_wconf 83' lang='lat' dir='ltr'><strong>cavendam</strong></span> <span class='ocrx_word' id='word_1_204' title='bbox 1302 2935 1806 3016; x_wconf 83' lang='lat' dir='ltr'><strong>Pharisaeorum</strong></span> <span class='ocrx_word' id='word_1_205' title='bbox 1851 2951 2264 3037; x_wconf 81' lang='lat' dir='ltr'><strong>hypocrisim.</strong></span> <span class='ocrx_word' id='word_1_206' title='bbox 2333 2949 2503 3012; x_wconf 89' lang='lat' dir='ltr'><strong>Tum</strong></span> <span class='ocrx_word' id='word_1_207' title='bbox 2549 2948 2785 3033; x_wconf 85' lang='lat' dir='ltr'><strong>aliquis</strong></span> <span class='ocrx_word' id='word_1_208' title='bbox 2831 2947 3083 3012; x_wconf 83' lang='lat' dir='ltr'><strong>caducis</strong></span> 
     </span>
     <span class='ocr_line' id='line_1_24' title="bbox 609 3058 3082 3151; baseline -0.004 -22"><span class='ocrx_word' id='word_1_209' title='bbox 609 3067 837 3150; x_wconf 87' lang='lat' dir='ltr'><strong>magis,</strong></span> <span class='ocrx_word' id='word_1_210' title='bbox 887 3087 1083 3151; x_wconf 89' lang='lat' dir='ltr'><strong>quam</strong></span> <span class='ocrx_word' id='word_1_211' title='bbox 1129 3064 1521 3130; x_wconf 89' lang='lat' dir='ltr'><strong>coelestibus</strong></span> <span class='ocrx_word' id='word_1_212' title='bbox 1564 3067 1884 3147; x_wconf 88' lang='lat' dir='ltr'><strong>intentus,</strong></span> <span class='ocrx_word' id='word_1_213' title='bbox 1942 3063 2170 3128; x_wconf 88' lang='lat' dir='ltr'><strong>Jesum</strong></span> <span class='ocrx_word' id='word_1_214' title='bbox 2215 3061 2526 3126; x_wconf 86' lang='lat' dir='ltr'><strong>arbitrum</strong></span> <span class='ocrx_word' id='word_1_215' title='bbox 2569 3084 2690 3146; x_wconf 91' lang='lat' dir='ltr'><strong>pro</strong></span> <span class='ocrx_word' id='word_1_216' title='bbox 2739 3058 3082 3123; x_wconf 80' lang='lat' dir='ltr'><strong>dividenda</strong></span> 
     </span>
     <span class='ocr_line' id='line_1_25' title="bbox 612 3172 3084 3262; baseline -0.003 -21"><span class='ocrx_word' id='word_1_217' title='bbox 612 3199 762 3242; x_wconf 90' lang='lat' dir='ltr'><strong>cum</strong></span> <span class='ocrx_word' id='word_1_218' title='bbox 801 3177 1001 3241; x_wconf 85' lang='lat' dir='ltr'><strong>fratre</strong></span> <span class='ocrx_word' id='word_1_219' title='bbox 1039 3177 1441 3242; x_wconf 88' lang='lat' dir='ltr'><strong>haereditate</strong></span> <span class='ocrx_word' id='word_1_220' title='bbox 1473 3186 1696 3262; x_wconf 88' lang='lat' dir='ltr'><strong>rogat:</strong></span> <span class='ocrx_word' id='word_1_221' title='bbox 1745 3199 1940 3262; x_wconf 92' lang='lat' dir='ltr'><strong>quam</strong></span> <span class='ocrx_word' id='word_1_222' title='bbox 1973 3174 2264 3240; x_wconf 85' lang='lat' dir='ltr'><strong>Christus</strong></span> <span class='ocrx_word' id='word_1_223' title='bbox 2293 3175 2700 3261; x_wconf 84' lang='lat' dir='ltr'><strong>provinciam</strong></span> <span class='ocrx_word' id='word_1_224' title='bbox 2739 3172 3084 3259; x_wconf 78' lang='lat' dir='ltr'><strong>prudenter</strong></span> 
     </span>
     <span class='ocr_line' id='line_1_26' title="bbox 613 3283 3080 3376; baseline -0.003 -24"><span class='ocrx_word' id='word_1_225' title='bbox 613 3289 857 3353; x_wconf 90' lang='lat' dir='ltr'><strong>abnuit.</strong></span> <span class='ocrx_word' id='word_1_226' title='bbox 920 3289 1132 3353; x_wconf 90' lang='lat' dir='ltr'><strong>Huius</strong></span> <span class='ocrx_word' id='word_1_227' title='bbox 1162 3291 1489 3376; x_wconf 88' lang='lat' dir='ltr'><strong>petitionis</strong></span> <span class='ocrx_word' id='word_1_228' title='bbox 1529 3291 1878 3354; x_wconf 90' lang='lat' dir='ltr'><strong>occasione</strong></span> <span class='ocrx_word' id='word_1_229' title='bbox 1920 3287 2141 3352; x_wconf 89' lang='lat' dir='ltr'><strong>docuit</strong></span> <span class='ocrx_word' id='word_1_230' title='bbox 2169 3288 2508 3352; x_wconf 88' lang='lat' dir='ltr'><strong>avaritiam</strong></span> <span class='ocrx_word' id='word_1_231' title='bbox 2539 3308 2682 3350; x_wconf 91' lang='lat' dir='ltr'><strong>esse</strong></span> <span class='ocrx_word' id='word_1_232' title='bbox 2715 3283 3080 3370; x_wconf 81' lang='lat' dir='ltr'><strong>fugiendam</strong></span> 
     </span>
     <span class='ocr_line' id='line_1_27' title="bbox 615 3397 3084 3487; baseline -0.003 -22"><span class='ocrx_word' id='word_1_233' title='bbox 615 3412 678 3466; x_wconf 90' lang='lat' dir='ltr'><strong>et</strong></span> <span class='ocrx_word' id='word_1_234' title='bbox 709 3413 859 3466; x_wconf 85' lang='lat' dir='ltr'><strong>ante</strong></span> <span class='ocrx_word' id='word_1_235' title='bbox 894 3403 1111 3466; x_wconf 82' lang='lat' dir='ltr'><strong>omnia</strong></span> <span class='ocrx_word' id='word_1_236' title='bbox 1140 3411 1277 3466; x_wconf 88' lang='lat' dir='ltr'><strong>toto</strong></span> <span class='ocrx_word' id='word_1_237' title='bbox 1310 3411 1578 3487; x_wconf 89' lang='lat' dir='ltr'><strong>pectore</strong></span> <span class='ocrx_word' id='word_1_238' title='bbox 1619 3400 2067 3486; x_wconf 90' lang='lat' dir='ltr'><strong>quaerendum</strong></span> <span class='ocrx_word' id='word_1_239' title='bbox 2103 3400 2459 3484; x_wconf 90' lang='lat' dir='ltr'><strong>Regnum</strong></span> <span class='ocrx_word' id='word_1_240' title='bbox 2504 3398 2688 3461; x_wconf 84' lang='lat' dir='ltr'><strong>Dei!</strong></span> <span class='ocrx_word' id='word_1_241' title='bbox 2711 3401 2736 3441; x_wconf 77' lang='lat'><strong>⁴</strong></span> <span class='ocrx_word' id='word_1_242' title='bbox 2781 3397 3084 3462; x_wconf 83' lang='lat' dir='ltr'><strong>Hortatus</strong></span> 
     </span>
     <span class='ocr_line' id='line_1_28' title="bbox 615 3510 3082 3603; baseline -0.005 -23"><span class='ocrx_word' id='word_1_243' title='bbox 615 3525 713 3580; x_wconf 88' lang='lat' dir='ltr'><strong>est</strong></span> <span class='ocrx_word' id='word_1_244' title='bbox 758 3537 1019 3603; x_wconf 91' lang='lat' dir='ltr'><strong>quoque</strong></span> <span class='ocrx_word' id='word_1_245' title='bbox 1067 3537 1293 3579; x_wconf 90' lang='lat' dir='ltr'><strong>omnes</strong></span> <span class='ocrx_word' id='word_1_246' title='bbox 1338 3514 1424 3578; x_wconf 89' lang='lat' dir='ltr'><strong>ad</strong></span> <span class='ocrx_word' id='word_1_247' title='bbox 1467 3514 1868 3599; x_wconf 82' lang='lat' dir='ltr'><strong>vigilantiam</strong></span> <span class='ocrx_word' id='word_1_248' title='bbox 1889 3517 1930 3577; x_wconf 85' lang='lat'><strong>⁵.</strong></span> <span class='ocrx_word' id='word_1_249' title='bbox 1997 3513 2130 3578; x_wconf 91' lang='lat' dir='ltr'><strong>Ubi</strong></span> <span class='ocrx_word' id='word_1_250' title='bbox 2173 3520 2532 3599; x_wconf 86' lang='lat' dir='ltr'><strong>praecepta</strong></span> <span class='ocrx_word' id='word_1_251' title='bbox 2560 3510 2728 3574; x_wconf 89' lang='lat' dir='ltr'><strong>haec</strong></span> <span class='ocrx_word' id='word_1_252' title='bbox 2777 3510 3082 3573; x_wconf 80' lang='lat' dir='ltr'><strong>Dominus</strong></span> 
     </span>
     <span class='ocr_line' id='line_1_29' title="bbox 612 3623 3082 3711; baseline -0.004 -20"><span class='ocrx_word' id='word_1_253' title='bbox 612 3627 915 3711; x_wconf 89' lang='lat' dir='ltr'><strong>inculcat,</strong></span> <span class='ocrx_word' id='word_1_254' title='bbox 964 3650 1121 3692; x_wconf 90' lang='lat' dir='ltr'><strong>ecce</strong></span> <span class='ocrx_word' id='word_1_255' title='bbox 1181 3629 1363 3692; x_wconf 88' lang='lat' dir='ltr'><strong>triste</strong></span> <span class='ocrx_word' id='word_1_256' title='bbox 1426 3629 1484 3691; x_wconf 91' lang='lat' dir='ltr'><strong>ei</strong></span> <span class='ocrx_word' id='word_1_257' title='bbox 1544 3629 1840 3692; x_wconf 91' lang='lat' dir='ltr'><strong>nuntium</strong></span> <span class='ocrx_word' id='word_1_258' title='bbox 1899 3627 2200 3709; x_wconf 85' lang='lat' dir='ltr'><strong>affertur,</strong></span> <span class='ocrx_word' id='word_1_259' title='bbox 2262 3625 2344 3689; x_wconf 92' lang='lat' dir='ltr'><strong>de</strong></span> <span class='ocrx_word' id='word_1_260' title='bbox 2406 3623 2718 3689; x_wconf 78' lang='lat' dir='ltr'><strong>Galilaeis</strong></span> <span class='ocrx_word' id='word_1_261' title='bbox 2787 3645 2992 3708; x_wconf 87' lang='lat' dir='ltr'><strong>nuper</strong></span> <span class='ocrx_word' id='word_1_262' title='bbox 3047 3641 3082 3680; x_wconf 81' lang='lat' dir='ltr'><strong>a</strong></span> 
     </span>
     <span class='ocr_line' id='line_1_30' title="bbox 612 3731 3082 3825; baseline -0.004 -21"><span class='ocrx_word' id='word_1_263' title='bbox 612 3739 821 3805; x_wconf 88' lang='lat' dir='ltr'><strong>Pilato</strong></span> <span class='ocrx_word' id='word_1_264' title='bbox 872 3742 1137 3824; x_wconf 89' lang='lat' dir='ltr'><strong>occisis,</strong></span> <span class='ocrx_word' id='word_1_265' title='bbox 1186 3763 1313 3825; x_wconf 91' lang='lat' dir='ltr'><strong>quo</strong></span> <span class='ocrx_word' id='word_1_266' title='bbox 1362 3739 1581 3804; x_wconf 87' lang='lat' dir='ltr'><strong>audito</strong></span> <span class='ocrx_word' id='word_1_267' title='bbox 1629 3740 1918 3825; x_wconf 87' lang='lat' dir='ltr'><strong>apertius</strong></span> <span class='ocrx_word' id='word_1_268' title='bbox 1970 3739 2386 3825; x_wconf 89' lang='lat' dir='ltr'><strong>prosequitur</strong></span> <span class='ocrx_word' id='word_1_269' title='bbox 2439 3736 2685 3801; x_wconf 83' lang='lat' dir='ltr'><strong>hortari</strong></span> <span class='ocrx_word' id='word_1_270' title='bbox 2738 3757 2964 3800; x_wconf 86' lang='lat' dir='ltr'><strong>omnes</strong></span> <span class='ocrx_word' id='word_1_271' title='bbox 3005 3731 3082 3795; x_wconf 85' lang='lat' dir='ltr'><strong>ad</strong></span> 
     </span>
     <span class='ocr_line' id='line_1_31' title="bbox 614 3850 2928 3938; baseline -0.003 -21"><span class='ocrx_word' id='word_1_272' title='bbox 614 3854 1103 3938; x_wconf 85' lang='lat' dir='ltr'><strong>poenitentiam,</strong></span> <span class='ocrx_word' id='word_1_273' title='bbox 1150 3875 1233 3916; x_wconf 92' lang='lat' dir='ltr'><strong>ne</strong></span> <span class='ocrx_word' id='word_1_274' title='bbox 1282 3861 1347 3916; x_wconf 88' lang='lat' dir='ltr'><strong>et</strong></span> <span class='ocrx_word' id='word_1_275' title='bbox 1390 3853 1513 3937; x_wconf 92' lang='lat' dir='ltr'><strong>ipsi</strong></span> <span class='ocrx_word' id='word_1_276' title='bbox 1558 3875 1599 3916; x_wconf 88' lang='lat' dir='ltr'><strong>a</strong></span> <span class='ocrx_word' id='word_1_277' title='bbox 1643 3852 1792 3916; x_wconf 93' lang='lat' dir='ltr'><strong>Deo</strong></span> <span class='ocrx_word' id='word_1_278' title='bbox 1839 3853 2102 3937; x_wconf 83' lang='lat' dir='ltr'><strong>gravius</strong></span> <span class='ocrx_word' id='word_1_279' title='bbox 2147 3851 2360 3937; x_wconf 90' lang='lat' dir='ltr'><strong>puniri</strong></span> <span class='ocrx_word' id='word_1_280' title='bbox 2403 3850 2870 3935; x_wconf 87' lang='lat' dir='ltr'><strong>permittantur</strong></span> <span class='ocrx_word' id='word_1_281' title='bbox 2887 3851 2928 3910; x_wconf 64' lang='grc' dir='ltr'><strong>ὅ.</strong></span> 
     </span>
    </p>
   </div>
   <div class='ocr_carea' id='block_1_3' title="bbox 711 4005 1025 4012">
    <p class='ocr_par' dir='ltr' id='par_1_3' title="bbox 711 4005 1025 4012">
     <span class='ocr_line' id='line_1_32' title="bbox 711 4005 1025 4012; baseline 0 1247"><span class='ocrx_word' id='word_1_282' title='bbox 711 4005 1025 4012; x_wconf 95' lang='lat' dir='ltr'><strong> </strong></span> 
     </span>
    </p>
   </div>
   <div class='ocr_carea' id='block_1_4' title="bbox 618 4059 3081 4297">
    <p class='ocr_par' dir='ltr' id='par_1_4' title="bbox 618 4059 3081 4297">
     <span class='ocr_line' id='line_1_33' title="bbox 826 4059 3081 4129; baseline -0.004 -17"><span class='ocrx_word' id='word_1_283' title='bbox 826 4063 863 4129; x_wconf 86' lang='lat'><strong>¹)</strong></span> <span class='ocrx_word' id='word_1_284' title='bbox 899 4065 1032 4112; x_wconf 90' lang='lat' dir='ltr'><strong>Luc.</strong></span> <span class='ocrx_word' id='word_1_285' title='bbox 1070 4065 1151 4124; x_wconf 85' lang='lat'><strong>10,</strong></span> <span class='ocrx_word' id='word_1_286' title='bbox 1186 4065 1269 4112; x_wconf 81' lang='lat'><strong>25.</strong></span> <span class='ocrx_word' id='word_1_287' title='bbox 1306 4077 1345 4111; x_wconf 78' lang='grc' dir='ltr'><strong>ε.</strong></span> <span class='ocrx_word' id='word_1_288' title='bbox 1408 4061 1451 4126; x_wconf 82' lang='lat'><strong>²)</strong></span> <span class='ocrx_word' id='word_1_289' title='bbox 1488 4063 1619 4112; x_wconf 88' lang='lat' dir='ltr'><strong>Luc.</strong></span> <span class='ocrx_word' id='word_1_290' title='bbox 1657 4064 1738 4124; x_wconf 90' lang='grc'><strong>10,</strong></span> <span class='ocrx_word' id='word_1_291' title='bbox 1777 4065 1858 4111; x_wconf 88' lang='grc'><strong>38.</strong></span> <span class='ocrx_word' id='word_1_292' title='bbox 1894 4077 1935 4110; x_wconf 81' lang='lat' dir='ltr'><strong>s.</strong></span> <span class='ocrx_word' id='word_1_293' title='bbox 1997 4061 2037 4126; x_wconf 82' lang='grc'><strong>3)</strong></span> <span class='ocrx_word' id='word_1_294' title='bbox 2073 4061 2206 4110; x_wconf 89' lang='lat' dir='ltr'><strong>Luc.</strong></span> <span class='ocrx_word' id='word_1_295' title='bbox 2245 4063 2327 4122; x_wconf 90' lang='lat'><strong>11,</strong></span> <span class='ocrx_word' id='word_1_296' title='bbox 2367 4064 2413 4110; x_wconf 91' lang='lat'><strong>1.</strong></span> <span class='ocrx_word' id='word_1_297' title='bbox 2453 4075 2496 4109; x_wconf 85' lang='lat' dir='ltr'><strong>s.</strong></span> <span class='ocrx_word' id='word_1_298' title='bbox 2556 4060 2600 4124; x_wconf 86' lang='lat'><strong>⁴)</strong></span> <span class='ocrx_word' id='word_1_299' title='bbox 2637 4059 2774 4109; x_wconf 87' lang='lat' dir='ltr'><strong>Luc.</strong></span> <span class='ocrx_word' id='word_1_300' title='bbox 2817 4063 2897 4120; x_wconf 88' lang='lat'><strong>11,</strong></span> <span class='ocrx_word' id='word_1_301' title='bbox 2933 4059 3010 4108; x_wconf 72' lang='lat'><strong>37.</strong></span> <span class='ocrx_word' id='word_1_302' title='bbox 3041 4071 3081 4104; x_wconf 78' lang='lat' dir='ltr'><strong>s.</strong></span> 
     </span>
     <span class='ocr_line' id='line_1_34' title="bbox 618 4143 3079 4214; baseline -0.004 -15"><span class='ocrx_word' id='word_1_303' title='bbox 618 4152 699 4212; x_wconf 82' lang='lat'><strong>12,</strong></span> <span class='ocrx_word' id='word_1_304' title='bbox 751 4152 797 4199; x_wconf 90' lang='lat'><strong>1.</strong></span> <span class='ocrx_word' id='word_1_305' title='bbox 848 4165 889 4199; x_wconf 83' lang='lat' dir='ltr'><strong>s.</strong></span> <span class='ocrx_word' id='word_1_306' title='bbox 961 4149 1150 4198; x_wconf 87' lang='lat' dir='ltr'><strong>Matth.</strong></span> <span class='ocrx_word' id='word_1_307' title='bbox 1200 4152 1283 4212; x_wconf 83' lang='lat'><strong>23,</strong></span> <span class='ocrx_word' id='word_1_308' title='bbox 1334 4151 1419 4199; x_wconf 85' lang='grc'><strong>25.</strong></span> <span class='ocrx_word' id='word_1_309' title='bbox 1466 4164 1509 4198; x_wconf 79' lang='lat' dir='ltr'><strong>s·</strong></span> <span class='ocrx_word' id='word_1_310' title='bbox 1583 4149 1624 4214; x_wconf 77' lang='lat'><strong>⁵)</strong></span> <span class='ocrx_word' id='word_1_311' title='bbox 1676 4149 1807 4198; x_wconf 84' lang='lat' dir='ltr'><strong>Luc.</strong></span> <span class='ocrx_word' id='word_1_312' title='bbox 1859 4151 1949 4210; x_wconf 84' lang='lat'><strong>12,</strong></span> <span class='ocrx_word' id='word_1_313' title='bbox 2000 4149 2082 4196; x_wconf 82' lang='lat'><strong>35.</strong></span> <span class='ocrx_word' id='word_1_314' title='bbox 2131 4163 2173 4198; x_wconf 89' lang='lat' dir='ltr'><strong>s.</strong></span> <span class='ocrx_word' id='word_1_315' title='bbox 2245 4146 2433 4197; x_wconf 79' lang='lat' dir='ltr'><strong>Matth.</strong></span> <span class='ocrx_word' id='word_1_316' title='bbox 2484 4148 2576 4205; x_wconf 84' lang='grc'><strong>24,</strong></span> <span class='ocrx_word' id='word_1_317' title='bbox 2625 4148 2712 4195; x_wconf 82' lang='grc'><strong>42.</strong></span> <span class='ocrx_word' id='word_1_318' title='bbox 2759 4161 2804 4194; x_wconf 89' lang='lat' dir='ltr'><strong>s.</strong></span> <span class='ocrx_word' id='word_1_319' title='bbox 2877 4143 2918 4208; x_wconf 71' lang='grc' dir='ltr'><strong>θ)</strong></span> <span class='ocrx_word' id='word_1_320' title='bbox 2961 4145 3079 4192; x_wconf 76' lang='lat' dir='ltr'><strong>Luc.</strong></span> 
     </span>
     <span class='ocr_line' id='line_1_35' title="bbox 618 4237 864 4297; baseline 0 -13"><span class='ocrx_word' id='word_1_321' title='bbox 618 4237 700 4297; x_wconf 88' lang='lat'><strong>13,</strong></span> <span class='ocrx_word' id='word_1_322' title='bbox 740 4238 786 4284; x_wconf 92' lang='lat'><strong>1.</strong></span> <span class='ocrx_word' id='word_1_323' title='bbox 824 4251 864 4284; x_wconf 85' lang='lat' dir='ltr'><strong>s.</strong></span> 
     </span>
    </p>
   </div>
  </div>
 </body>
</html>
