3267 5259
920 436 965 474 S.
987 436 1030 474 S.
1052 431 1172 473 Petri
1200 434 1247 473 et
1272 432 1398 475 Pauli
1424 416 1646 473 lsistoriae
1674 432 1720 472 et
1745 432 2013 483 Martyrium.
2577 417 2706 483 457

234 614 389 675 atque
424 611 695 662 Paulum
744 624 1087 675 numquam
1132 609 1421 660 vinculis
1468 610 1754 661 solutum
1799 610 2169 675 opinantur.
2219 609 2313 660 Uti
2356 609 2586 659 faciunt:
2635 608 2707 658 M.

234 696 491 760 Mauduit,
518 697 737 762 analyse
774 696 868 747 des
904 699 1099 763 epitres
1126 696 1176 747 d.
1214 713 1255 747 s.
1293 696 1444 747 Paul.
1482 697 1604 747 Par.
1632 699 1782 747 1691.
1808 697 1878 759 11,
1905 698 2024 747 564.
2051 712 2093 746 s.
2129 696 2202 746 M.
2229 695 2396 761 Spier,
2434 696 2561 745 diss.
2601 709 2708 760 qua

232 784 289 833 P.
305 784 362 834 P.
381 784 447 835 V.
470 785 757 849 primorum
776 784 1108 834 saeculorum
1128 790 1261 833 sent.
1283 784 1349 835 de
1367 784 1525 834 Pauli
1543 786 1597 833 in
1616 785 1936 849 Hispaniam
1954 785 2144 834 itinere
2159 783 2530 834 labefactatur.
2557 783 2706 833 Witt.

236 872 380 921 1-740.
404 870 595 933 Reuss,
621 871 677 919 la
700 870 931 921 seconde
958 868 1209 937 captivite
1236 871 1301 920 de
1327 869 1401 922 st.
1428 870 1579 933 Paul,
1606 872 1662 921 in
1683 886 1806 921 ann.
1832 871 2110 937 Argentor.
2146 870 2332 921 Revue
2357 870 2424 919 de
2442 868 2708 935 theologie

230 958 299 1018 11,
327 960 441 1008 150.
482 958 561 1007 Id.
590 956 780 1008 Gesch.
808 956 858 1007 d.
885 956 938 1008 h.
966 956 1112 1007 Schr.
1138 974 1189 1024 p.
1219 960 1335 1009 123.
1362 974 1404 1008 s.
1453 957 1735 1021 Schenkel‚
1761 960 1814 1007 in
1849 956 1999 1008 Stud.
2025 974 2078 1007 u.
2117 958 2251 1007 Krit.
2281 959 2429 1008 1841.
2465 974 2514 1022 p.
2541 958 2624 1006 53.
2663 972 2708 1006 s.

233 1044 509 1106 Schrader,
548 1045 643 1095 der
677 1045 897 1111 Apostel
932 1044 1152 1108 Paulus,
1188 1045 1231 1108 Ι,
1270 1046 1387 1095 233.
1424 1045 1489 1095 N.
1512 1043 1830 1111 Fogtmann,
1869 1045 1934 1094 de
1973 1045 2116 1095 auth.
2154 1050 2290 1110 past.
2315 1042 2472 1094 Pauli
2496 1043 2594 1109 Ap.
2623 1058 2705 1108 ep.

232 1148 279 1197 p.
317 1134 397 1183 17.
436 1149 483 1183 s.
531 1132 701 1195 Baur,
740 1131 833 1181 der
867 1129 1088 1194 Apostel
1124 1132 1342 1183 Paulus.
1390 1150 1441 1197 p.
1480 1132 1598 1181 212.
1647 1131 1926 1195 Wieseler,
1961 1130 2158 1181 Chron.
2197 1132 2246 1181 d.
2283 1136 2455 1197 apost.
2493 1130 2702 1180 Zeitalt.

231 1235 279 1284 p.
320 1220 439 1269 521.
481 1234 523 1269 s.
560 1218 814 1284 Mathies,
870 1218 1021 1269 Erkl.
1069 1219 1161 1269 der
1196 1219 1629 1269 Pastoralbriefe.
1696 1218 1935 1270 Greifsvv.
1984 1220 2134 1269 1840.
2180 1235 2232 1284 p.
2281 1220 2394 1268 186.
2439 1232 2482 1269 s.
2527 1217 2708 1267 Reith-

232 1320 389 1369 mayr,
445 1306 589 1355 Einl.
628 1323 679 1371 p.
718 1307 836 1356 498.
888 1304 1114 1367 Ebrard,
1152 1306 1293 1355 wiss.
1327 1306 1461 1355 Krit.
1500 1305 1549 1355 d.
1588 1320 1668 1355 ev.
1714 1305 1905 1355 Gesch.
1947 1322 1999 1371 p.
2045 1308 2158 1355 752.
2203 1322 2244 1355 s.
2281 1304 2472 1367 Schaff,
2517 1302 2706 1355 Gesch.

234 1392 321 1441 der
356 1406 443 1457 ap.
472 1391 668 1441 Kirche
694 1409 745 1458 p.
772 1394 891 1442 333.
916 1406 958 1441 s.
1010 1392 1153 1454 Otto,
1190 1392 1275 1441 die
1309 1392 1487 1457 gesch.
1520 1391 1887 1443 Verhaltnisse
1925 1392 1974 1441 d.
2002 1392 2326 1443 Pastor-aibr.
2352 1408 2404 1457 p.
2434 1393 2532 1441 169
2557 1408 2598 1441 s.
2645 1392 2707 1441 A.

234 1477 294 1528 0.
330 1479 538 1539 Runa-ze,
578 1480 871 1545 praecipua
906 1480 1123 1529 Pati-um
1173 1479 1301 1529 eccl.
1350 1480 1672 1542 testimonia,
1719 1495 1856 1544 quae
1905 1479 1972 1529 ad
2017 1485 2236 1529 mortem
2273 1479 2430 1528 Pauli
2467 1478 2710 1544 Apostoli

234 1571 489 1630 spectant.
528 1564 671 1616 Gott.
710 1568 859 1617 1848.
900 1581 951 1630 p.
977 1568 1027 1616 3.
1064 1583 1106 1617 s.
1141 1584 1193 1632 p.
1220 1568 1303 1616 22.
1331 1582 1372 1616 s.
1424 1566 1482 1616 C.
1516 1565 1804 1627 Bertheau,
1841 1566 1925 1615 die
1961 1566 2209 1615 Berichte
2245 1567 2378 1617 iiber
2414 1566 2500 1616 die
2539 1570 2710 1630 apost.
2791 1626 2797 1631 Δ

236 1650 512 1702 Gehfllfen.
540 1652 733 1703 Hamb.
765 1655 913 1704 1858.
940 1670 991 1719 p.
1018 1655 1099 1703 20.
1127 1668 1168 1703 s.
1220 1652 1325 1702 Sed
1359 1669 1489 1703 vero
1526 1654 1760 1704 rationes
1795 1668 1896 1703 nec
1931 1669 2152 1702 numero
2189 1668 2413 1719 paucae,
2440 1668 2540 1702 nec
2563 1652 2710 1703 leves

233 1739 463 1805 pondere
486 1739 731 1803 suadent,
757 1745 819 1789 ut
842 1755 962 1790 cum
986 1741 1255 1805 prioribus
1280 1744 1603 1791 statuamus:
1643 1756 1684 1789 s.
1710 1740 1984 1790 Paulum
2023 1740 2318 1790 libertati
2344 1740 2711 1790 restitutum

233 1826 461 1887 fuisse,
519 1828 935 1894 reperirique
995 1827 1059 1877 in
1110 1826 1161 1877 S.
1219 1826 1271 1878 S.
1316 1834 1381 1877 et
1432 1827 1822 1877 Traditione
1887 1829 2304 1889 testimonia,
2371 1842 2436 1877 ex
2484 1842 2710 1892 quorum

233 1918 431 1963 attenta
468 1918 524 1963 et
566 1913 805 1980 diligenti
843 1914 1144 1977 collatione,
1182 1930 1307 1980 pars
1344 1914 1439 1964 illa
1475 1919 1710 1964 extrema
1754 1929 1928 1964 rerum
1970 1914 2152 1975 Pauli,
2199 1916 2420 1979 eiusque
2465 1915 2710 1963 itinerum

235 2005 285 2049 et
322 2000 595 2063 laborum,
643 2016 749 2051 non
796 2002 912 2052 sine
960 2001 1137 2067 aliquo
1187 2001 1517 2052 certitudinis
1565 2016 1724 2052 sensu
1781 2000 2168 2067 quadamtenus
2225 2002 2468 2052 resarciri
2516 2006 2708 2064 potest.

236 2086 517 2153 Perperam
562 2089 847 2154 scriptores
885 2089 975 2153 qui
1012 2103 1173 2138 unam
1209 2088 1573 2154 captivitatem
1607 2088 1903 2139 Romanam
1941 2093 2194 2151 statuunt,
2231 2090 2286 2138 in
2324 2090 2438 2138 eius
2474 2088 2708 2138 historiis

236 2176 561 2240 coniungunt
596 2190 699 2237 res,
738 2190 877 2240 quae
914 2176 967 2225 in
999 2174 1107 2225 illis
1147 2175 1489 2225 diversissimi
1524 2177 1775 2241 temporis
1811 2181 1864 2225 et
1897 2176 2142 2225 fortunae
2168 2175 2428 2226 Paulinae
2453 2174 2711 2241 epistolis,

234 2266 483 2327 tanquam
520 2262 683 2311 variis
721 2262 1047 2327 temporibus
1093 2277 1266 2312 novae
1302 2268 1356 2312 et
1391 2277 1577 2312 recens
1614 2268 1814 2328 gestae,
1871 2264 1940 2312 ab
1975 2264 2094 2328 ipso
2137 2260 2190 2311 S.
2233 2263 2402 2311 Paulo
2453 2263 2708 2312 nuncian-

234 2352 328 2397 tur.
365 2349 519 2410 Quae
548 2364 667 2399 cum
692 2350 769 2398 ita
792 2364 849 2398 se
872 2348 1111 2398 habeant
1146 2350 1281 2399 scire
1308 2349 1551 2415 equidem
1577 2356 1761 2399 nostra
1797 2350 1956 2399 refert
1987 2364 2096 2415 qua
2119 2351 2400 2399 occasione
2425 2349 2714 2414 Apostolus

234 2435 453 2486 vinculis
493 2434 703 2485 solutus
748 2436 941 2485 fuerit?
998 2436 1073 2484 Et
1118 2435 1302 2501 quidni
1348 2436 1417 2485 ad
1466 2436 1876 2487 iucundissimas
1923 2438 2042 2487 vias
2087 2436 2302 2486 divinae
2346 2436 2716 2502 providentiae

236 2522 584 2585 attendamus,
622 2523 791 2573 Paulo
827 2524 885 2572 in
921 2523 1251 2573 commodum
1292 2529 1345 2573 et
1380 2523 1603 2575 salutem
1632 2523 1912 2574 Ecclesiae
1947 2528 2056 2573 tam
2093 2523 2320 2574 sollicite
2357 2524 2713 2588 invigilantis:

234 2623 517 2675 earumque
556 2610 785 2675 vestigia
818 2610 1086 2660 luculenta
1131 2610 1215 2659 hic
1262 2610 1515 2675 legamus.
1566 2610 1619 2659 Si
1672 2624 1738 2659 ea
1782 2625 1920 2676 quae
1967 2612 2039 2663 ad
2071 2630 2106 2662 s.
2142 2611 2306 2663 Pauli
2332 2628 2612 2680 processum
2648 2625 2714 2659 ex

236 2696 463 2745 eiusdem
509 2696 681 2746 literis
727 2702 781 2746 et
824 2697 1077 2746 Veterum
1126 2698 1441 2747 testimoniis
1486 2699 1781 2763 pertinent,
1831 2698 2015 2747 ordine
2061 2698 2388 2763 disponimus
2435 2696 2568 2746 haec
2603 2696 2715 2747 sere

235 2787 399 2833 sunto.
437 2784 561 2833 Non
600 2783 689 2832 diu
727 2788 1007 2849 postquam
1043 2785 1266 2834 Romam
1313 2784 1521 2851 appulit
1556 2784 1869 2851 Apostolus3
1909 2801 1971 2835 eo
2009 2786 2156 2833 venit
2190 2784 2515 2845 Timotheus,
2553 2786 2706 2834 cuius

234 2886 414 2920 nomen
454 2886 577 2920 cum
615 2886 712 2920 suo
749 2872 1065 2936 praescribit
1098 2871 1299 2921 Paulus
1338 2872 1573 2937 epistolis
1611 2872 1682 2921 ad
1707 2872 2090 2937 Philippenses,
2119 2872 2464 2923 Colossenses
2505 2874 2549 2933 1,
2581 2874 2624 2920 1.
2655 2875 2712 2920 et

236 2956 591 3008 Philemonem
616 2972 657 3007 s.
696 2958 994 3009 Adfuernut
1018 2965 1295 3025 praeterea
1320 2976 1361 3009 s.
1387 2958 1583 3021 Lucas,
1610 2960 1702 3025 qui
1723 2964 1778 3009 et
1801 2957 2168 3027 ,,συνέκδημος“
2189 2975 2238 3008 ν.
2258 2974 2309 3025 p.
2330 2960 2448 3008 425.
2467 2958 2714 3024 Apostoli

236 3043 329 3093 fuit
365 3044 479 3094 Col.
507 3047 559 3107 4,
590 3046 669 3094 14.
720 3044 940 3095 Philem.
969 3048 1050 3095 24.
1077 3046 1198 3096 coll.
1226 3046 1294 3096 11.
1322 3046 1442 3095 Cor.
1470 3048 1518 3108 8,
1549 3049 1656 3111 19.;
1693 3046 2047 3107 Aristarchus,
2084 3062 2238 3111 quem
2266 3040 2714 3114 ,,ἀναιχμάλωτον“

234 3136 387 3181 vocat
425 3131 635 3181 Coloss.
662 3133 711 3193 4,
742 3134 839 3192 10.,
879 3137 933 3181 et
966 3132 1231 3197 Tychicus
1279 3134 1449 3182 Roma
1486 3133 1553 3183 ad
1593 3132 1938 3183 colossenses
1975 3135 2182 3183 missus.
2221 3133 2358 3198 Eph.
2397 3135 2445 3194 6,
2473 3135 2556 3181 21.
2595 3130 2712 3181 Col.

236 3220 281 3279 4,
320 3220 363 3267 7.
413 3218 627 3281 Quibus
676 3218 931 3278 addendi,
963 3219 1177 3269 Marcus
1224 3219 1507 3269 Barnabae
1566 3213 1845 3287 ,,ἀνεψιὸς“,
1892 3222 2044 3270 cuius
2099 3221 2310 3269 nomine
2368 3218 2715 3269 Colossenses

238 3306 425 3355 salutat
459 3308 513 3367 4,
556 3308 647 3369 103
685 3305 847 3355 «Iesus
882 3308 1198 3369 cognomine
1234 3307 1438 3367 Justus,
1480 3309 1560 3356 16.
1610 3306 1894 3372 Epaphras
1931 3308 2001 3357 ib.
2040 3309 2088 3369 4,
2132 3310 2229 3369 12,
2266 3307 2464 3355 Domas
2501 3306 2574 3355 ib.
2615 3307 2714 3367 14„

237 3392 648 3458 Epaphroditus,
684 3391 821 3441 Phil.
846 3394 895 3455 2,
923 3394 1005 3442 25.
1031 3395 1080 3455 4,
1111 3394 1190 3442 18.
1219 3397 1272 3441 et
1307 3392 1606 3443 Onesimus.
1647 3393 1868 3443 Philem.
1906 3397 1985 3444 10.
2011 3394 2093 3443 Ad
2117 3394 2483 3459 gubernacula
2505 3391 2713 3457 imperii

240 3479 456 3529 Romani
482 3478 711 3529 sedebat
733 3484 863 3528 tunc
886 3480 1045 3541 Nero,
1086 3481 1139 3529 in
1164 3495 1270 3544 quo
1296 3485 1508 3545 practer
1534 3487 1804 3530 externam
1831 3482 2062 3547 speciem
2093 3480 2223 3530 nihil
2259 3480 2475 3530 humani
2512 3480 2712 3541 inerat:

238 3566 321 3629 qui
357 3572 539 3615 tamen
577 3565 754 3615 adhuc
787 3580 891 3615 non
929 3567 1103 3631 erupit
1136 3568 1191 3616 in
1224 3570 1443 3635 tantam,
1480 3572 1537 3617 ut
1561 3571 1751 3631 postca
1775 3566 2159 3617 crudelitatem.
2199 3568 2423 3617 Neronis
2449 3566 2714 3617 sententia

238 3652 397 3703 Paulo
444 3650 697 3702 standum
742 3668 886 3701 nunc
932 3658 1061 3702 erat.
1110 3653 1179 3702 At
1222 3668 1351 3703 vero
1398 3654 1525 3718 quia
1569 3654 1718 3703 Deus
1766 3654 1923 3703 Pauli
1965 3655 2255 3704 ministerio
2303 3655 2357 3703 in
2408 3652 2715 3719 ampliorem

238 3738 511 3789 Ecclesiae
549 3752 681 3789 suae
718 3740 1157 3805 propagationem
1195 3741 1549 3806 etiam·porro
1588 3742 1666 3791 uti
1702 3739 2025 3801 decreverat,
2065 3741 2221 3791 facile
2246 3742 2349 3805 ipsi
2387 3746 2502 3790 erat
2538 3740 2717 3789 omnia

240 3824 325 3874 illa
358 3827 663 3876 tristissima
698 3828 889 3887 omina,
930 3828 983 3875 in
1020 3825 1243 3891 gloriam
1270 3826 1553 3892 Evangelii
1590 3832 1645 3876 et
1679 3826 1832 3877 Pauli
1869 3828 2095 3877 salutem
2120 3833 2341 3877 vertere.
2378 3827 2547 3892 Igitur
2585 3840 2710 3875 cau-

240 3925 345 3961 sam
378 3928 535 3964 suam
570 3912 641 3961 ad
677 3912 911 3963 tribunal
934 3913 1110 3963 dicere
1135 3914 1327 3976 iussus,
1366 3914 1728 3963 defensionem
1752 3928 1902 3963 suam
1935 3914 2237 3965 felicissime
2262 3914 2502 3976 instituit,
2530 3928 2714 3979 super-

242 3999 355 4049 stite
392 3999 572 4049 adhnc
616 3998 788 4049 Burro
833 4000 1105 4065 praefecto
1156 4002 1441 4065 praetorio,
1491 4001 1724 4049 iustitiae
1772 4006 1824 4049 et
1871 4000 2156 4066 aequitatis
2193 3999 2428 4050 studioso
2465 4001 2595 4050 viro.
2635 4000 2716 4049 Cf.

240 4084 493 4149 Tacitum,
544 4085 681 4135 Ann.
729 4085 871 4149 XIV,
910 4088 995 4136 51.
1033 4086 1101 4149 11,
1141 4089 1257 4137 115.
1311 4086 1559 4149 „Civitati
1605 4086 1806 4151 grande
1852 4085 2168 4137 desiderium
2219 4088 2333 4137 eius
2379 4088 2574 4137 mansit
2620 4102 2716 4152 per

240 4174 540 4223 memoriam
576 4174 837 4223 virtutis.“
878 4172 1023 4223 Nulli
1060 4190 1117 4225 se
1156 4176 1367 4240 captivo
1392 4174 1650 4239 Apostolo
1687 4178 2025 4223 accusatores
2050 4178 2428 4239 opposuerunt,
2456 4174 2546 4238 qui
2569 4174 2714 4222 litem

241 4258 375 4323 apud
412 4259 699 4310 Caesarem
737 4275 925 4325 urgere
976 4261 1093 4309 ausi
1136 4260 1375 4311 fuissent.
1421 4261 1607 4326 Neque
1661 4259 1726 4309 de
1776 4259 2020 4311 libertate
2069 4274 2166 4309 sua
2217 4260 2409 4309 dubius
2445 4259 2717 4324 pendebat

242 4346 539 4410 Apostolus,
569 4344 1001 4411 Philippensibus
1027 4348 1225 4412 quippe
1263 4348 1579 4412 scripserat:
1618 4346 1774 4407 Quod
1809 4362 1894 4396 me
1929 4347 2132 4409 attinet,
2171 4347 2322 4397 cuius
2359 4346 2714 4397 conditionem

240 4432 385 4482 vobis
434 4448 545 4483 non
592 4433 765 4481 minus
810 4432 957 4483 cordi
1007 4448 1123 4483 esse
1170 4438 1355 4499 gratus
1404 4448 1654 4499 agnosce,
1703 4435 1991 4483 resciscere
2041 4431 2185 4483 hisce
2233 4448 2330 4484 vos
2367 4432 2488 4482 volo
2526 4433 2715 4483 fratres

243 4517 597 4569 dilectissimi:
648 4518 791 4584 quod
839 4534 975 4586 quas
1020 4535 1118 4586 per
1160 4536 1219 4571 se
1268 4520 1410 4570 haud
1459 4521 1724 4571 exstitisse
1770 4520 2103 4571 felicissimas
2147 4521 2339 4583 nostis,
2385 4535 2470 4570 res
2519 4521 2590 4571 ad
2631 4536 2716 4571 me

241 4608 563 4673 pertinentes
600 4622 783 4659 omnes
818 4608 976 4657 etiam
1013 4608 1181 4674 magis
1218 4622 1377 4677 quam
1414 4613 1575 4659 antea
1598 4609 1908 4672 contigerat,
1948 4608 2001 4658 in
2028 4609 2407 4659 incrementum
2433 4608 2714 4675 Evangelii
