3267 5259
605 430 733 495 202
1358 442 1551 483 nodeca
1580 440 1946 492 oloqui-itionum
1973 441 2333 493 theologicarum.

602 626 809 700 queat,
858 626 927 679 ut
970 622 1262 697 praeclare
1306 624 1539 681 monuit
1587 640 1834 695 magnus
1881 622 2242 679 Athanasius
2263 666 2276 693 ,
2331 622 2432 679 Or.
2467 621 2589 679 ΠΙ.
2621 640 2674 679 e.
2705 623 2904 679 Arian.
2943 628 2992 679 1.
3019 642 3058 679 s.

602 745 661 801 p.
696 730 841 783 550.
900 716 1052 783 Sa‘ne
1082 726 1259 784 Pater
1304 726 1405 783 ille
1450 726 1746 784 communi
1791 726 2098 784 hominum
2140 745 2312 783 sensu
2356 727 2714 797 nominatur,
2747 726 2848 803 qui
2873 745 2945 783 ex
2971 746 3062 783 sua

602 830 930 889 substantia
984 829 1175 887 filium
1230 830 1451 903 gignit,
1506 832 1612 908 qui
1661 850 1693 887 e
1745 832 1928 905 patris
1977 831 2306 889 substantia
2355 831 2538 907 eique·
2577 828 3062 887 consubstantialis

604 934 879 991 nascitur.
942 933 1261 991 Enimvero
1292 952 1503 991 nomen
1542 936 1736 1009 ipsum
1775 934 1850 1004 ,D
1867 952 1898 991 e
1919 934 1960 991 i‘
2001 936 2088 991 sio
2115 933 2272 991 Filio
2301 933 2638 1009 Scripturas
2667 952 2858 992 saetae
2883 934 3060 991 vindi-

602 1042 755 1107 cant,
788 1042 857 1095 ut
886 1038 1087 1095 eadem
1115 1036 1397 1095 firmitate
1426 1042 1485 1095 et
1515 1038 1928 1095 adiunctorum
1959 1039 2382 1113 praerogativa,
2425 1038 2830 1115 dignitateque
2857 1037 2926 1094 de
2953 1038 3061 1112 ipso

601 1159 669 1199 ae
705 1142 777 1198 de
813 1142 988 1199 Patre
1032 1142 1279 1200 dicatur.
1342 1142 1515 1199 Patet
1551 1142 1613 1199 id
1651 1161 1681 1197 e
1719 1142 1914 1199 Patris
1959 1142 2309 1213 testimonie,
2355 1134 2510 1219 quod
2546 1144 2762 1199 iterato
2797 1142 2866 1197 de
2907 1140 3061 1198 eoelis

602 1246 935 1320 personuit;
979 1246 1194 1303 Matth.
1231 1249 1287 1316 3,
1328 1250 1426 1302 17.
1480 1249 1577 1317 17,
1614 1248 1672 1302 5.
1721 1250 1850 1303 tum
1893 1264 1970 1302 ex
2013 1245 2090 1303 iis
2131 1264 2280 1322 quae
2317 1244 2508 1304 Filius
2537 1246 2608 1302 de
2637 1264 2699 1302 se
2733 1243 3060 1312 affirmavit;

599 1349 817 1406 Matth.
857 1353 953 1419 11,
989 1352 1090 1407 27.
1135 1348 1346 1407 Joann.
1383 1352 1440 1421 3,
1480 1354 1578 1407 16.
1628 1354 1687 1419 8,
1727 1354 1826 1407 19.
1861 1353 1962 1407 27.
1995 1352 2096 1407 36.
2145 1348 2276 1407 eoll.
2313 1354 2370 1420 9,
2401 1352 2503 1407 35.
2535 1368 2581 1406 s.
2613 1354 2746 1407 tum
2771 1369 2817 1406 s.
2841 1350 3058 1415 Petram

599 1452 814 1509 Matth.
856 1456 951 1523 16,
990 1456 1089 1510 16.
1150 1453 1414 1524 Martha3
1450 1452 1670 1534 ‘Joann.
1711 1458 1808 1523 11,
1845 1458 1947 1511 27.
1979 1472 2024 1512 s.
2077 1452 2332 1511 Joannes
2359 1452 2702 1528 Apostolum
2748 1458 2846 1523 20,
2881 1457 2976 1510 31.
3017 1452 3058 1508 Ι.

603 1559 658 1626 4,
701 1559 797 1613 15.
828 1574 875 1613 s.
936 1554 1175 1613 Paulus.
1208 1556 1373 1614 Rom.
1412 1560 1467 1628 8,
1506 1560 1607 1615 32.
1677 1556 1878 1615 Talem
1923 1558 2050 1616 vim
2091 1560 2277 1615 inesse
2321 1557 2702 1632 adpellationi
2745 1556 2840 1614 illi
2881 1556 3061 1615 Filii

600 1660 655 1717 D
672 1661 773 1729 ei,
822 1678 999 1737 quam
1043 1660 1311 1718 Christus
1354 1661 1469 1719 sibi
1512 1662 1797 1731 sumebat,
1843 1668 1914 1719 ut
1957 1680 2076 1719 non
2119 1665 2388 1719 ereatura
2403 1706 2418 1731 ,
2465 1660 2562 1717 sed
2609 1661 2769 1719 Deus
2811 1680 2978 1719 verus
3013 1668 3062 1716 et

600 1762 857 1841 aequalis
900 1763 1024 1823 Deo
1074 1764 1243 1822 Patri
1288 1770 1619 1823 censeretur
1636 1810 1650 1836 ,
1701 1764 1962 1823 Verbum
2003 1765 2116 1823 Dei
2161 1784 2300 1823 vere
2341 1783 2410 1823 ae
2453 1772 2668 1823 natura
2717 1764 2876 1822 Dens
2915 1770 2972 1821 et
3009 1766 3064 1820 in

598 1869 871 1926 omnibus
898 1868 1157 1946 aequalis
1186 1869 1455 1927 Genitori
1486 1889 1607 1941 suo,
1640 1869 1676 1926 J
1679 1870 1850 1928 udaei
1880 1871 1990 1945 ipsi
2025 1875 2441 1943 eognoverunt.
2487 1868 2634 1927 Con.
2658 1868 2868 1927 Joann.
2894 1872 2948 1939 5,
2980 1872 3062 1923 18.

600 1977 633 2033 1
646 1976 701 2043 9,
742 1976 797 2030 7.
858 1970 1027 2031 Unde
1072 1972 1293 2031 Filium
1340 1980 1533 2047 negat,
1584 1976 1687 2051 qui
1732 1976 1926 2049 ipsum
1971 1979 2300 2031 ereaturam
2345 1992 2463 2030 esse
2507 1972 2682 2042 disin
2729 1992 2848 2031 non
2889 1974 3064 2029 minus.

598 2094 773 2153 quam
803 2076 1039 2134 Patrem
1084 2076 1246 2135 tollit
1274 2096 1307 2134 e
1334 2076 1525 2135 medio
1540 2122 1553 2147 ,
1587 2081 1692 2156 qui
1737 2076 2068 2135 Creatorem
2113 2082 2306 2151 negat.
2369 2075 2485 2138 Qui
2529 2076 2732 2135 Jesum
2775 2096 2976 2135 verum
3015 2078 3066 2131 et
3186 2078 3187 2085 ’

598 2180 899 2256 proprium
930 2181 1039 2238 Dei
1072 2180 1297 2239 Filium
1326 2200 1447 2238 esse
1478 2186 1696 2255 negant
1724 2182 2040 2240 ineurrunt
2067 2183 2134 2240 in
2161 2182 2332 2239 illam
2377 2202 2422 2237 s.
2453 2180 2699 2239 Joannis
2735 2182 3064 2239 sententiam

596 2284 651 2341 Ι.
672 2290 742 2354 -2,
782 2288 881 2342 22.
915 2288 1023 2343 23:
1078 2285 1217 2356 ,Hie
1260 2291 1345 2342 est
1390 2286 1791 2355 antichristus,
1839 2288 1944 2363 qui
1987 2290 2164 2359 negat
2193 2285 2428 2343 Patrem
2473 2290 2535 2342 et
2577 2285 2818 2343 Filium.
2879 2285 3062 2343 Omnis

596 2390 699 2465 qui
748 2394 922 2463 negat
974 2388 1195 2446 Filium
1241 2408 1347 2445 nee
1400 2390 1635 2447 Patrem
1683 2389 1884 2460 habet,
1941 2392 2044 2467 qui
2097 2388 2411 2447 eonfitetur
2439 2389 2682 2461 Filium,
2739 2394 2798 2447 et
2847 2388 3062 2446 Patrem

598 2492 819 2549 habet.‘
882 2492 991 2549 sed
1038 2512 1144 2550 nec
1180 2492 1283 2550 ille
1313 2513 1357 2550 s.
1391 2492 1563 2550 Pauli
1595 2492 1756 2550 loeus
1784 2493 1857 2550 ad
1889 2492 2056 2550 Rom.
2098 2499 2152 2565 1,
2188 2494 2246 2551 4.
2311 2491 2446 2563 ,Qm'
2493 2494 2952 2569 praedestinatus
2989 2497 3063 2548 est

598 2595 789 2654 Filius
820 2596 929 2653 Dei
964 2600 1023 2654 in
1071 2596 1297 2654 virtute
1340 2598 1658 2654 seeundum
1701 2597 1976 2672 spiritum
2021 2596 2501 2655 sanctificat-ionis
2546 2616 2621 2653 ex
2667 2598 3064 2655 resurreetione

596 2705 959 2758 mortuorum
1001 2700 1036 2757 J
1040 2720 1141 2758 esu
1184 2700 1403 2758 Christi
1434 2700 1674 2757 Domini
1723 2701 1955 2770 nostri‘3
2001 2702 2068 2759 in
2111 2719 2226 2777 quo
2270 2708 2329 2757 et
2371 2700 2692 2759 adversarii
2735 2700 3064 2759 Divinitatis

598 2803 672 2861 D.
706 2804 781 2861 N.
826 2803 880 2860 J.
914 2804 975 2861 C.
1024 2804 1425 2862 firmissimum
1479 2824 1538 2861 se
1592 2806 1806 2863 habere
1867 2806 2220 2881 praesidium
2281 2806 2680 2875 mentiuntur,
2735 2803 2954 2882 aliquid
3001 2802 3062 2859 ad

596 2909 1053 2983 oppugnandum
1080 2909 1238 2966 hune
1268 2910 1404 2966 fidei
1436 2910 1754 2967 articulum
1783 2909 1962 2968 valet.
2015 2908 2478 2967 Praedest-inatio
2507 2926 2642 2966 eum
2673 2940 2756 2949 --
2789 2912 2860 2965 ut-
2887 2906 3062 2965 erudi·

598 3013 819 3069 tissime
848 3012 1109 3087 disputat
1139 3014 1211 3070 D.
1244 3012 1539 3084 Petavius,
1576 3013 1752 3071 the-ol.
1787 3012 1996 3087 Dogm.
2029 3014 2099 3071 de
2129 3014 2354 3071 incarn.
2387 3012 2507 3069 xl.
2549 3017 2645 3083 15,
2679 3018 2735 3068 1.
2765 3011 2835 3081 V,
2871 3016 2968 3069 37.
2991 3042 3062 3051 -

595 3118 672 3173 sit
719 3118 1077 3192 propositum
1122 3126 1182 3174 et
1226 3117 1535 3175 eonsilium
1580 3118 1691 3174 Dei
1737 3118 2006 3174 futurum
2051 3117 2276 3194 aliquid
2321 3118 2685 3173 deaei-nentis
2730 3118 2796 3173 in
2847 3120 3064 3173 aeterna

596 3239 701 3277 sua
732 3222 1117 3295 providentia,
1153 3221 1375 3278 duobus
1406 3222 1591 3279 modis
1628 3222 2009 3295 intelligitur.
2071 3224 2145 3278 A.
2181 3220 2474 3279 Absolu
2495 3224 2567 3277 te
2611 3222 2738 3278 sine
2784 3238 3062 3295 eompara-

597 3326 755 3381 tione
787 3325 1036 3383 duarum
1064 3344 1261 3382 rerum
1277 3368 1292 3397 ,
1342 3344 1589 3403 quarum
1620 3325 1806 3383 altera
1835 3332 1920 3382 est
1951 3326 2018 3395 is,
2051 3327 2154 3402 qui
2187 3325 2467 3381 destinari
2513 3324 2750 3394 dieitur,
2783 3324 2963 3382 altera
2991 3328 3062 3379 est

596 3429 657 3485 id
686 3430 839 3505 quod
870 3429 1209 3497 ordinatum
1254 3430 1355 3486 sed
1384 3428 1732 3505 simpliciter
1761 3429 2099 3503 designatur
2129 3430 2206 3499 id,
2241 3429 2392 3506 quod
2423 3427 2742 3505 aliquando
2771 3427 2921 3485 Deus
2947 3426 3062 3483 fieri

598 3532 873 3591 decrevit.
936 3531 1160 3589 Deinde
1192 3533 1259 3589 B.
1292 3552 1423 3590 eum
1456 3534 1802 3592 habitudine
1833 3534 2084 3610 quadam
2117 3536 2199 3591 rei
2247 3533 2424 3589 unius
2452 3533 2525 3589 ad
2557 3532 2756 3590 aliam.
2819 3531 3062 3589 Totidem

597 3638 783 3695 modis
814 3638 1032 3695 Christi
1080 3639 1533 3714 praedestinatio
1578 3646 1762 3715 potest
1809 3638 2012 3713 accipi.
2075 3638 2230 3696 Nam
2259 3641 2318 3693 et
2347 3635 2696 3710 simpliciter
2725 3636 2842 3693 diei
2873 3639 3058 3710 potest.

601 3742 789 3801 Deum
822 3743 1274 3817 praedestinasse
1304 3762 1373 3800 ao
1409 3744 1728 3801 decrevisse
1759 3762 1900 3818 opus
1932 3742 2081 3799 illud
2111 3742 2396 3798 eximium
2427 3759 2496 3797 ae
2523 3740 2824 3813 singulare
2853 3738 3061 3795 moliri:

601 3866 806 3922 nempe
831 3846 1129 3905 Christum
1154 3848 1387 3905 mittere
1410 3848 1511 3926 qui
1544 3850 1607 3905 in
1641 3848 1836 3905 eadem
1871 3864 2112 3921 persona
2141 3852 2198 3901 et
2231 3844 2386 3901 Deus
2417 3850 2564 3900 esset
2593 3850 2652 3901 et
2675 3844 2866 3902 homo.
2909 3841 3060 3898 Com-

596 3954 893 4027 paratione
932 3954 1087 4008 faeta
1116 3968 1315 4008 vocem
1362 3947 1704 4025 ,apteras-‘rog‘
1737 3950 1822 4007 sie
1851 3967 2134 4024 usurpare
2160 3947 2330 4005 lieet:
2379 3946 2568 4004 Deum
2617 3948 3056 4022 praedestinasse

594 4055 891 4113 hominem
922 4054 993 4111 ad
1026 4054 1299 4112 intimam
1344 4053 1511 4110 illam
1542 4058 1601 4110 et
1640 4055 2024 4111 arctissimam
2071 4070 2204 4109 oum
2245 4050 2366 4108 Deo
2407 4052 2878 4108 coniunctionem
2897 4095 2910 4121 ,
2951 4049 3060 4105 sive

596 4160 891 4217 hominem
932 4160 1325 4217 humanamve
1364 4162 1638 4214 naturam
1675 4158 1749 4215 ad
1778 4158 1886 4214 hoc
1917 4158 2248 4225 destinasse,
2281 4161 2348 4213 ut
2381 4156 2578 4213 eadem
2610 4162 2756 4213 esset
2788 4173 2918 4212 eum
2950 4152 3062 4209 Deo

598 4250 855 4337 persona]
918 4260 1202 4324 Quocirca
1234 4262 1390 4319 loeus
1420 4260 1523 4318 ille
1550 4263 2002 4336 παραφραστικῶς
2031 4260 2116 4317 sio
2145 4259 2428 4334 explicari
2463 4264 2684 4333 potest:
2727 4258 2942 4316 Filium
2969 4256 3061 4332 qni

594 4367 908 4423 seeundum
954 4384 1207 4437 earnem,
1256 4366 1366 4422 hoe
1394 4372 1481 4421 est
1508 4364 1826 4421 seeundum
1871 4365 2134 4421 divinam
2169 4369 2222 4419 et
2265 4364 2746 4437 praestantiorem
2785 4366 3057 4421 naturam.

596 4488 667 4523 ex
714 4468 1101 4527 destinatione
1146 4469 1635 4545 dispositioneque
1679 4468 1884 4527 divina
1911 4467 2103 4525 Filius
2147 4472 2234 4523 est.
2279 4466 2406 4523 Dei.
2457 4466 2700 4524 Habent
2745 4467 2925 4539 igitur
2959 4465 3062 4518 ista

596 4573 775 4629 verba
806 4572 1068 4647 Apostoli
1100 4572 1387 4649 quidquid
1417 4572 1668 4629 clament
1699 4572 2037 4642 adversarii,
2073 4572 2564 4645 comparationem
2594 4574 2828 4627 tant-um
2855 4569 3060 4625 utrius·
