3267 5259
1116 479 1341 522 Postrems
1368 480 1535 522 Christi
1562 481 1810 524 hebdomas.
2633 473 2718 539 83

172 650 441 715 Statim
492 662 571 716 ut
616 652 911 718 auditum
959 665 1059 719 est
1104 654 1581 740 Jerosolymis¹
1628 655 1858 722 Jesum
1904 660 2292 723 commorari
2336 659 2716 744 Bethaniae,

170 764 467 849 plurimi
502 787 540 828 e
575 765 853 830 Judaeis
896 779 1321 833 accurrerunt
1348 767 1563 852 illuc2,
1609 793 1746 835 non
1776 769 1984 835 solum
2013 779 2086 835 ut
2114 771 2414 836 viderent
2454 772 2498 837 J
2502 795 2714 856 esum3

168 878 305 942 sed
358 880 579 942 etiam
632 889 707 942 ut
746 879 1075 945 Lazarum
1120 883 1559 966 intuerentur,
1610 905 1806 968 quem
1853 906 1893 948 a
1936 886 2206 948 mortuis
2265 885 2712 950 suscitaverat.

168 993 572 1056 Sacrorum
634 995 949 1059 antistites
995 995 1173 1060 facto
1222 997 1475 1060 attoniti
1522 998 1962 1082 commotique
2011 999 2206 1062 etiam
2249 996 2578 1061 Lazarum
2631 997 2712 1061 de

166 1105 421 1170 medio
492 1105 725 1170 tollere
793 1106 1169 1172 moliuntur.
1260 1107 1571 1173 Livorem
1632 1131 1859 1174 eorum
1918 1111 2228 1193 irritarat,
2293 1109 2470 1196 quod
2531 1109 2714 1174 multi

166 1218 445 1282 Lazari
511 1218 857 1304 quatriduo
912 1219 1213 1284 tumulati
1264 1222 1792 1305 resuscitatione,
1841 1221 2170 1288 Christum
2217 1221 2345 1286 Dei
2401 1223 2602 1286 filium
2649 1231 2714 1286 et

162 1331 525 1395 Blessiam
574 1344 1009 1418 agnoscerent
1026 1337 1073 1398 ³.

334 1597 403 1674 ξ.
463 1597 571 1660 19.
633 1591 1163 1680 Triumphalis
1208 1596 1609 1679 ingressus
1658 1595 1945 1660 Christi
1990 1598 2066 1660 in
2112 1594 2564 1661 Jerusalem.

411 1765 625 1829 lianc
672 1767 875 1830 feriae
921 1769 1173 1853 primae
1210 1790 1243 1831 e
1274 1767 1597 1832 Bethania
1643 1767 1970 1853 digressus
2003 1767 2291 1833 Christus
2339 1792 2486 1832 cum
2518 1769 2706 1833 disci-

164 1879 389 1966 pulis,
440 1878 564 1942 ubi
610 1881 1015 1964 pervenisset
1060 1881 1125 1943 in
1177 1879 1416 1943 vallem
1462 1879 1547 1944 ad
1600 1879 1892 1944 radicem
1946 1883 2182 1945 montis
2231 1880 2488 1965 oliveti,
2538 1904 2705 1967 quae

159 1995 363 2056 inter
410 1990 815 2055 Bethaniam
859 1992 1285 2058 interiacebat
1317 2003 1381 2058 ct
1410 1992 1844 2078 Bethphagen
1861 1996 1906 2077 4,
1939 1995 2111 2057 misit
2153 1994 2220 2056 in
2267 2016 2421 2057 eum
2466 1995 2704 2076 vicum,

163 2109 287 2190 qui
366 2128 408 2168 c
478 2107 753 2189 regione
816 2115 955 2170 erat
973 2109 1018 2189 ⁵,
1079 2105 1244 2171 duos
1306 2129 1392 2170 ex
1452 2105 1784 2191 discipulis
1805 2109 1862 2190 ‘⁵3
1923 2116 1996 2170 ut
2049 2107 2297 2170 asinam
2343 2115 2410 2169 et
2456 2104 2704 2191 pullum

162 2219 571 2301 solverent,
632 2241 873 2304 eosque
930 2218 1335 2283 adducerent
1355 2223 1395 2282 ⁷.
1468 2217 1791 2304 Discipuli
1837 2218 2221 2304 obsequium
2276 2217 2704 2304 praestabant

158 2411 281 2445 una
341 2400 405 2444 et
458 2395 741 2460 peccatrix
778 2399 831 2443 et
884 2393 1093 2444 Christo
1130 2395 1361 2445 Domino
1409 2395 1796 2459 acceptissima,
1846 2395 2130 2459 peculiaris
2170 2395 2556 2460 disquisitionis
2601 2395 2704 2444 erit

158 2491 452 2532 statuere.

405 2567 447 2632 ¹)
486 2565 628 2616 Cum
654 2567 935 2616 sabbatum
962 2568 1063 2616 iam
1092 2567 1161 2616 ad
1189 2567 1347 2616 finem
1377 2573 1640 2632 vergeret.
1689 2567 1730 2632 2)
1759 2567 1842 2616 Ob
1868 2569 2120 2617 viciniam
2153 2567 2274 2616 loci.
2326 2567 2368 2631 ³)
2394 2567 2590 2616 Joann.
2620 2569 2700 2628 12,

158 2659 209 2704 9.
240 2673 291 2704 a.
350 2654 399 2720 ⁴)
444 2653 539 2702 Ita
564 2658 625 2702 ut
648 2652 964 2702 Bethaniam
990 2659 1111 2718 post
1137 2658 1359 2718 tergum,
1384 2653 1735 2719 Bethphagen
1761 2659 1948 2703 contra
1971 2659 2094 2704 ante
2126 2655 2317 2703 faciem
2355 2653 2590 2702 haberet.
2620 2653 2706 2702 cf.

160 2743 343 2807 Sepp,
373 2739 699 2790 Jerusalem
726 2739 835 2788 und
861 2739 911 2788 d.
938 2740 987 2788 h.
1012 2739 1185 2806 Laud.
1214 2739 1453 2790 Schaffh.
1478 2743 1628 2791 1862.
1649 2741 1690 2802 Ι,
1714 2741 1830 2789 579.
1869 2741 1990 2790 Not.
2017 2745 2052 2789 t.
2074 2757 2114 2790 s.
2137 2755 2315 2805 geogr.
2335 2757 2386 2805 p.
2407 2740 2702 2789 LXXXIV.

162 2832 205 2894 ⁵)
248 2828 493 2878 Eadem
530 2825 631 2874 illa
666 2825 994 2890 Bethphage,
1035 2841 1191 2891 qnam
1230 2827 1395 2891 digito
1434 2825 1710 2891 discipulis
1746 2827 1857 2874 suis
1893 2827 2239 2876 monstrabat.
2297 2826 2376 2875 Cf.
2405 2825 2456 2874 S.
2483 2825 2698 2884 Justini‚

166 2917 305 2965 dial.
338 2930 485 2964 cum
510 2912 698 2978 Triph.
725 2929 775 2961 n.
802 2915 885 2962 53.
910 2930 962 2978 p.
992 2915 1107 2962 172.
1134 2930 1175 2963 s.
1226 2913 1554 2977 Hieronymi,
1580 2913 1638 2961 in
1673 2911 1859 2965 Matth.
1887 2915 1970 2975 21,
2001 2914 2046 2962 1.
2071 2930 2122 2978 p.
2152 2915 2266 2962 169.
2329 2911 2371 2978 θ)
2401 2911 2452 2961 S.
2485 2913 2699 2961 Petrum

162 3011 219 3052 et
266 3001 613 3052 Joannem?
657 3000 799 3065 quod
846 3000 913 3048 ad
956 3001 1184 3066 priorem
1230 3001 1449 3062 attinet,
1484 3015 1595 3048 non
1640 2999 1780 3048 male
1826 2999 1984 3049 huius
2033 3001 2297 3065 opinionis
2345 2998 2696 3064 patrocinium

162 3091 557 3156 quaesierunt
600 3087 914 3151 interpretes
966 3087 1107 3152 apud
1156 3103 1197 3136 s.
1222 3086 1463 3135 Marcum
1501 3088 1591 3147 11,
1628 3087 1706 3148 4.‚
1745 3100 1885 3150 quae
1920 3090 2108 3135 testem
2146 3086 2416 3135 oculatum
2452 3085 2698 3150 produnt,

166 3185 223 3226 et
250 3177 329 3225 de
362 3187 491 3240 qua
516 3187 575 3222 rc
604 3173 764 3221 ceteri
798 3177 994 3221 tacent.
1045 3169 1085 3236 ⁷)
1118 3171 1169 3220 S.
1196 3171 1411 3222 Marcus
1449 3176 1502 3221 et
1536 3173 1716 3221 Lucas
1753 3171 1919 3220 solius
1954 3171 2088 3236 pulli
2123 3173 2442 3220 mentionem
2478 3171 2697 3231 faciunt,

163 3265 299 3312 item
361 3278 409 3312 s.
439 3259 719 3320 Joannes‚
760 3259 853 3323 qui
891 3259 1049 3307 etiam
1087 3259 1253 3308 solius
1298 3258 1435 3324 pulli
1476 3259 1732 3308 meminit.
1805 3259 1957 3318 Quae
2005 3260 2366 3307 narrationum
2418 3257 2697 3305 diversitas

164 3347 407 3398 Criticis
452 3359 648 3396 ansam
685 3344 853 3406 dedit,
893 3345 1085 3392 acriter
1122 3345 1177 3392 in
1215 3361 1255 3394 s.
1282 3344 1613 3394 Matthaeum
1649 3344 1964 3407 invehendi3
2011 3345 2098 3409 qui
2143 3345 2388 3393 nimirum
2427 3345 2517 3404 21,
2554 3345 2604 3391 2.
2639 3347 2700 3391 nt

164 3437 458 3485 maiorem
502 3431 661 3480 dictis
698 3429 1011 3480 conciliaret
1040 3445 1158 3479 cum
1197 3430 1356 3479 Zach.
1383 3433 1440 3492 9,
1468 3433 1515 3479 9.
1554 3431 1999 3492 convenientiam,
2039 3445 2148 3478 rem
2185 3428 2396 3478 finxerit
2431 3429 2696 3493 improba-

162 3523 367 3582 bilem,
413 3517 569 3585 quod
607 3533 727 3566 cum
762 3516 897 3582 pulli
934 3517 1003 3566 ad
1040 3531 1158 3566 eam
1193 3517 1565 3582 pervenissent
1599 3521 1845 3580 aetatem,
1874 3531 1981 3582 qua
2017 3517 2182 3581 equiti
2221 3517 2332 3580 apti
2368 3516 2556 3578 forent,
2583 3521 2696 3564 tum

164 3610 263 3658 diu
295 3610 423 3656 iam
452 3619 491 3654 a
520 3609 693 3654 matre
724 3611 903 3654 essent
939 3605 1189 3669 separati.
1239 3603 1575 3653 Refelluntur
1608 3603 1744 3652 haec
1781 3603 2240 3652 animadversione
2275 3602 2462 3652 Jesum
2497 3607 2694 3650 utrum-

162 3712 275 3760 que
334 3691 555 3743 animal
605 3691 675 3740 ad
720 3707 776 3740 se
824 3691 1019 3740 adduci
1073 3691 1316 3752 iussisse,
1368 3705 1473 3754 quo
1524 3689 1736 3739 facilius
1791 3689 1969 3754 pullus
2027 3688 2315 3754 discipulos
2370 3695 2695 3754 sequeretur.

166 3781 411 3845 Reliqui
452 3777 841 3843 Evangelistae
867 3777 933 3826 de
960 3777 1113 3826 asina
1149 3777 1383 3838 silentes,
1410 3777 1621 3826 minime
1661 3791 1782 3825 cum
1817 3789 1860 3826 s.
1880 3776 2152 3826 Matthaeo
2191 3780 2457 3841 pugnant3
2498 3777 2694 3840 quippe

168 3869 401 3934 pullum
444 3865 609 3914 unice
644 3867 999 3914 memorantes
1036 3863 1169 3912 Jesu
1206 3863 1328 3912 usui
1374 3863 1722 3925 destinatum,
1760 3867 1980 3912 matrem
2023 3877 2151 3912 vero
2197 3863 2692 3927 praetermittentes,

166 3958 341 4005 cuius
396 3951 607 4001 mentio
652 3951 826 4000 minus
875 3965 994 3999 cum
1040 3949 1247 3999 solenni
1292 3951 1537 4014 ingressu
1584 3950 1872 3999 coniuncta
1917 3953 2072 3999 esset.
2133 3949 2255 3998 Non
2297 3947 2466 3997 voluit
2517 3952 2694 3996 autem

162 4044 459 4093 violenter
484 4037 650 4102 arripi
676 4035 873 4085 animal
896 4042 1057 4102 atque
1082 4037 1261 4084 invitis
1297 4036 1696 4101 possessoribus
1735 4037 1940 4085 etiamsi
1979 4036 2178 4097 amicis,
2206 4036 2298 4100 qui
2325 4049 2444 4084 eum
2475 4033 2692 4098 plurimi

164 4129 461 4189 facerent3
513 4124 611 4175 sed
657 4129 871 4188 sponte,
924 4137 1057 4188 quos
1104 4127 1163 4171 ut
1210 4121 1405 4172 abduci
1452 4123 1633 4172 sinant
1681 4123 1890 4187 gemino
1939 4121 2302 4187 persuadeant
2348 4125 2690 4185 argument03

164 4209 251 4265 τὸν
290 4211 495 4280 κύριον,
524 4223 653 4260 suos
689 4209 745 4258 in
782 4224 911 4259 usus
950 4225 1041 4259 eos
1078 4213 1277 4274 petere,
1314 4209 1640 4274 magistrum,
1671 4209 1762 4274 qui
1799 4213 1860 4257 ut
1897 4204 2112 4266 ἐξοὺσιαν
2150 4203 2324 4274 ἔχοντα
2359 4205 2691 4271 metropolim

167 4304 537 4367 ingressurus
559 4299 716 4358 esset,
740 4295 821 4345 his
841 4310 975 4361 opus
997 4295 1209 4344 habere.
1248 4295 1405 4345 Unde
1425 4310 1607 4345 rursus
1627 4294 1810 4344 divina
1831 4295 2054 4344 seientia
2079 4299 2132 4343 et
2156 4293 2398 4359 potentia
2423 4291 2690 4356 inclaruit,

168 4405 239 4438 ne
272 4401 420 4439 casu
444 4385 687 4434 inventis
714 4383 869 4432 asina
894 4387 947 4430 et
970 4381 1135 4446 pullo,
1163 4382 1455 4431 Zachariae
1492 4381 1768 4430 oraculum
1793 4382 1896 4431 sibi
1935 4379 2365 4430 accommodasse
2403 4378 2689 4432 videretur.

171 4475 255 4524 Cf.
284 4473 363 4524 H.
388 4473 459 4522 R.
488 4471 560 4520 D.
588 4470 653 4518 V.
680 4469 742 4518 T.
769 4484 820 4533 p.
847 4470 965 4518 524.
1026 4468 1404 4517 Admirabilem
1442 4483 1573 4518 sane
1609 4467 1888 4518 scientiam
1927 4472 1980 4516 et
2020 4466 2312 4531 potentiam
2349 4467 2404 4515 in
2441 4483 2504 4516 eo
2541 4481 2688 4517 man-

172 4561 307 4610 dato
348 4575 385 4609 a
421 4557 642 4608 Christo
682 4554 971 4604 exhibitam
1005 4555 1188 4619 liquet,
1225 4571 1334 4604 non
1370 4561 1431 4604 ut
1466 4555 1650 4604 asinus
1687 4554 1862 4618 m0d0,
1899 4553 1995 4603 sed
2032 4559 2086 4602 et
2120 4553 2318 4618 ligatus
2355 4555 2687 4619 reperiretur,

172 4655 229 4696 et
278 4646 507 4712 quidem
547 4657 673 4692 cum
708 4646 895 4702 matre,
932 4641 1167 4690 nondum
1204 4641 1477 4702 subactus,
1514 4643 1569 4690 in
1615 4641 1766 4690 aditu
1803 4641 1932 4702 vici,
1971 4643 2253 4703 momento,
2294 4656 2398 4705 quo
2444 4639 2688 4705 Apostoli

2311 4729 2376 4775 6¹!-
