3267 5259
544 430 671 499 398
1276 443 1393 487 mat.
1422 442 1531 487 nov.
1560 442 1652 488 «nv.
1681 440 1850 487 ram.
1883 440 1936 487 n.
1959 454 2054 496 ap.
2082 441 2281 497 prinum.

542 626 707 688 caput
748 622 783 671 i.
822 636 868 672 e.
912 620 1085 671 virum
1130 619 1373 671 derivare
1420 620 1813 672 contumeliam.
1886 618 2045 682 Quod
2091 625 2269 671 autem
2317 618 2592 686 subiungit
2637 616 2925 686 Apostolus
2969 618 3021 668 in

542 708 647 759 fine
692 724 744 758 v,
782 709 831 758 6.
880 713 937 759 et
972 725 1013 758 s.
1062 709 1317 774 optimum
1366 712 1449 758 est
1496 712 1862 773 argumentum
1877 744 1891 770 ,
1941 722 2050 773 quo
2095 706 2426 773 praecedens
2471 707 2808 757 ratiocinium
2843 706 3022 755 fortius

542 794 905 860 adstringitur.
972 795 1229 845 Nimirum
1272 796 1351 846 ita
1394 798 1796 860 argumentatur
1842 792 1998 845 divus
2045 793 2360 859 Apostolust
2413 792 2470 843 Si
2515 809 2642 843 vere
2685 798 2842 859 turpe
2889 796 3024 843 esset

540 881 765 944 mulieri,
802 882 859 931 in
884 896 948 931 eo
974 882 1168 931 imitari
1192 882 1381 943 virum,
1422 880 1567 946 quod
1592 878 1930 944 tonderetur3
1967 894 2068 931 nec
2101 880 2237 931 illud
2261 880 2604 946 turpitudinis
2629 894 2792 945 posse
2821 877 3022 929 absolvi

540 968 687 1034 quod
732 983 840 1018 non
892 968 1075 1018 velata
1108 969 1164 1017 in
1202 968 1475 1034 publicum
1522 968 1763 1034 prodeat.
1823 968 2012 1033 Neque
2057 968 2198 1019 enim
2235 966 2444 1017 differre
2493 966 2810 1033 quidquam,
2855 970 3022 1015 utrum

540 1055 729 1105 mulier
764 1054 810 1105 si
846 1070 1019 1106 mores
1054 1054 1235 1105 viriles
1272 1055 1427 1121 sequi
1464 1070 1573 1105 non
1608 1059 1876 1121 gravetur,
1915 1056 1972 1105 in
1995 1056 2240 1105 tonsione
2265 1068 2336 1105 an
2359 1055 2416 1105 in
2441 1053 2806 1105 denudatione
2841 1051 3038 1123 capitis·

538 1142 639 1191 viri
685 1142 1019 1192 imitatricem
1070 1156 1128 1193 se
1174 1146 1344 1207 gerat.
1413 1140 1589 1209 Atque
1639 1141 1764 1193 huic
1813 1142 1958 1207 quod
2005 1144 2203 1209 optime
2247 1140 2492 1207 procedit
2535 1146 2850 1207 argumento
2895 1154 2942 1188 r.
2979 1139 3022 1187 7.

538 1228 851 1295 superaddit
882 1243 1097 1292 novum,
1134 1244 1240 1295 quo
1268 1228 1455 1279 eadem
1490 1244 1577 1279 res
1614 1227 1984 1280 confirmatur:
2021 1244 2132 1279 non
2167 1245 2326 1295 posse
2351 1228 2406 1277 id
2435 1230 2610 1294 ipsum
2646 1226 2797 1293 quod
2831 1226 3022 1276 comari

536 1316 667 1367 viris
714 1314 859 1365 haud
906 1316 1267 1381 permittatur,
1316 1331 1382 1366 eo
1429 1315 1774 1367 absurditatis
1819 1314 1984 1378 trahi,
2035 1316 2192 1382 quasi
2235 1317 2316 1367 ita
2357 1314 2604 1381 dignitati
2647 1313 2792 1363 virili
2829 1310 3022 1378 aliquid

538 1402 958 1468 praeiudicetur,
1004 1402 1108 1454 hoc
1152 1416 1187 1452 a
1226 1416 1355 1453 vero
1400 1402 1591 1453 abesse
1639 1416 1800 1468 quam
1847 1402 2172 1469 longissime.
2233 1400 2449 1453 Scilicet
2493 1402 2670 1451 virum
2715 1414 2828 1466 qua
2872 1398 3019 1450 talem

538 1504 657 1540 esse
703 1505 747 1538 κ.
787 1485 821 1538 ἐ.
872 1490 1157 1555 imaginem
1212 1494 1267 1539 et
1314 1488 1538 1555 gloriam
1586 1490 1716 1553 Dei;
1769 1494 1830 1539 ut
1879 1491 1970 1556 qui
2017 1491 2075 1539 in
2125 1505 2191 1540 eo
2249 1489 2394 1556 quod
2441 1488 2676 1539 mulieris
2727 1489 2801 1539 sit
2847 1492 3016 1552 capnt,

539 1575 949 1642 pulcherrimam
984 1577 1276 1627 maiestatis
1314 1581 1369 1627 ct
1402 1578 1609 1642 imperii
1647 1576 1812 1627 divini
1849 1576 2046 1627 referat
2079 1576 2380 1642 imaginem.
2429 1574 2664 1627 Proinde
2689 1575 2738 1625 si
2765 1573 3022 1624 fascinato

534 1662 808 1713 incederet
854 1663 1031 1729 capite
1076 1678 1185 1713 non
1232 1664 1403 1713 virum
1449 1663 1547 1714 sed
1592 1663 1872 1714 mulierem
1915 1678 1973 1715 se
2021 1668 2336 1729 praestaret.
2395 1662 2639 1728 Eamque
2687 1661 2762 1711 ob
2813 1674 3024 1711 causam

535 1749 791 1801 honorem
824 1764 995 1812 suum,
1032 1766 1189 1817 quem
1226 1748 1487 1801 comando
1526 1752 1702 1816 capite
1727 1750 2029 1813 affectabat,
2067 1750 2204 1801 adeo
2231 1765 2340 1801 non
2363 1754 2719 1817 promoveret,
2758 1754 2824 1798 ut
2845 1752 3025 1797 contra

536 1852 601 1887 eo
650 1837 765 1903 ipso
814 1834 1077 1903 perderet.
1134 1835 1350 1887 Mulieri
1394 1836 1449 1886 id
1496 1836 1748 1888 decorum
1791 1838 2063 1904 reputat-13
2112 1852 2238 1887 nam
2283 1853 2406 1888 cum
2447 1836 2641 1887 mulier
2685 1838 2760 1887 sit
2795 1850 2864 1886 ex
2897 1836 3022 1895 viro,

536 1938 647 1973 non
682 1924 765 1973 vir
802 1939 867 1973 ex
902 1924 1141 1986 muliere,
1178 1923 1319 1975 ultro
1358 1925 1614 1990 sequitur,
1654 1938 1794 1990 quae
1831 1925 1934 1991 ipsi
1969 1930 2096 1975 sunt
2129 1924 2364 1989 gloriosa
2397 1925 2454 1975 in
2487 1925 2662 1973 virum
2707 1921 3022 1973 redundare.

533 2010 791 2076 Adeoque
816 2025 881 2061 ex
905 2010 1107 2060 maiore
1130 2010 1443 2061 feminarum
1470 2026 1631 2077 quam
1667 2012 1902 2062 virorum
1927 2016 2135 2074 ornatu,
2173 2012 2240 2062 de
2267 2010 2406 2061 virili
2429 2011 2768 2078 praestantia
2805 2008 3025 2060 decedat

532 2097 693 2161 nihi13
737 2098 936 2147 idcirco
972 2091 1028 2147 τὸ
1064 2099 1261 2148 comari
1298 2098 1462 2149 licere
1500 2098 1674 2161 debet,
1713 2098 1874 2165 idque
1911 2092 2026 2161 „8232
2059 2095 2172 2157 τοὺς
2209 2092 2503 2166 ἀγγέλους.“
2539 2114 2590 2148 v.
2619 2100 2702 2149 10.
2769 2096 3022 2149 Obtinent

534 2184 781 2235 mulieres
816 2184 1009 2250 capitis
1045 2184 1259 2235 velandi
1296 2185 1621 2247 facultatem,
1661 2201 1770 2236 non
1805 2190 2012 2236 tantum
2047 2190 2266 2251 propter
2299 2185 2558 2247 homines,
2596 2184 2693 2235 sed
2721 2189 2778 2235 et
2812 2188 3024 2251 propter

532 2272 973 2321 reverentiam
1009 2270 1281 2337 Angelis
1319 2272 1625 2322 debitam.
1689 2270 1826 2323 Sunt
1861 2273 2000 2323 enim
2035 2272 2228 2339 Angeli
2263 2272 2466 2339 ubique
2499 2272 2657 2323 nobis
2695 2276 3022 2337 praesentes,

536 2358 771 2408 maxime
830 2358 925 2409 ubi
982 2372 1137 2408 sacra
1196 2360 1449 2424 mysteria
1506 2358 1863 2410 celebrantur.
1933 2358 2008 2411 Ut
2057 2374 2186 2411 vero
2241 2374 2426 2411 sexum
2479 2359 2770 2409 femineum
2831 2358 3028 2422 aliqua·

528 2450 685 2496 tenus
733 2444 1059 2511 depressisse
1106 2445 1371 2509 videatur,
1408 2445 1700 2512 Apostolus
1747 2462 1798 2496 v·
1837 2448 1921 2497 11.
1957 2451 2012 2497 et
2048 2448 2129 2497 12.
2179 2462 2338 2513 porro
2385 2446 2570 2497 docet:
2617 2446 2794 2495 virum
2847 2458 3018 2510 aeque

531 2536 777 2582 constare
814 2548 910 2598 per
944 2532 1217 2582 mulierem
1255 2546 1320 2582 ac
1356 2532 1631 2583 mulierem
1669 2549 1766 2599 per
1801 2534 1988 2584 virum.
2049 2534 2506 2595 Quemadmodum
2549 2533 2691 2584 enim
2729 2532 2928 2583 mulier
2959 2533 3020 2581 sit

530 2634 598 2669 ex
632 2620 765 2683 viro,
802 2620 849 2669 si
886 2623 1033 2669 ortus
1070 2620 1389 2685 respiciatur
1422 2620 1643 2686 primae,
1679 2621 1757 2671 ita
1793 2622 1953 2671 etiam
1988 2621 2069 2671 vir
2093 2622 2164 2671 sit
2198 2636 2294 2688 per
2328 2620 2602 2671 mulierem
2637 2622 2686 2671 si
2723 2618 3020 2669 naturalem

529 2705 747 2756 humani
782 2706 993 2771 generis
1030 2706 1469 2772 propagationem
1516 2707 1882 2772 attendamus3
1933 2722 2053 2758 cum
2097 2708 2314 2759 tandem
2357 2709 2614 2759 universa
2648 2707 2720 2757 ab
2757 2722 2872 2757 uno
2909 2706 3020 2755 Deo

528 2790 867 2858 dependeant
910 2796 1145 2843 auctore.
1206 2791 1381 2859 Atque
1415 2794 1495 2843 ita
1530 2794 1820 2845 Corinthiis
1867 2808 1964 2860 per
2007 2800 2324 2861 argumenta
2371 2794 2654 2857 convictis,
2701 2792 2924 2844 tandem
2969 2793 3020 2841 in

528 2878 631 2929 hoc
666 2880 880 2944 negotio
906 2878 975 2929 ad
1000 2880 1239 2945 ipsorum
1272 2880 1530 2931 iudicium
1553 2885 1815 2946 provocat
1837 2898 1887 2931 v.
1915 2882 1997 2932 13.
2026 2882 2106 2933 14.
2135 2884 2216 2933 15.
2255 2882 2348 2945 ita,
2373 2886 2434 2931 ut
2457 2895 2608 2933 suam
2641 2896 2708 2930 ac
2733 2880 3016 2931 Ecclesiae

480 2996 489 3007 ·
526 2967 631 3016 Dei
666 2966 735 3015 ab
770 2967 876 3016 ista
908 2966 1155 3033 litigandi
1192 2966 1601 3031 consuetudine,
1649 2982 1810 3034 quam
1843 2968 2088 3019 nonnulli
2125 2967 2520 3020 Corinthiorum
2556 2968 2833 3031 amabant,
2873 2981 3016 3017 aver·

526 3054 727 3103 sionem
774 3052 1087 3119 profiteatur
1131 3070 1181 3105 v.
1222 3056 1303 3105 16.
1362 3054 1539 3120 Atque
1582 3054 1718 3105 haec
1765 3054 1832 3105 de
1881 3060 2132 3106 contextu
2179 3055 2376 3106 dixisse
2419 3054 2677 3119 sufficiat,
2725 3070 2842 3105 non
2885 3055 3016 3105 enim

525 3141 895 3191 constituimus
934 3156 1217 3207 operosum
1253 3156 1475 3192 examen
1510 3142 1692 3193 facere
1729 3142 1972 3193 criticum
1995 3144 2052 3193 in
2075 3142 2477 3194 lucubrationes
2511 3158 2676 3208 super
2709 3142 2746 3193 l.
2772 3158 2827 3192 n.
2875 3142 3016 3205 Lege

524 3241 664 3293 quae
711 3232 924 3292 praeter
972 3228 1285 3294 interpretes
1336 3228 1716 3279 observarunt:
1765 3230 1820 3279 J.
1861 3230 1927 3280 Ε.
1965 3228 2280 3293 Reichardt,
2330 3230 2397 3281 de
2443 3230 2708 3279 velamine
2758 3234 3014 3279 veterum.

522 3312 645 3363 Jen.
674 3314 825 3363 1694.
872 3313 926 3366 J.
952 3312 1018 3364 G.
1042 3314 1391 3379 Pagendarm‚
1418 3316 1502 3366 rit.
1528 3330 1648 3381 cap.
1683 3317 1737 3365 in
1771 3318 1935 3368 sacris
1961 3318 2248 3383 operiendi.
2289 3317 2516 3367 Vitemb.
2545 3318 2696 3367 1693.
2747 3316 2852 3365 Th.
2881 3316 3014 3379 Ray·

524 3398 737 3450 naudus
780 3398 833 3449 S.
870 3400 942 3462 J.,
987 3400 1053 3451 de
1090 3402 1279 3466 capitis
1316 3402 1641 3467 tegminibus
1675 3407 1784 3453 tam
1819 3404 1988 3453 sacris
2025 3418 2186 3470 quam
2231 3404 2494 3471 profanis,
2539 3404 2598 3453 in
2633 3402 2796 3453 Thes.
2837 3404 3014 3466 Antiq.

523 3485 745 3535 Roman.
784 3486 917 3536 Ven.
958 3488 1112 3537 1732.
1154 3488 1248 3551 VI,
1290 3490 1439 3539 1238.
1476 3506 1519 3539 s.
1576 3489 1973 3551 Lakemacher,
2011 3490 2078 3541 de
2115 3491 2220 3541 ritu
2255 3492 2447 3556 capitis
2481 3492 2538 3540 in
2571 3491 2744 3541 sacris
2781 3488 3014 3540 velandi.

524 3570 653 3621 Obs.
680 3572 777 3621 111.
804 3575 849 3633 2,
876 3574 995 3623 209.
1022 3588 1063 3624 s.
1114 3574 1177 3625 G.
1206 3574 1267 3624 G.
1295 3576 1523 3638 Zeltner,
1560 3574 1627 3625 de
1665 3578 1988 3627 munimento
2026 3579 2217 3643 capitis
2252 3578 2502 3627 foeminei
2525 3581 2746 3643 propter
2771 3576 3013 3643 angelos,

520 3660 577 3709 in
600 3659 760 3709 Thes.
786 3675 837 3709 n.
863 3676 913 3725 p.
939 3660 1058 3710 820.
1084 3678 1127 3711 s.
1176 3662 1239 3711 E.
1274 3662 1337 3711 R.
1367 3660 1523 3725 Roth,
1562 3662 1628 3713 de
1665 3662 1928 3714 velamine
1965 3678 2084 3730 cap.
2121 3664 2290 3715 virilis
2325 3666 2381 3715 in
2417 3664 2578 3715 Thes.
2609 3664 2684 3713 th.
2723 3680 2777 3729 p.
2813 3667 2942 3715 545.
2973 3680 3014 3713 s.

522 3745 587 3795 G.
624 3745 693 3795 de
728 3746 892 3809 Haes,
931 3746 997 3797 de
1034 3746 1263 3798 Paulino
1298 3748 1533 3798 mulieris
1569 3749 1834 3799 velandae
1871 3756 2174 3816 praecepto.
2212 3752 2356 3801 Trai.
2381 3751 2452 3801 ad
2475 3750 2574 3802 mx.
2603 3752 2755 3800 1761.
2808 3750 2874 3801 C.
2901 3750 3012 3800 Sal·

518 3832 687 3895 masii,
734 3848 815 3898 ep.
854 3848 1017 3899 super
1051 3848 1097 3883 c.
1132 3834 1225 3884 xl.
1262 3836 1413 3901 prim.
1452 3834 1521 3885 ad
1559 3834 1684 3885 Cor.
1731 3836 1798 3886 de
1846 3838 2084 3888 caesarie
2129 3838 2360 3888 virorum
2407 3842 2462 3889 et
2505 3836 2792 3887 mulierum
2841 3852 3012 3888 coma.

518 3918 689 3984 Lugd.
727 3919 789 3969 Β.
829 3922 981 3970 1644.
1030 3918 1253 3984 Gurlitt,
1290 3920 1429 3988 expl.
1467 3937 1512 3971 c.
1546 3922 1642 3972 xl.
1678 3939 1761 3989 ep.
1795 3940 1874 3989 pr.
1910 3923 1980 3974 ad
2017 3924 2139 3975 Cor.
2177 3925 2372 3975 Hamb.
2414 3926 2566 3976 1817.
2615 3922 2676 3975 C.
2711 3924 2778 3974 G.
2815 3926 3010 3985 Anton,

519 4022 672 4056 conv.
714 4005 749 4055 l.
786 4006 829 4056 1.
870 4004 989 4056 Cor.
1030 4009 1112 4070 11,
1150 4008 1338 4059 3-15.
1390 4012 1443 4057 et
1490 4024 1605 4059 voc.
1658 4006 1851 4068 ἐξουσία
1896 4028 1947 4060 ιι.
1991 4012 2210 4077 interpr.
2253 4010 2399 4062 Gurl.
2447 4013 2598 4063 1832.
2655 4012 2723 4062 D.
2769 4013 2824 4062 J.
2869 4014 3010 4071 Pon,

518 4098 796 4142 comment.
830 4094 885 4143 in
918 4092 955 4143 l.
992 4094 1050 4143 P.
1084 4094 1128 4143 1.
1164 4093 1285 4144 Cor.
1322 4096 1402 4157 11,
1442 4098 1523 4146 10.
1570 4096 1716 4146 (ἔδει.
1749 4096 1794 4146 1.
1827 4097 1898 4147 11.
1936 4100 2086 4149 1831.
2121 4103 2178 4148 et
2210 4100 2294 4149 34.
2351 4098 2549 4164 Hitzig,
2587 4100 2642 4148 in
2679 4114 2808 4149 ann.
2846 4098 3009 4149 theol.

514 4178 704 4229 Jahrb.
731 4180 883 4231 1854.
918 4196 971 4245 p.
1001 4182 1117 4231 129.
1142 4198 1185 4231 s.
1234 4180 1575 4245 Dilsterdick‚
1615 4184 1703 4233 ein
1727 4183 1896 4234 fciner
1921 4185 2038 4251 Zug
2057 4185 2260 4251 paulin.
2297 4184 2515 4251 Mystik,
2541 4188 2598 4235 in
2623 4200 2747 4236 ann.
2775 4186 2934 4237 Stud.
2957 4203 3010 4235 u.

516 4264 647 4315 Krit.
676 4267 826 4317 1863.
864 4283 917 4333 p.
944 4268 1060 4318 707.
1092 4284 1135 4317 s.

720 4354 973 4423 Diyreoeio
1009 4356 1121 4409 III
1158 4356 1505 4409 annotationes
1538 4358 1596 4409 in
1619 4377 1656 4409 c.
1687 4358 1806 4413 XV.
1843 4358 2076 4429 epistolae
2109 4360 2158 4413 d.
2183 4360 2347 4413 Pauli
2371 4361 2560 4431 prioris
2596 4362 2666 4413 ad
2705 4362 3002 4415 Corinthios.

516 4437 806 4503 Apostolus
850 4456 969 4490 cum
1016 4441 1332 4505 audivisset,
1380 4442 1445 4492 de
1483 4444 1803 4509 quibusdam
1850 4443 2242 4496 Corinthiorum
2287 4462 2350 4496 ex
2393 4446 2620 4498 ethnicis
2665 4446 3004 4510 Christianis,

513 4525 604 4589 qui
648 4539 755 4573 non
798 4530 906 4575 tam
954 4528 1401 4579 immortalitatem
1450 4532 1687 4594 animae,
1737 4544 1896 4597 quam
1945 4534 2501 4585 resurrectionem
2551 4550 2898 4600 corporum
2949 4538 3004 4586 in

512 4610 735 4661 dubium
758 4620 1030 4675 vocarent,
1066 4614 1210 4666 hanc
1230 4616 1307 4667 ita
1330 4616 1581 4681 explicat,
1618 4624 1680 4668 ut
1701 4620 2006 4669 accuratius
2031 4624 2086 4670 et
2109 4621 2378 4685 copiosius
2413 4624 2710 4687 expositam
2733 4637 3004 4689 nusquam
