3267 5259
514 393 641 459 348
1250 410 1365 451 Hist.
1398 410 1505 453 Rev.
1536 410 1625 453 div.
1654 410 1824 453 Period.
1853 411 1910 453 Π.
1931 423 2025 463 cap.
2053 412 2253 464 primum.

508 588 559 645 E
590 588 783 665 Cypro
814 588 1033 647 Paulus
1062 610 1195 649 cum
1224 592 1393 649 sociis
1438 592 1503 647 in
1550 593 1944 649 continentem
1991 597 2300 667 provectus
2340 593 2510 651 venit
2559 594 2788 667 Pergen
2833 595 3004 653 Pam-

509 692 747 770 phyliae
776 692 821 763 ¹3
868 695 1077 752 deinde
1122 696 1500 753 Antiochiam
1533 696 1788 754 Pisidiae
1811 694 1836 733 ²
1865 716 1925 753 se
1955 698 2344 767 conferentes,
2407 699 2502 755 die
2549 699 2784 757 sabbati
2829 720 3004 777 syna·

509 818 717 872 gogam
762 801 1081 858 intrarunt.
1151 801 1290 857 Post
1342 806 1617 859 consueta
1659 820 1820 859 sacra
1865 804 2138 876 princeps
2181 822 2512 879 synagogae
2558 803 2818 861 Paulum
2837 802 2886 875 ³,
2939 812 3006 862 ut

508 906 689 963 verba
709 906 782 961 ad
806 904 1087 980 populum
1110 904 1327 963 faceret
1356 904 1663 964 invitavit.
1712 906 1769 963 S.
1789 906 2008 963 Paulus
2031 906 2236 964 habita
2256 907 2332 964 ad
2352 907 2389 963 J
2391 908 2602 965 udaeos
2625 907 2854 965 eximia
2871 928 3004 967 con-

508 1012 671 1069 cione
686 1006 729 1079 ⁴,
765 1027 829 1066 eo
860 1028 1122 1067 successu
1144 1010 1326 1080 dixit3
1358 1016 1427 1067 ut
1458 1010 1632 1067 multi
1659 1030 1689 1067 e
1709 1010 1746 1067 J
1750 1012 1948 1069 udaeis
1979 1016 2039 1067 et
2069 1012 2379 1088 proselytis
2407 1011 2668 1069 Paulum
2697 1017 2760 1069 et
2787 1013 3006 1069 Bama-

508 1116 641 1173 bam
664 1114 847 1171 secuti
870 1114 1009 1171 sint.
1042 1113 1375 1172 Praefectus
1390 1134 1720 1191 synagogae
1739 1120 2008 1193 totusque
2023 1121 2216 1173 coetus
2231 1116 2414 1174 verba
2430 1115 2607 1173 Pauli
2631 1116 2777 1173 adeo
2803 1118 3006 1192 proba·

507 1237 661 1287 vere,
695 1224 763 1276 ut
792 1219 991 1275 eadem
1020 1220 1259 1277 sabbato
1289 1218 1553 1296 sequenti
1582 1220 1697 1276 sibi
1721 1238 2013 1295 exponere
2035 1221 2392 1293 rogaverint.
2426 1218 2544 1277 Ubi
2570 1220 2645 1277 ad
2669 1221 3002 1277 condictum

510 1322 663 1380 diem
696 1328 879 1381 totam
900 1322 1023 1380 fere
1052 1323 1355 1382 civitatem
1399 1325 1471 1383 ad
1502 1324 1859 1381 audiendum
1903 1343 2229 1382 sermonem
2273 1322 2634 1383 confluxisse
2689 1327 3002 1383 cernebant

509 1429 681 1487 ceteri
715 1426 751 1485 J
754 1428 952 1500 udaei,
998 1427 1261 1486 invidiae
1302 1433 1488 1486 oestro
1518 1430 1760 1503 perciti,
1809 1428 1976 1509 effusi
2011 1431 2076 1486 in
2107 1428 2498 1504 blasphemias
2528 1430 2708 1487 dictis
2743 1431 3002 1505 Apostoli

509 1533 919 1602 adversantur3
982 1552 1119 1590 mox
1180 1538 1466 1591 commota
1524 1552 1628 1608 per
1689 1533 2001 1591 nonnullas
2047 1533 2320 1592 mulieres
2375 1534 2564 1609 plebe,
2614 1534 2844 1591 finibus
2893 1538 3008 1592 suis

508 1639 873 1712 importunos
902 1642 1156 1695 oratores
1186 1638 1525 1711 abegerunt.
1560 1637 1824 1695 Gentiles
1847 1643 2045 1697 autem
2071 1638 2316 1696 afflante
2345 1659 2391 1696 s.
2417 1638 2654 1714 Spiritu
2677 1640 3006 1697 doctrinam

508 1740 727 1799 Christi
758 1741 1261 1816 amplectebantur
1290 1743 1361 1799 ad
1392 1741 1569 1800 fidem
1593 1748 1655 1800 et
1682 1744 1932 1816 gratiam
1963 1744 2082 1801 iam
2105 1744 2402 1801 destinati.
2445 1742 2506 1800 S.
2523 1743 2752 1801 Paulus
2784 1751 2848 1801 et
2867 1744 3004 1801 Bar·

507 1846 687 1903 nabas
717 1846 1059 1903 facessentes
1089 1865 1327 1904 excusso
1358 1866 1389 1903 e
1419 1847 1665 1922 pedibus
1696 1846 1958 1924 pulvere,
1993 1846 2312 1905 rebellibus
2342 1847 2466 1904 illis
2495 1846 2532 1904 J
2535 1822 2743 1904 udaeis
2775 1868 2868 1905 res
2895 1848 3003 1905 sibi

505 1970 637 2009 suas
667 1950 884 2008 habere
914 1951 1101 2021 iussis,
1136 1951 1209 2009 ad
1240 1956 1438 2025 gentes
1468 1972 1588 2009 sese
1618 1952 1998 2011 contulerunt
2018 1950 2060 2009 ⁵.
2093 1951 2278 2009 Nulla
2299 1970 2438 2025 ergo
2461 1970 2630 2009 mora
2653 1954 3004 2027 interposita

504 2056 570 2112 in
624 2054 894 2113 Iconium
914 2054 954 2126 ὕ,
1008 2056 1337 2132 Lycaoniae
1388 2058 1612 2126 urbem,
1669 2062 2086 2131 perrexerunt,
2149 2056 2254 2114 ubi
2304 2055 2342 2112 J
2345 2056 2666 2113 udaeorum
2721 2056 3008 2113 machinis

508 2178 871 2237 nequaquam
904 2162 1202 2236 perterriti
1238 2180 1339 2235 per
1372 2166 1596 2235 tempus
1626 2162 1782 2218 haud
1827 2162 2109 2234 exiguum
2150 2160 2504 2225 subsistunt;
2556 2177 2675 2237 qua
2707 2161 3006 2235 praedica·

507 2266 664 2323 tione
695 2266 940 2335 assidua,
968 2284 1085 2342 qua
1116 2264 1413 2322 miraculis
1444 2265 1658 2323 multos
1689 2272 1816 2323 tum
1847 2285 1878 2321 e
1907 2266 1943 2321 J
1946 2266 2144 2322 udaeis
2175 2268 2304 2321 tum
2335 2284 2409 2321 ex
2429 2264 2679 2339 paganis
2712 2264 2786 2321 ad
2811 2262 3006 2321 Eccle-

505 2372 652 2427 siam
682 2346 1019 2427 eonvocant.
1066 2368 1151 2427 Eo
1182 2371 1459 2445 temporis
1490 2376 1685 2427 tractu
1715 2369 1946 2439 Thecla,
1985 2368 2198 2427 nobilis
2233 2368 2412 2441 Virgo
2443 2368 2792 2437 Iconiensis,
2829 2368 3000 2426 fidem

508 2472 727 2533 Christi
764 2474 1075 2549 suscepisse
1104 2474 1365 2532 creditur
1386 2472 1427 2531 ⁷.
1474 2474 1638 2531 Duas
1667 2474 1732 2531 in
1766 2480 1961 2548 partes
1993 2472 2214 2531 incolae
2261 2473 2425 2529 urbis
2469 2472 2746 2549 civesque
2780 2473 3004 2531 divide-

510 2580 743 2649 bantur,
764 2578 949 2636 alte-ra
963 2579 1168 2656 iniquo
1184 2580 1614 2635 contumacium
1630 2578 1986 2635 «Iudaeorum
2002 2577 2219 2634 iudicio
2233 2576 2528 2647 haerebat,
2548 2576 2744 2633 altera
2753 2576 3004 2634 Paulum

508 2803 559 2851 p.
600 2788 717 2837 190.
790 2785 1017 2834 Paulum
1068 2786 1173 2834 iam
1219 2786 1275 2834 in
1322 2785 1601 2835 Judaismo
1657 2785 1822 2836 fuisse
1879 2784 2200 2835 binominem
2252 2790 2480 2833 sumunt.
2545 2782 2681 2833 Cum
2729 2784 3006 2849 gentilium

510 2872 728 2923 auribus
756 2871 902 2922 Sauli
939 2888 1131 2922 nomen
1168 2872 1434 2922 insuetum
1460 2877 1615 2934 esset,
1655 2871 1808 2921 Pauli
1847 2887 1976 2921 vero
2003 2870 2146 2936 apud
2171 2886 2264 2921 eos
2296 2870 2600 2935 vulgatum3
2639 2886 2774 2919 sane
2813 2886 3006 2936 oppor-

510 2965 637 3010 tune
675 2960 869 3010 accidit
910 2959 1043 3009 illud
1082 2960 1187 3009 levi
1234 2961 1523 3009 mutatione
1562 2974 1625 3009 ex
1657 2960 1907 3009 Hebraeo
1933 2960 1988 3008 in
2013 2958 2309 3008 Romanum
2347 2958 2786 3007 tramsformatum
2825 2957 3006 3007 fuisse.

512 3048 585 3097 Et
610 3062 728 3097 cum
756 3047 1099 3095 ministerium
1126 3061 1280 3095 suum
1318 3047 1441 3096 exin
1467 3045 1608 3111 apud
1643 3062 1734 3096 eos
1759 3046 2090 3111 potissimum
2117 3044 2343 3110 populos
2384 3045 2702 3103 exercuerit,
2743 3045 2838 3108 qui
2867 3044 3006 3093 eolo—

510 3135 631 3184 niae
656 3133 1013 3183 Romanorum
1047 3138 1241 3195 essent,
1280 3148 1525 3198 quaeque
1550 3132 1638 3182 vel
1664 3147 1856 3197 graeco
1883 3131 1969 3181 vel
1992 3132 2188 3181 Latino
2221 3131 2432 3181 nomine
2469 3134 2780 3193 uterentur3
2821 3132 3008 3180 mirum

512 3236 616 3270 non
656 3226 761 3281 est,
810 3221 854 3269 si
892 3224 945 3268 et
979 3219 1269 3285 Apostolus
1306 3236 1363 3268 se
1407 3234 1504 3285 pro
1552 3218 1718 3268 Saule
1760 3218 1982 3267 Paulum
2021 3218 2124 3267 dici
2161 3218 2386 3282 primum
2432 3217 2663 3265 fortasse
2707 3230 2906 3281 passus
2939 3219 3009 3265 sit

512 3306 703 3357 deinde
742 3311 796 3355 et
830 3306 1074 3356 voluerit.

722 3394 759 3457 ¹)
796 3395 1039 3458 Triginta
1074 3398 1127 3443 et
1164 3398 1367 3458 septem
1406 3392 1531 3441 mill.
1570 3406 1733 3457 germ.
1767 3392 1829 3440 L.
1858 3390 1917 3439 C.
1944 3390 2206 3451 Mannert,
2247 3388 2592 3454 Geographie
2619 3388 2716 3439 der
2741 3388 3006 3440 Griechen

510 3480 621 3531 und
656 3480 863 3530 Romcr.
902 3480 993 3542 vl,
1022 3482 1069 3530 2.
1118 3480 1447 3529 Kleinasien.
1488 3476 1689 3527 Nih-nb.
1724 3479 1872 3527 1801.
1912 3494 1961 3542 p.
1992 3478 2107 3526 126.
2157 3477 2363 3542 Pergae
2398 3475 2644 3527 Joannes
2681 3478 2902 3527 Marcus
2937 3476 3006 3525 ab

512 3568 577 3616 iis
615 3568 895 3617 discedens
930 3566 1301 3631 Jerosolymas
1338 3566 1509 3615 rediit.
1567 3566 1680 3614 Act.
1724 3566 1804 3627 15,
1839 3566 1923 3614 38.
1975 3566 2054 3625 13,
2096 3566 2176 3612 13.
2250 3563 2292 3627 ²)
2330 3562 2502 3613 Recta
2537 3563 2630 3613 via
2663 3562 3006 3613 Antiochiam

512 3654 745 3705 Pisidiae
784 3655 948 3704 ibant.
1005 3654 1058 3703 J.
1094 3670 1138 3702 e.
1172 3655 1254 3703 20.
1292 3651 1420 3702 mill.
1453 3668 1612 3717 germ.
1663 3652 1938 3717 Frequens
1975 3652 2162 3701 civitas
2202 3656 2256 3700 et
2291 3664 2530 3700 summae
2567 3650 2844 3715 dignitatis
2879 3657 2996 3699 erat

510 3742 823 3792 Antiochiae
860 3739 1111 3790 Pisidiae.
1162 3740 1243 3790 Cf.
1268 3738 1530 3800 Mannert,
1570 3739 1603 3788 l.
1643 3754 1686 3787 c.
1727 3755 1778 3803 p.
1815 3740 1930 3788 177.
1969 3752 2012 3787 s.
2087 3737 2128 3801 ³)
2167 3737 2337 3798 Quem
2375 3737 2538 3801 Legis
2575 3736 2852 3787 doctorem
2889 3752 3006 3787 esse

510 3828 669 3878 facile
705 3828 1095 3893 suspicabatur.
1146 3827 1188 3886 ⁴)
1227 3825 1310 3875 Ad
1336 3826 1591 3875 lectiones
1617 3826 1761 3875 illius
1787 3826 2000 3874 sabbati
2039 3825 2268 3890 respexit
2291 3824 2451 3873 Dent.
2481 3829 2528 3887 1,
2555 3826 2640 3873 31.
2667 3826 2754 3873 38.
2797 3824 2922 3873 Issi.
2953 3826 2999 3882 1,

511 3918 559 3966 2.
587 3916 669 3965 26.
722 3914 792 3964 Ut
829 3916 1033 3964 animos
1070 3928 1251 3963 eorum
1290 3912 1359 3962 ad
1396 3928 1453 3961 se
1486 3912 1794 3973 attraheret,
1833 3926 1868 3961 a
1889 3912 1992 3961 Dei
2021 3912 2258 3961 bonitate
2285 3910 2560 3960 exordium
2584 3926 2822 3969 sumens,
2861 3926 3000 3975 quae

511 4008 818 4067 quantaque
845 4001 1101 4051 Israelitis
1138 4000 1477 4065 praestiterit,
1518 4000 1776 4061 ostendit3
1815 4003 2042 4048 testatus
2077 4000 2134 4047 in
2168 3998 2318 4055 Jesu,
2347 4014 2376 4045 e
2415 3998 2636 4047 mortuis
2668 3998 3002 4055 resuscitato,

512 4087 625 4138 solo
664 4088 887 4137 salutem
936 4103 1053 4137 esse
1100 4088 1326 4151 positam
1369 4087 1519 4150 gravi
1564 4086 1632 4135 ad
1669 4084 1826 4134 fidem
1873 4084 2238 4135 exhortatione
2287 4082 2437 4133 finiit.
2501 4084 2618 4133 Act.
2661 4086 2742 4145 13,
2785 4084 3002 4133 16-41.

513 4173 593 4223 cf.
620 4174 670 4223 J.
699 4172 761 4223 G.
789 4174 1016 4237 Richter,
1059 4172 1183 4223 diss.
1224 4172 1289 4222 de
1327 4172 1497 4222 Paulo
1534 4171 1794 4237 Apostolo
1831 4172 1966 4221 Jesn
2003 4170 2200 4221 Christi
2235 4172 2290 4220 in
2327 4170 2492 4220 vitam
2535 4171 3003 4223 revocatinuntio

512 4260 581 4310 ad
615 4260 734 4310 Aet.
772 4263 860 4321 13,
899 4262 982 4310 32.
1021 4262 1104 4309 33.
1158 4260 1307 4325 Lips.
1355 4260 1502 4309 1766.
1554 4276 1603 4325 p.
1647 4260 1727 4308 10.
1771 4274 1813 4309 s.
1881 4260 1964 4307 De
2019 4257 2226 4308 calculo
2275 4272 2538 4307 annorum
2591 4259 2710 4306 450.
2769 4256 3000 4305 diximus

512 4348 567 4396 in
602 4348 842 4397 Historia
878 4346 939 4396 R.
976 4348 1043 4396 D.
1078 4346 1196 4396 Vet.
1231 4347 1377 4396 Test.
1427 4362 1476 4410 p.
1516 4348 1634 4395 213.
1670 4347 1718 4395 4.
1793 4344 1832 4411 ⁵)
1869 4344 1984 4395 Act.
2023 4348 2104 4406 13,
2142 4345 2363 4394 42—52.
2437 4342 2480 4407 ⁶)
2517 4344 2589 4393 H.
2625 4359 2672 4393 c.
2702 4344 2838 4413 loy,
2873 4342 3004 4393 mill.

511 4448 671 4497 germ.
745 4428 782 4502 ⁷)
833 4432 885 4483 S.
924 4432 1125 4483 Thecla
1170 4438 1459 4498 martyrum
1509 4433 1890 4497 antesignana,
1937 4436 2315 4481 tormentorum
2363 4432 2470 4479 vim
2521 4431 2750 4496 experiri
2797 4430 3001 4490 maluit,

512 4534 671 4583 quam
717 4518 1004 4583 pudicitiae
1054 4518 1264 4570 Christo
1311 4519 1521 4568 dicatae
1567 4518 1744 4567 labem
1787 4518 1972 4567 inferri
2017 4519 2229 4567 sineret.
2281 4516 2360 4566 cf.
2399 4516 2452 4567 S.
2489 4517 2807 4583 Epiphanii,
2853 4515 3003 4565 haer.

511 4602 809 4663 LXXVIII,
838 4606 919 4652 16.
953 4621 1004 4670 p.
1034 4606 1180 4654 1048.
1222 4606 1273 4653 S.
1303 4605 1685 4669 chrysostomi,
1721 4606 1776 4653 in
1807 4604 1945 4653 Acta
1970 4603 2068 4669 Ap.
2097 4602 2232 4653 hom.
2257 4602 2421 4665 XXV,
2447 4605 2496 4651 4.
2534 4620 2587 4667 p.
2613 4605 2735 4652 207.
2783 4602 2864 4651 De
2889 4616 3002 4666 qna
