3267 5259
588 428 717 495 448
1325 444 1442 487 nist.
1472 442 1579 487 Rev.
1608 442 1698 487 div.
1729 442 1895 488 Period.
1925 441 1980 489 n.
2002 458 2096 499 esp.
2128 444 2327 499 primum.

589 618 959 681 colossenses,
998 627 1055 670 ut
1092 637 1190 671 suo
1230 622 1443 671 nomine
1481 620 1853 673 Laodicenses
1893 622 2206 673 salutarent.
2245 622 2394 673 Nihil
2437 624 2664 675 dicimus
2703 624 2768 675 de
2807 626 3053 675 sententia

588 706 869 767 Wieseler‚
910 722 1099 757 comm.
1141 708 1206 757 de
1244 724 1326 775 ep.
1364 708 1682 759 Laodicena
1719 724 1878 775 quam
1915 709 2077 776 vulgo
2115 710 2380 775 perditam
2415 716 2622 776 putant.
2659 711 2809 761 Gott.
2837 713 2975 761 1844.
3009 716 3057 761 et

590 794 841 845 chronol.
882 796 930 845 d.
970 810 1055 860 ap.
1092 795 1374 845 Zeitalters
1412 812 1463 861 p.
1502 798 1620 847 450.
1661 813 1719 859 s.,
1768 798 1983 862 quando
2022 800 2316 849 certissime
2363 798 2492 859 illis,
2540 800 2632 863 qui
2681 798 2960 863 epistolam
2994 800 3054 848 ad

586 882 951 932 Philemonem
987 882 1189 948 legunt,
1214 889 1453 934 constat:
1494 882 1694 934 frustra
1730 886 1784 934 in
1823 900 1888 935 ea
1923 888 2126 950 quaeri,
2165 902 2231 935 ex
2268 902 2372 950 quo
2410 888 2641 952 perspici
2679 892 2892 951 poterat
2927 889 3052 935 ratio

586 971 921 1034 quorundam
978 985 1116 1035 quae
1170 970 1371 1021 Paulus
1418 970 1489 1021 ad
1546 972 1900 1023 colossenses
1958 974 2263 1037 scripserat.
2315 974 2511 1023 Verum
2559 980 2618 1023 ut
2667 990 2780 1024 rem
2829 972 3053 1023 finiamus

590 1055 875 1121 epistolam
913 1059 1329 1110 commentitiam
1356 1057 1522 1119 illam,
1560 1074 1719 1124 quam
1745 1060 2054 1125 praemissis
2083 1065 2324 1111 veterum
2358 1066 2412 1111 et
2445 1062 2802 1111 recentiorum
2832 1063 3052 1111 censuris

588 1143 895 1194 ediderunt:
932 1144 1236 1209 Fabricius,
1276 1145 1313 1195 l.
1351 1162 1396 1197 c.
1434 1146 1529 1209 111,
1570 1149 1688 1197 710.
1727 1152 1778 1197 et
1813 1146 2018 1213 Anger,
2057 1152 2109 1198 ii.
2149 1147 2199 1197 d.
2238 1147 2730 1199 Laodicenerbrief.
2770 1164 2822 1213 p.
2866 1150 2974 1198 155.
2998 1165 3050 1208 s.,

588 1234 771 1282 merito
800 1233 903 1283 iam
931 1233 1183 1283 reiecisse
1204 1234 1495 1297 Erasmum,
1523 1237 1613 1299 qui
1641 1250 1763 1284 ann.
1790 1250 1840 1299 p.
1862 1236 1978 1285 898.
2009 1233 2294 1285 affirmavit
2321 1235 2473 1297 „Non
2495 1234 2649 1285 Pauli
2671 1251 2810 1285 esse.
2849 1236 2962 1285 Non
2985 1240 3054 1284 est

586 1321 827 1369 cuiusvis
848 1320 1077 1371 hominis
1097 1319 1382 1371 Paulinum
1404 1326 1590 1386 pectus
1610 1320 1881 1387 effingere,
1909 1327 2076 1385 tonat,
2103 1322 2354 1389 fulg-urat,
2375 1338 2548 1373 meras
2569 1324 2814 1373 flammas
2838 1323 3057 1388 loquitur

586 1406 809 1457 Paulus.
863 1407 934 1456 At
970 1406 1105 1457 haec
1140 1414 1512 1473 praeterquam
1563 1409 1708 1474 quod
1757 1410 2076 1460 brevissima
2129 1416 2234 1471 est,
2285 1424 2446 1476 quam
2493 1410 2678 1477 friget,
2716 1426 2880 1475 quam
2915 1413 3054 1459 iacet.

582 1492 705 1543 Jam
744 1494 903 1545 etiam
942 1494 1162 1546 stultum
1191 1498 1351 1546 etiam
1379 1503 1477 1561 est,
1516 1513 1622 1547 non
1649 1496 1820 1547 solum
1847 1498 2147 1562 impudens,
2175 1498 2320 1562 quod
2345 1498 2598 1563 pleraque
2623 1514 2692 1548 ex
2717 1498 2824 1549 hac
2861 1500 2974 1563 ipsa
2997 1525 3054 1533 ——

588 1580 901 1632 colossensi
932 1611 992 1620 —
1021 1582 1243 1649 collegit
1280 1584 1528 1650 epistola,
1568 1587 1815 1649 quisquis
1853 1584 1992 1634 hanc
2029 1584 2285 1635 effinxit.“
2325 1584 2486 1635 Caret
2521 1587 2712 1649 spiritu
2752 1584 3053 1650 apostolico,
3093 1608 3096 1611 ·

587 1676 641 1717 et
686 1671 899 1719 nonnisi
949 1675 1225 1736 segmenta
1276 1688 1341 1721 ex
1397 1669 1520 1721 aliis
1566 1671 1725 1721 Pauli
1773 1672 2017 1737 epistolis
2078 1680 2334 1738 congesta
2397 1674 2662 1735 continet,
2715 1680 2864 1723 caret
2911 1674 3050 1737 signo

582 1756 843 1821 Apostoli,
886 1756 950 1807 de
1006 1773 1111 1823 quo
1148 1758 1348 1809 Paulus
1405 1758 1647 1823 loquitur
1689 1758 1759 1808 11.
1796 1758 1984 1809 Thess.
2023 1760 2070 1820 3,
2112 1760 2211 1823 17„
2269 1765 2416 1809 caret
2471 1759 2702 1825 denique
2759 1760 3052 1809 testimonio

582 1845 884 1908 primitivae
909 1845 1215 1909 Ecclesiam
1256 1851 1316 1896 ut
1352 1846 1577 1911 primum
1613 1848 1668 1895 in
1704 1846 1880 1896 lucem
1907 1846 2194 1911 prodierat,
2225 1847 2326 1897 fuit
2357 1848 2556 1897 reiecta
2581 1861 2614 1897 a
2639 1848 2693 1897 S.
2719 1847 3050 1911 Hieronymo,

587 1930 652 1980 de
680 1931 774 1981 vir.
804 1931 878 1981 ill.
907 1949 951 1982 c.
978 1949 1019 1983 s.
1048 1949 1098 1998 p.
1127 1936 1209 1983 36.
1238 1938 1293 1983 et
1329 1933 1573 1983 Concilio
1614 1936 1960 1985 oecumencio
1986 1934 2103 1986 VII.
2131 1950 2173 1985 s.
2200 1934 2440 1985 Nicaeno
2465 1934 2534 1984 Π.
2563 1942 2666 1984 act.
2691 1934 2784 1983 vl.
2825 1933 3052 1997 „Etenim

582 2018 693 2068 divi
729 2018 888 2068 Pauli
925 2020 993 2069 ad
1031 2019 1398 2071 Laodicenses
1436 2021 1603 2071 fertur
1639 2020 1765 2071 ficta
1801 2021 2034 2087 epistola
2073 2051 2132 2058 —
2172 2018 2364 2085 πλαστὴ
2403 2018 2719 2085 ἐπιστολή-
2757 2023 2814 2070 in
2853 2022 3054 2086 quibus-

584 2106 703 2155 dam
742 2105 895 2156 libris
932 2106 1179 2172 Apostoli
1218 2108 1394 2157 iacere
1433 2122 1591 2172 quarn
1634 2108 1820 2158 Patres
1859 2110 2029 2159 nostri
2067 2109 2435 2173 reprobavere,
2473 2115 2534 2158 ut
2559 2107 2792 2159 alienam
2831 2108 2899 2158 ab
2930 2110 3052 2171 ipso,

584 2190 687 2253 ,,ὡς
727 2190 873 2242 αὐτοῦ
912 2187 1226 2261 ἂλλοτρίαν“.
1268 2194 1532 2245 Harduini
1572 2195 1687 2245 Aet.
1727 2194 1891 2245 Conc.
1926 2196 2018 2259 IV,
2047 2197 2162 2247 391.
2213 2196 2297 2245 De
2335 2196 2566 2260 epistola
2601 2194 2672 2245 ad
2709 2195 3052 2245 Laodicenses

579 2288 861 2344 praeterea
895 2280 1051 2345 plura
1096 2280 1328 2331 dabunt:
1374 2281 1802 2347 Jablonsky,.in
1849 2298 2032 2348 opusc.
2080 2299 2122 2333 s.
2159 2283 2256 2345 111,
2303 2285 2422 2333 202.
2475 2282 2534 2333 c.
2571 2283 2624 2333 J.
2661 2282 2832 2345 Huth,
2881 2298 2958 2347 ep.
2995 2298 3052 2331 ex

581 2366 805 2418 Laodic.
858 2370 911 2417 in
962 2368 1169 2433 encycl.
1220 2368 1288 2417 ad
1336 2368 1532 2433 Ephes.
1585 2383 1691 2421 ass.
1737 2368 1850 2419 Erl.
1904 2372 2053 2420 1741.
2105 2368 2298 2433 Satori,
2350 2375 2400 2420 ii.
2449 2369 2500 2420 d.
2537 2369 3048 2421 Laodicenserbrief.

579 2454 719 2505 Liib.
762 2456 911 2505 1853.
950 2454 1133 2517 Bleek,
1171 2454 1379 2509 Vorles.
1416 2460 1470 2505 11.
1510 2456 1558 2507 d.
1596 2457 1659 2506 Β.
1699 2472 1769 2506 an
1806 2458 1893 2507 die
1931 2458 2201 2508 Kolosser.
2242 2456 2382 2508 Berl.
2424 2459 2576 2508 1865.
2613 2473 2666 2523 p.
2707 2460 2821 2508 147.
2862 2474 2900 2507 s.

790 2542 963 2608 Saepe
1000 2559 1219 2594 numero
1259 2548 1451 2609 sponte
1490 2550 1792 2609 congruunt
1827 2545 2018 2595 ambae
2055 2544 2339 2609 Epistolae
2377 2544 2446 2595 ad
2481 2544 2749 2611 Ephesios
2789 2551 2841 2595 et
2879 2544 3048 2594 Colos-

581 2645 789 2679 senses:
828 2632 883 2679 in
922 2631 1153 2697 singulis
1192 2636 1245 2681 et
1279 2632 1507 2682 vocibus
1546 2636 1600 2682 et
1624 2632 1807 2682 formis
1836 2632 2070 2695 dicendi,
2108 2633 2162 2681 in
2189 2633 2471 2683 sententiis
2497 2634 2829 2697 praesertim,
2866 2633 3048 2697 quibus

580 2719 735 2781 priva
771 2716 929 2767 Pauli
976 2717 1186 2769 indoles
1234 2734 1293 2769 se
1338 2719 1665 2770 manifestat.
1715 2719 1870 2770 Unde
1909 2719 2142 2784 epistola
2177 2719 2248 2769 ad
2300 2719 2652 2771 Colossenses
2703 2734 2894 2785 magno
2941 2735 3048 2768 cum

582 2804 861 2856 commodo
901 2805 1185 2856 adhibetur
1233 2807 1291 2856 in
1340 2809 1782 2873 interpretatione
1831 2806 2096 2872 epistolae
2133 2806 2202 2857 ad
2238 2806 2524 2873 Ephesios,
2571 2808 2659 2857 cui
2697 2814 2926 2871 cognata
2959 2812 3046 2863 est.

581 2897 635 2940 et
669 2892 789 2941 vice
814 2908 984 2943 versa.
1024 2892 1221 2943 crebro
1262 2909 1409 2957 sane,
1438 2910 1663 2960 quorum
1700 2893 1871 2944 literis
1909 2894 1977 2944 ad
2005 2894 2356 2945 colossenses
2393 2896 2648 2945 memoria
2683 2894 2758 2957 fit,
2787 2894 3048 2959 religionis

579 2978 901 3029 christianae
930 2982 1111 3045 capita
1144 2983 1479 3046 expositione
1503 2984 1672 3048 magis
1706 2982 1901 3033 diffusa
1929 2983 2263 3048 reperiuntur
2287 2988 2543 3047 tractata3
2585 2996 2904 3048 quamquam
2929 2988 2976 3030 et
3001 2983 3048 3029 in

580 3065 811 3130 epistola
844 3066 914 3116 ad
943 3066 1294 3119 Colossenses
1327 3068 1625 3119 habeantur
1652 3069 1914 3133 quaedam
1943 3070 2216 3135 copiosius
2241 3068 2530 3134 explicata,
2571 3084 2732 3135 quam
2757 3072 2811 3119 in
2837 3068 3048 3134 epistola

578 3152 647 3203 ad
688 3153 965 3218 Ephesios.
1006 3156 1071 3206 E.
1109 3172 1159 3221 g.
1199 3157 1264 3206 de
1302 3156 1586 3207 divinitate
1622 3158 1690 3207 D.
1720 3157 1783 3207 N.
1817 3157 1871 3207 J.
1899 3156 1976 3220 C.;
2015 3156 2080 3207 de
2126 3158 2392 3221 perversis
2430 3157 2905 3222 pseudodoctorum
2945 3154 3044 3219 pla·

578 3242 716 3292 citis.
755 3242 930 3292 Huius
968 3242 1243 3294 affinitatis
1281 3246 1415 3295 ratio
1454 3274 1519 3282 —
1561 3244 1642 3295 Cf.
1681 3244 1794 3296 col.
1825 3247 1873 3306 1,
1899 3248 1947 3294 2.
1978 3248 2024 3295 1.
2061 3237 2260 3309 Ephes.
2301 3247 2347 3308 1,
2375 3246 2423 3294 2.
2463 3244 2523 3294 c.
2554 3246 2600 3307 1,
2641 3246 2688 3295 3.
2723 3246 2770 3294 4.
2808 3246 2854 3293 9.
2889 3246 2964 3293 11.
2997 3248 3038 3290 et

582 3332 628 3377 1.
668 3329 731 3378 E.
774 3332 836 3380 15
864 3362 929 3368 —
960 3333 1038 3381 19.
1080 3335 1126 3382 1.
1155 3332 1213 3381 C.
1242 3335 1308 3383 10
1334 3338 1389 3383 et
1410 3334 1461 3382 4.
1487 3333 1552 3382 Ε.
1581 3336 1625 3383 1.
1656 3334 1701 3384 1.
1745 3332 1803 3383 c.
1833 3334 1913 3381 11.
1941 3338 1996 3383 et
2032 3334 2079 3383 6.
2106 3332 2245 3398 Eph.
2274 3334 2340 3383 10
2365 3360 2430 3368 -—-
2461 3333 2540 3383 17.
2569 3346 2617 3381 e.
2640 3346 2683 3380 s.
2711 3348 2762 3396 p.
2787 3346 2836 3382 v.
2861 3331 2919 3380 A.
2941 3344 3030 3377 van

580 3416 904 3479 Bemmelen,
942 3418 1069 3469 dise.
1097 3435 1246 3484 exeg.
1276 3434 1346 3469 cr.
1375 3419 1441 3469 de
1468 3436 1550 3485 ep.
1576 3419 1645 3470 ad
1683 3419 1882 3485 Ephes.
1921 3424 1974 3469 et
2001 3418 2308 3470 Colossens.
2347 3420 2487 3469 inter
2523 3434 2581 3468 se
2615 3418 2843 3469 collatis.
2879 3416 3032 3481 Lugd.

578 3506 637 3554 B.
682 3507 831 3556 1803.
870 3506 1103 3570 Huther,
1144 3507 1345 3558 comm.
1383 3524 1433 3573 p.
1472 3510 1591 3558 435.
1628 3522 1739 3573 seq.
1779 3506 2032 3568 Bohmer,
2070 3507 2300 3573 Isagoge
2336 3523 2388 3572 p.
2428 3507 2528 3556 168
2553 3522 2594 3558 s.
2633 3534 2700 3542 ——-
2737 3522 2844 3556 non
2879 3504 3037 3569 inepte

576 3592 702 3641 inde
739 3594 1010 3658 repetitur,
1064 3594 1206 3659 quod
1254 3595 1458 3645 Paulus
1506 3596 1563 3645 in
1598 3601 1825 3660 utraque
1875 3594 2120 3660 epistola,
2167 3594 2466 3657 scribenda,
2503 3594 2645 3647 idem
2679 3592 3039 3660 propemodum

576 3678 823 3729 habuerit
848 3680 1155 3746 consilium3
1192 3687 1245 3731 et
1269 3684 1398 3746 quia
1424 3684 1860 3733 circumstantiae
1885 3685 1940 3732 in
1967 3684 2164 3748 quibus
2188 3683 2546 3732 versabantur
2568 3681 2812 3746 Ephesii,
2839 3680 3037 3730 multum

576 3766 777 3817 similes
816 3773 967 3817 erant
1002 3768 1111 3819 illis
1162 3769 1581 3820 colossensium.
1630 3771 1875 3821 Gnoseos
1927 3770 2262 3833 Valentinae,
2315 3784 2473 3835 quam
2530 3768 2732 3820 Schola
2765 3768 3040 3819 Neotubiu-

579 3855 761 3919 gensis
801 3885 865 3891 —
902 3872 953 3906 v.
991 3856 1150 3918 Bam,
1187 3856 1392 3907 Paulus
1430 3872 1481 3922 p.
1509 3859 1627 3907 417.
1680 3857 2001 3922 Schwegler,
2040 3857 2268 3923 nachap.
2308 3856 2563 3907 Zeitslter
2595 3856 2664 3915 11,
2692 3856 2809 3905 326.
2834 3870 2876 3905 s.
2901 3884 2959 3892 -—
2995 3856 3042 3901 in

576 3942 676 3992 hac
712 3941 943 4007 epistola
994 3944 1099 3993 sibi
1146 3943 1562 4008 deprehendisse
1605 3945 1841 4007 videtur,
1886 3944 2038 3995 nulla
2082 3946 2159 3995 ibi
2208 3945 2471 3994 contineri
2521 3943 2755 4009 vestigia
2790 3944 3042 3993 evicerunt

574 4030 643 4078 H.
684 4030 745 4079 G.
786 4030 983 4095 Meyer,
1026 4031 1227 4081 comm.
1268 4030 1411 4082 Gutt.
1453 4034 1603 4083 1859.
1650 4047 1700 4097 p.
1730 4034 1843 4083 160.
1883 4048 1924 4084 s.
1972 4032 2260 4097 Raebiger,
2307 4030 2374 4081 de
2413 4030 2780 4097 cbristologia
2813 4027 3040 4081 Paulina.

572 4116 641 4181 ΙΙ,
668 4118 752 4166 42.
800 4119 858 4167 Δ.
884 4116 1139 4183 Κὶδρροτ,
1168 4117 1233 4167 de
1271 4120 1477 4185 origine
1514 4119 1862 4184 epistolarum
1901 4119 1969 4169 ad
2005 4118 2272 4183 Ephesios
2309 4124 2362 4168 et
2397 4117 2751 4169 Colossenses
2791 4133 2824 4167 a
2859 4116 3040 4166 criticis

572 4204 800 4270 Tubing.
830 4220 859 4255 e
895 4208 1049 4271 gnosi
1087 4204 1469 4257 Valentiniana
1506 4206 1753 4257 deducta.
1795 4207 2094 4272 Gryphisw.
2125 4208 2273 4257 1853.
2313 4206 2502 4268 Reuss,
2543 4204 2742 4255 Gesch.
2779 4220 2832 4270 p.
2872 4205 2978 4254 107.
3003 4218 3038 4251 s.

780 4292 1033 4357 Epistola
1068 4293 1137 4343 ad
1175 4292 1524 4344 colossenses
1564 4294 1708 4356 data,
1747 4308 1926 4344 earum
1965 4310 2182 4344 numero
2223 4291 2548 4357 reponenda,
2588 4306 2814 4357 quarum
2851 4293 3040 4341 ratione

570 4378 809 4429 Joaunes
850 4380 1261 4445 chrysostomus
1297 4383 1351 4431 in
1390 4396 1472 4447 ep.
1510 4381 1581 4431 ad
1616 4382 1770 4432 Rom.
1795 4380 1934 4432 hom.
1963 4380 2076 4442 v11,
2101 4383 2149 4431 4.
2177 4380 2268 4442 IX,
2295 4382 2414 4431 488.
2453 4380 2619 4429 dixit:
2659 4380 2830 4441 „Vide
2856 4382 3041 4443 quanta

571 4467 642 4513 sit
678 4466 835 4515 Pauli
871 4469 1041 4518 virtus
1078 4474 1133 4517 et
1168 4470 1250 4518 vis
1292 4470 1510 4534 ingenii,
1558 4474 1613 4518 et
1664 4484 1783 4518 cum
1833 4475 2034 4533 quanta
2072 4467 2336 4519 facilitate
2375 4483 2441 4517 ea
2477 4483 2617 4531 quae
2655 4467 2772 4517 vult
2808 4467 3037 4532 probat?

570 4552 653 4601 De
692 4552 971 4604 authentia
1024 4555 1181 4606 huius
1231 4555 1490 4620 epistolae
1528 4584 1593 4593 -
1642 4571 1800 4620 quam
1854 4556 2035 4606 dubiis
2082 4555 2232 4605 nullo
2287 4554 2633 4604 fundamento
2674 4555 2870 4603 innixis
2905 4551 3041 4602 solli-

572 4640 830 4692 citarunt:
870 4640 929 4691 c.
956 4642 1053 4693 Th.
1080 4643 1392 4708 Mayerhoff,
1433 4643 1527 4693 der
1550 4642 1704 4693 Brief
1735 4658 1803 4693 an
1843 4642 1928 4693 die
1951 4642 2204 4694 colosser
2239 4643 2336 4691 mit
2369 4640 2798 4692 vornehmlicher
2822 4638 3039 4691 Beriick·
