3267 5259
517 447 696 499 LVIII
1338 465 1584 517 Apparatus
1609 464 1829 506 Historico
1847 487 1899 496 -
1917 464 2168 507 Chronicus.

515 649 790 703 semestre
836 644 1070 703 circiter
1113 645 1496 704 intervallum
1543 646 1888 705 intercessit.
1954 646 2003 703 E
2044 647 2211 705 brevi
2251 646 2363 704 hac
2408 647 2744 704 narratione
2776 651 3005 706 certum

517 750 1002 827 exploratumque
1033 754 1150 808 est:
1193 749 1624 828 intercapedine
1665 753 1957 827 temporie,
1995 771 2143 831 quae
2174 751 2415 808 tertium
2446 753 2604 809 inter
2634 758 2692 809 et
2723 757 3005 830 quartum

517 857 738 914 Pascha
757 857 857 928 τῆς
879 847 1155 932 κερύξεως
1187 857 1600 933 interponitur,
1632 857 1672 914 J
1673 877 1833 914 esum
1859 856 2031 933 plura
2055 856 2271 914 itinera
2292 856 2603 933 suscepisse
2632 876 2810 934 quam
2833 878 3002 933 supe-

518 961 772 1019 rioribus
802 961 1024 1018 duobus
1071 961 1263 1032 annis,
1321 962 1534 1040 quibus
1565 961 1887 1020 Galilaeam
1918 963 2271 1038 peragravit.
2320 960 2486 1024 Quod
2515 961 2785 1037 pluribus
2815 961 3005 1040 iisque

516 1067 874 1140 gravissimis
900 1067 970 1123 de
1001 1068 1186 1125 causis
1217 1066 1344 1124 fieri
1377 1069 1588 1142 potuit.
1651 1067 1785 1124 Una
1814 1068 2049 1146 quidem
2080 1073 2225 1137 erat,
2267 1068 2419 1145 quod
2450 1067 2709 1125 instante
2742 1073 3004 1142 tempore

518 1172 792 1229 discessus
829 1171 919 1228 sui
957 1191 1032 1228 ex
1079 1173 1172 1229 his
1219 1171 1393 1230 terris
1437 1172 1695 1230 voluerit
1738 1172 2020 1229 latissime
2066 1191 2171 1247 per
2208 1191 2439 1229 omnem
2484 1172 2725 1230 Terram
2764 1171 3003 1229 Sacram

516 1275 906 1350 Evangelium
950 1277 1073 1353 ipse
1119 1297 1390 1352 spargere
1434 1297 1622 1335 suum.
1680 1277 1849 1334 Unde
1893 1278 2003 1335 hoc
2048 1297 2273 1355 quoque
2312 1277 2623 1350 evincitur,
2684 1277 2856 1355 quod,
2894 1277 3001 1334 etsi

517 1401 636 1438 non
681 1385 767 1439 est
813 1381 964 1440 forte
1013 1381 1260 1439 maximi
1308 1382 1618 1452 momenti,
1668 1383 1739 1439 ad
1794 1387 2054 1440 nostram
2092 1387 2247 1439 certe
2301 1401 2425 1439 rem
2480 1402 2599 1440 non
2652 1386 2737 1439 est
2788 1380 2999 1438 nihili:

519 1485 818 1543 Christum
849 1485 1038 1560 Regni
1086 1485 1279 1545 divini
1327 1487 1623 1556 nuntium,
1676 1492 1746 1544 ut
1791 1486 2114 1563 plurimum
2162 1489 2384 1544 versari
2417 1487 2482 1542 in
2513 1485 2823 1562 provincia
2852 1485 3002 1560 gali-

517 1591 667 1648 laica
682 1613 696 1661 3
729 1609 851 1648 una
880 1590 1145 1648 omnium
1175 1591 1494 1650 Palaestini
1525 1591 1656 1665 agri
1688 1597 2025 1650 exterorum
2056 1591 2397 1649 commercio
2444 1592 2515 1648 ab
2555 1590 2697 1648 olim
2726 1591 2999 1668 frequen-

517 1696 743 1754 tissima
765 1693 800 1753 ¹.
865 1695 929 1753 Si
959 1698 1319 1772 propositum
1351 1697 1402 1753 ei
1435 1696 1661 1768 fuisset,
1710 1697 1783 1754 ab
1816 1701 2152 1753 exterorum
2198 1697 2357 1753 omni
2390 1696 2681 1753 abstinere
2711 1694 3001 1752 consortio

517 1804 576 1858 et
618 1802 782 1858 intra
823 1800 969 1858 fines
1013 1799 1200 1858 solum
1232 1801 1434 1876 populi
1484 1800 1652 1859 electi
1701 1803 1962 1858 muneris
1992 1801 2270 1858 Messiani
2321 1804 2513 1876 partes
2556 1819 2788 1875 ponere,
2838 1798 2997 1856 Gali-

515 1905 706 1964 laeam
735 1924 868 1963 cum
899 1907 1105 1982 primis
1135 1907 1526 1983 superiorem;
1577 1926 1696 1964 non
1727 1911 1847 1963 tam
1895 1906 2303 1984 frequentibus
2350 1905 2621 1963 coluisset
2667 1905 2999 1963 itineribus

519 2011 724 2068 Altera
775 2030 949 2070 causa
1009 2011 1392 2087 repetitorum
1444 2012 1553 2069 hoc
1604 2011 1881 2087 temporis
1932 2012 2122 2086 spatio
2178 2011 2461 2068 itinerum
2514 2013 2665 2069 iuste
2716 2011 2999 2068 habetur:

515 2116 667 2193 quod
697 2116 996 2193 frequenti
1044 2116 1367 2174 mutatione
1397 2116 1508 2175 loci
1549 2116 1831 2191 impedire
1872 2116 2085 2187 vellet3
2143 2135 2217 2173 ne
2260 2117 2332 2174 ad
2362 2134 2421 2172 se
2452 2134 2763 2174 concursus
2792 2114 3004 2182 fierent

515 2221 822 2278 hominum
853 2223 1058 2294 iugum
1089 2221 1486 2278 Romanorum
1531 2221 1734 2299 inique
1775 2220 2112 2292 ferentium,
2165 2220 2363 2298 quales
2409 2224 2580 2277 erant
2626 2219 2905 2295 permulti
2938 2221 3004 2276 in

515 2325 554 2382 J
555 2326 757 2396 udaea,
791 2328 896 2382 aut
926 2327 1120 2401 potius
1152 2326 1414 2404 plerique
1444 2345 1643 2383 omnes
1673 2325 1711 2382 J
1712 2326 1901 2397 udaei,
1937 2326 2040 2403 qui
2070 2325 2241 2384 facile
2272 2345 2336 2383 eo
2368 2325 2558 2383 invito
2590 2327 2781 2381 motus
2812 2323 3003 2381 conci-

517 2435 750 2488 tassent.
829 2430 996 2493 Quod
1048 2450 1225 2510 quam
1276 2432 1549 2489 futurum
1600 2431 1808 2488 fuisset
1864 2429 2112 2489 noxium
2172 2429 2433 2488 nascenti
2497 2429 2819 2501 Ecclesiae,
2882 2447 3003 2486 non

515 2537 730 2593 attinet
758 2535 1028 2611 pluribus
1059 2536 1269 2594 dicere.

722 2644 818 2698 38.
865 2642 1161 2698 Stabilitur
1207 2659 1388 2697 annus
1416 2643 1606 2696 mortis
1646 2643 1721 2696 D.
1754 2643 1825 2695 N.
1858 2642 1912 2696 J.
1954 2640 2013 2695 0.
2060 2641 2351 2716 Superest,
2400 2644 2469 2698 ut
2508 2641 2581 2697 ad
2626 2658 2761 2696 eum
2808 2659 3004 2710 usum,

516 2745 808 2823 finemque
824 2791 839 2819 ,
889 2747 1054 2802 cuius
1099 2746 1292 2820 gratia
1344 2746 1641 2821 disputata
1681 2750 1820 2803 sunt
1862 2747 2179 2822 superiora,
2229 2745 2426 2803 omnia
2467 2747 2834 2803 revocentur.
2851 2757 2865 2767 ·
2897 2745 3011 2802 Est

517 2856 714 2909 autem
757 2850 807 2908 is
853 2849 1254 2926 potissimum3
1304 2855 1372 2908 ut
1415 2869 1625 2908 verum
1668 2870 1742 2908 ex
1772 2849 1831 2908 S.
1866 2850 1923 2910 S.
1957 2849 2307 2908 auctoritate
2336 2849 2629 2908 Passionis
2660 2849 3009 2907 Dominicae

517 2963 746 3030 tempus
775 2958 1088 3014 statuatur.
1141 2955 1344 3012 Omnis
1373 2974 1521 3033 quae
1552 2956 1622 3012 de
1654 2955 1853 3034 aliqua
1882 2975 1945 3012 re
1975 2954 2381 3029 chronologica
2422 2955 2761 3012 instituitur
2801 2955 3008 3030 dispu-

519 3059 682 3130 tatio,
703 3064 773 3117 ut
793 3078 960 3134 saepe
980 3060 1098 3116 iam
1123 3059 1398 3130 diximus,
1423 3060 1598 3118 certis
1621 3079 1696 3117 ex
1715 3060 1886 3117 rebus
1909 3059 2263 3137 minimeque
2282 3060 2477 3116 dubiis
2492 3059 2662 3116 debet
2684 3058 3007 3133 proficisci;

517 3184 664 3242 quae
694 3169 801 3222 aut
827 3183 932 3240 per
954 3183 1072 3221 sese
1096 3164 1254 3239 ipsae
1286 3184 1459 3223 verae
1489 3165 1626 3235 sint,
1662 3170 1766 3222 aut
1796 3166 1952 3222 inter
1981 3183 2091 3234 eos,
2125 3163 2227 3242 qui
2260 3165 2578 3239 disputant,
2614 3183 2719 3239 pro
2748 3164 2909 3222 veris
2940 3183 3013 3222 ac

515 3268 786 3326 confessis
817 3269 1162 3326 habeantur.
1215 3268 1602 3332 Quamobrem
1628 3269 1729 3346 qui
1761 3288 1968 3327 verum
1993 3269 2283 3326 Passionis
2316 3287 2537 3326 annum
2569 3269 2849 3342 indagare
2880 3275 3009 3326 stu-

517 3375 674 3445 dent,
702 3372 994 3448 imprimis
1014 3393 1100 3445 ea,
1127 3393 1377 3452 quorum
1407 3379 1565 3432 certa
1585 3373 1665 3432 sit
1681 3373 1841 3444 fides,
1870 3374 2082 3448 eligere
2099 3374 2313 3431 debent
2335 3391 2403 3430 ac
2424 3373 2859 3448 principiorum
2882 3373 3011 3432 loco

515 3498 747 3553 ponere.
809 3481 899 3536 Ac
937 3484 1077 3536 sunt
1113 3478 1419 3550 nonnulla,
1470 3479 1540 3536 de
1585 3478 1800 3557 quibus
1838 3478 2151 3554 interpreti
2183 3478 2505 3536 christiano
2537 3479 2809 3536 dubitare
2839 3479 3010 3537 nefas

517 3583 756 3641 omnino
801 3583 1093 3641 videatur.
1155 3583 1495 3642 Cuiusmodi
1538 3583 1655 3642 ista
1702 3588 1875 3641 sunt:
1932 3583 2302 3640 Christum
2352 3602 2639 3659 passum
2684 3603 2837 3642 esse
2878 3585 3010 3642 sub

515 3687 773 3745 Pontio
803 3686 1074 3758 Pilato,
1123 3707 1160 3745 a
1189 3707 1320 3765 quo
1350 3689 1727 3746 damnatus
1774 3693 1881 3746 est
1924 3687 2157 3758 cruci3
2208 3692 2357 3746 tum
2396 3707 2567 3746 vero
2614 3707 3011 3763 parasceve

513 3792 804 3850 sabbati
850 3793 997 3850 sive
1043 3791 1233 3850 feria
1277 3796 1486 3850 sexta
1531 3793 1714 3850 hanc
1757 3792 2219 3850 salutiferam
2250 3797 2545 3850 mortem
2576 3789 3007 3851 accidisse2.

517 3897 886 3973 Quapropter
916 3896 1237 3955 Salvatoris
1267 3896 1623 3955 divinissimi
1655 3916 1828 3968 mors,
1875 3917 1995 3956 non
2041 3898 2259 3972 poterit
2303 3898 2369 3954 in
2398 3895 2574 3954 illum
2604 3917 2827 3955 annum
2858 3899 3011 3957 inci-

515 4003 669 4074 dere,
695 4021 810 4080 quo
827 4006 1075 4060 cesserat
1088 4001 1125 4059 J
1127 4002 1312 4060 udaea
1324 4001 1551 4060 Pilatus
1575 4003 1917 4060 deturbatus
1940 4022 2045 4060 sua
2068 4002 2389 4076 dignitate3
2417 4003 2570 4080 quod
2596 4002 2850 4077 contigit
2872 4008 3012 4062 ante

517 4112 764 4164 mortem
793 4106 1042 4178 Tiberii3
1076 4107 1138 4164 id
1171 4111 1260 4164 est
1291 4111 1460 4164 ante
1490 4126 1760 4165 annum
1793 4106 2245 4164 tricesimum
2276 4111 2345 4164 et
2370 4108 2763 4182 septimum
2794 4127 3013 4166 aerae

515 4211 882 4285 Vulgaris.
948 4212 1166 4270 Verum
1199 4211 1555 4269 luculentius
1605 4212 2034 4286 exponendum,
2083 4211 2314 4288 quando
2358 4217 2419 4269 et
2462 4213 2749 4289 quomodo
2779 4212 3015 4270 Pilatus

725 4489 764 4552 ¹)
803 4489 867 4540 V.
893 4490 1015 4539 Not.
1042 4489 1104 4539 T.
1131 4505 1172 4540 s.
1199 4505 1378 4555 geogr.
1403 4506 1456 4555 p.
1482 4490 1728 4540 XLVIII.
1766 4489 1809 4556 ²)
1846 4491 1921 4541 Ut
1956 4489 2119 4540 habet
2156 4490 2316 4540 etiam
2341 4489 2577 4552 Tacitus,
2614 4489 2807 4540 Annal.
2832 4490 2867 4540 l.
2893 4491 3011 4554 XV,

518 4577 600 4628 44.
669 4576 902 4636 „Auctor
935 4577 1164 4627 nominis
1203 4577 1316 4626 eius
1356 4575 1623 4638 Christus,
1662 4577 1878 4627 Tiberio
1925 4577 2261 4643 imperitante
2298 4593 2394 4643 per
2428 4577 2833 4627 Procuratorem
2870 4577 3009 4628 Pon-

519 4663 648 4713 tium
687 4661 915 4712 Pilatum
957 4663 1218 4728 supplicio
1257 4662 1478 4712 affectus
1516 4667 1679 4712 erat.“
1718 4663 1787 4724 ΙΙ,
1829 4665 1942 4714 147.
