3267 5259
643 394 767 457 108
1312 405 1429 447 nist.
1460 406 1566 448 nov.
1596 405 1685 447 aiv.
1715 404 1770 447 u.
1799 406 1848 446 Τ.
1880 404 2046 448 renos.
2077 406 2114 447 1.
2133 417 2227 457 cap.
2249 405 2452 446 alterum.

846 562 1324 627 Institutionem
1373 561 1438 627 S.
1474 562 1539 627 S.
1572 561 2024 627 Eucharistiae
2071 572 2300 627 secuta
2343 570 2444 627 est
2489 584 2700 627 coena
2745 564 3114 642 communiti,

638 678 707 743 in
750 698 883 763 qua
926 675 969 740 J
974 698 1121 741 esus
1166 677 1343 741 visus
1391 684 1489 741 est
1532 677 1749 739 animo
1799 677 2230 757 commoveri,
2277 676 2643 760 iterumque
2699 684 2974 741 testatus
3029 688 3116 741 est

638 788 991 876 Apostolis,
1032 812 1101 853 se
1134 788 1218 854 ab
1266 787 1519 854 illorum
1565 811 1696 854 uno
1747 812 1890 853 esse
1938 788 2370 875 prodendum.
2443 788 2848 854 Nesciebant
2889 799 3115 873 tamen,

641 925 789 968 cum
836 912 1057 967 essent
1100 901 1469 984 duodecim,
1520 924 1868 986 quemnam
1917 900 2308 985 designaret.
2385 900 2533 981 Quo
2565 905 2814 985 nuntiO,
2859 902 2948 966 ad
2987 925 3112 967 rem

636 1015 972 1100 indignam
1020 1016 1451 1080 consternatis
1497 1014 1818 1097 omnibus,
1865 1013 2264 1100 singulisque
2299 1013 2382 1078 de
2414 1036 2484 1078 se
2517 1014 2804 1079 sollicitis
2837 1024 2904 1079 et
2945 1016 3115 1079 inno·

640 1130 893 1193 centiae
954 1129 1392 1193 testimonium
1440 1150 1480 1191 a
1523 1128 1832 1212 magistro
1893 1126 2347 1212 poscentibus3
2405 1149 2554 1191 cum
2609 1150 2837 1192 eorum
2895 1138 3112 1213 rogatu

642 1240 933 1307 Christus
976 1239 1390 1305 nihilominus
1426 1239 1830 1327 proditorem
1873 1242 2212 1305 nominare
2259 1240 2572 1305 noluisset
2593 1244 2633 1324 ¹,
2699 1242 2970 1321 PetruS,
3017 1242 3109 1326 qui

637 1354 957 1439 iniquiore
1024 1375 1221 1438 quam
1290 1354 1489 1418 ceteri
1558 1354 1774 1417 animo
1845 1351 2202 1417 Salvatoris
2269 1354 2534 1417 iniurias
2603 1353 2776 1417 ferre
2853 1352 3111 1434 solebat,

638 1466 925 1532 Joanni²
980 1476 1143 1530 nutu
1175 1489 1291 1531 suo
1326 1466 1731 1551 significavit,
1763 1475 1836 1531 ut
1866 1488 1950 1529 ex
1999 1465 2276 1549 Christe,
2321 1468 2463 1552 quis
2495 1466 2670 1530 illum
2711 1475 2886 1530 esset
2929 1466 3110 1531 tradi-

636 1589 839 1663 turuS,
886 1588 1139 1644 secreto
1188 1589 1552 1666 quaereret.
1616 1578 1950 1644 Intellexit
1989 1578 2284 1645 Joannes
2313 1579 2601 1643 Petrum.
2661 1578 2872 1663 Igitur
2915 1580 3112 1643 statim

637 1694 1019 1779 magistrum
1086 1693 1556 1777 interrogavit³
1623 1691 1706 1757 de
1773 1692 2052 1757 scelesto
2116 1692 2258 1775 illo,
2322 1714 2514 1777 quem
2575 1692 2774 1758 Jesus
2833 1691 3000 1757 dixit
3053 1714 3111 1755 se

636 1806 1041 1871 traditurum.
1120 1804 1413 1870 Christus
1460 1808 1652 1869 eum4
1697 1804 1944 1869 indicat
1993 1805 2234 1870 Joanni
2253 1854 2270 1888 ,
2317 1806 2586 1870 intincto
2646 1827 2821 1891 pane
2842 1808 2867 1847 ⁵
2913 1804 3110 1869 Judae

636 1919 935 2007 praebito
954 1969 971 2001 ,
1020 1940 1151 2004 qua
1203 1916 1504 1983 buccella
1550 1928 1828 2004 accepta
1870 1917 2078 1982 Judas
2137 1920 2563 2003 interrogavit
2615 1916 2956 2003 ,numquid
3003 1940 3110 2002 ego

638 2031 851 2097 sum?‘
915 2034 1018 2097 cui
1066 2030 1357 2096 Christus
1418 2040 1511 2113 ,tu
1557 2029 1819 2095 dixisti!
1893 2030 2044 2095 Non
2089 2030 2339 2096 latebat
2380 2030 2610 2095 Jesum
2654 2030 2872 2095 Judae
2925 2031 3113 2117 pessi-

637 2168 815 2209 mum
870 2146 1311 2231 propositum,
1358 2143 1507 2208 ideo
1556 2142 1735 2208 addit
1783 2143 1984 2229 ,quod
2045 2144 2227 2227 facis,
2274 2142 2382 2207 fac
2444 2146 2616 2207 cito!
2689 2143 2812 2207 His
2869 2142 3111 2223 auditis,

637 2256 847 2323 Judas
896 2280 1044 2322 eum
1091 2254 1303 2321 scelus
1349 2278 1538 2321 suum
1586 2266 1992 2343 compertum
2041 2255 2313 2338 videret,
2346 2254 2466 2319 sub
2513 2257 2764 2321 initium
2809 2258 3040 2337 noetiS,
3081 2277 3110 2317 e

636 2394 865 2437 mensa
918 2392 1192 2456 surgens
1242 2371 1399 2434 exiit
1447 2370 1625 2434 foras
1649 2372 1690 2433 ⁰.
1767 2370 2052 2454 Egresso
2099 2369 2278 2434 Juda
2323 2392 2472 2433 cum
2519 2368 2816 2433 Christus
2865 2378 3112 2454 tempus

636 2484 885 2570 gloriae
916 2506 1072 2549 suae
1104 2485 1232 2548 iam
1279 2484 1519 2547 instare
1568 2481 1818 2546 diceret
1838 2486 1879 2565 ⁷,
1927 2482 2191 2547 Domini
2232 2481 2438 2547 verba
2481 2484 2744 2547 minime
2793 2484 3115 2568 capientes

636 2597 968 2684 Apostoli,
1032 2597 1115 2662 de
1177 2598 1462 2683 primatu
1524 2598 1694 2660 inter
1747 2619 1818 2660 se
1877 2595 2276 2661 contendere
2335 2607 2728 2682 coeperunt3
2797 2594 2916 2659 sed
2981 2616 3112 2657 eam

636 2710 1056 2775 ambitionem
1112 2710 1451 2795 proposita
1504 2731 1623 2773 sua
1684 2708 2044 2773 humilitate
2065 2712 2090 2751 8
2146 2711 2462 2791 coercuit,
2519 2730 2809 2794 moxque
2863 2707 2946 2772 de
3005 2728 3109 2771 suo

637 2822 929 2887 discessu
971 2821 1226 2887 locutus
1246 2825 1289 2905 ⁰,
1338 2822 1430 2886 eis
1476 2830 1742 2886 mutuae
1791 2819 2154 2886 dilectionis
2201 2821 2582 2887 mandatum
2627 2822 2938 2903 iniunxit3
2993 2841 3109 2905 quo
3194 2884 3195 2911 Τ

636 2936 1040 3021 potissimum
1094 2933 1333 2999 indicio
1384 2933 1720 3020 cupiebat,
1777 2944 1850 2999 ut
1903 2942 2214 3019 tanquam
2277 2938 2374 2999 sui
2431 2933 2728 3020 discipuli
2788 2932 3110 3019 dignosce·
3194 3022 3195 3025 Ἴ

636 3206 817 3241 eorum
842 3195 896 3241 et
920 3206 1197 3240 commune
1222 3194 1589 3256 argumentum
1614 3190 1926 3240 illustretur.
1978 3190 2134 3252 Quod
2161 3190 2440 3241 eonsilium
2467 3190 2512 3239 si
2541 3189 2943 3249 obtinuerimus,
2969 3186 3112 3237 simul
3194 3216 3195 3223 κ

636 3278 861 3329 fortasse
899 3278 1233 3328 censebimur
1268 3277 1539 3342 symbolas
1576 3277 1867 3327 contulisse
1903 3276 1974 3327 ad
2009 3274 2235 3344 λατρείαν
2272 3276 2432 3327 huius
2469 3276 2832 3342 augustissimi
2865 3273 3111 3339 mysterii.

848 3365 887 3430 ¹)
926 3364 1167 3415 Christus
1206 3366 1297 3430 qui
1333 3364 1657 3430 proditorem
1683 3365 1738 3414 in
1763 3378 1958 3430 genere
1995 3366 2204 3413 notavit
2243 3378 2413 3423 „unus
2449 3366 2736 3430 vestrum“,
2775 3377 2898 3411 cum
2933 3359 3110 3425 singuli
3194 3410 3195 3417 χ

634 3454 1025 3518 interrogarent
1058 3452 1222 3517 paulo
1260 3451 1485 3514 clarius,
1524 3450 1846 3516 significavit
1893 3452 2016 3516 „qui
2061 3452 2276 3517 intingit
2316 3466 2524 3500 mecum
2569 3454 2846 3513 manum“;
2895 3447 2986 3497 sed
3021 3462 3110 3495 nec
3194 3484 3195 3523 1

521 3595 527 3605 ἦ
634 3539 737 3589 hoc
771 3538 970 3589 indicio
1009 3537 1261 3604 colligere
1298 3554 1418 3588 eum
1455 3542 1717 3605 poterant,
1757 3538 1884 3603 quia
1919 3540 1974 3588 in
2011 3552 2207 3603 magna
2242 3552 2441 3598 mensa,
2487 3536 2580 3586 ubi
2615 3536 2870 3586 tredecim
2917 3548 3109 3583 accum-
3194 3582 3195 3609 ἶ

636 3626 851 3687 bebant,
891 3624 1135 3675 diversae
1174 3628 1329 3675 erant
1361 3624 1694 3690 paropsides,
1723 3626 1776 3674 in
1816 3625 2012 3690 quibus
2037 3628 2130 3674 aut
2153 3624 2290 3673 terni
2329 3630 2423 3673 aut
2459 3624 2705 3689 quaterni
2743 3636 2938 3687 panem
2969 3634 3108 3669 suum
3194 3682 3195 3701 1

636 3712 884 3763 solebant
926 3713 1207 3777 intingere.
1269 3712 1309 3777 2)
1347 3712 1451 3774 Qui
1488 3728 1539 3760 u.
1566 3728 1617 3761 ν.
1656 3713 1794 3761 inter
1829 3726 2050 3761 coenam
2089 3709 2438 3760 recumbebat
2471 3711 2526 3759 in
2565 3710 2687 3758 sinu
2722 3708 2882 3771 Jesu,
2919 3712 2970 3757 et
3000 3706 3109 3755 ideo
3194 3782 3195 3785 Ἴ

636 3800 833 3865 optime
870 3799 1037 3848 clam
1072 3813 1331 3864 quaerere
1366 3804 1592 3865 poterat,
1632 3799 1874 3863 quisnam
1899 3797 1990 3847 ille
2014 3798 2170 3848 homo
2207 3797 2446 3846 nefarius
2486 3798 2659 3846 esset?
2715 3794 2757 3857 ³)
2786 3792 3110 3844 Submissiori
3194 3848 3195 3861 ἶ

637 3902 787 3937 voce.
851 3886 893 3951 ⁴)
920 3886 1100 3935 Etiam
1138 3887 1291 3951 quasi
1326 3888 1383 3935 in
1421 3900 1618 3947 aurem,
1657 3887 1735 3935 ita
1771 3889 1829 3934 ut
1864 3885 2055 3949 reliqui
2093 3899 2200 3934 non
2237 3882 2590 3932 adverterent.
2653 3882 2696 3947 ⁵)
2737 3882 2798 3931 V.
2825 3878 3024 3949 ψωμίον,
3046 3878 3110 3926 de
3194 3938 3195 3945 ἵ

637 3974 809 4023 omnis
854 3973 1064 4039 generis
1124 3973 1364 4021 ciborum
1410 3972 1593 4021 frustis
1658 3972 1875 4033 dicitur,
1932 3970 2075 4038 apud
2123 3970 2286 4020 LXX.
2323 3970 2612 4035 respondet
2656 3968 2707 4018 h.
2741 3952 2858 4027 ΰζῐὲ.
2913 3968 2953 4029 ⁶)
2989 3965 3110 4014 Cum
3194 3950 3195 3993 ³

634 4059 725 4109 ille
765 4059 1129 4121 discessisset,
1168 4058 1417 4124 discipuli
1455 4059 1617 4107 ceteri
1654 4058 1936 4107 verborum
1971 4058 2106 4108 Jesu
2143 4072 2355 4107 sensum
2393 4058 2606 4105 minime
2649 4056 2910 4114 assecuti,
2948 4053 3108 4102 existi-
3194 4102 3195 4117 ἢ

634 4152 847 4196 marunt
869 4146 1057 4196 Jesum
1093 4145 1287 4207 Judae,
1315 4146 1405 4210 qui
1430 4160 1708 4194 commune
1739 4146 2003 4194 aerarium
2031 4147 2242 4193 curaret
2275 4143 2576 4203 mandasse,
2615 4149 2676 4191 ut
2710 4146 2908 4191 emeret
2930 4138 3112 4205 quibus
3194 4128 3195 4149 ¹

636 4248 733 4298 per
770 4232 883 4282 dies
920 4233 1085 4283 festos
1122 4248 1257 4298 opus
1294 4236 1451 4294 esset,
1490 4236 1585 4281 aut
1620 4232 1802 4297 egenis
1839 4231 2043 4297 aliquid
2078 4230 2433 4280 distribueret.
2495 4228 2574 4279 Cf.
2603 4228 2819 4293 Rettlig,
2845 4226 2980 4277 Einl.
3004 4225 3033 4272 i.
3059 4222 3110 4269 d.
3194 4280 3195 4289 ἶ

640 4318 873 4370 Abschn.
898 4334 950 4368 V.
976 4319 1026 4368 d.
1051 4318 1280 4369 Verrath
1306 4318 1471 4367 durch
1496 4316 1688 4380 sudas,
1712 4319 1770 4367 in
1797 4318 2028 4379 Wineri,
2054 4333 2106 4367 n.
2131 4317 2212 4366 kr.
2238 4316 2426 4366 Journ.
2457 4317 2608 4365 1827.
2634 4332 2687 4379 p.
2714 4316 2830 4365 385.
2858 4328 2900 4363 s.
2946 4310 3112 4361 Lake·
3194 4360 3195 4383 ἶ

633 4405 962 4467 macheram,
991 4404 1119 4456 Obs.
1158 4405 1284 4471 phil.
1317 4406 1382 4467 V,
1422 4406 1470 4454 5.
1504 4421 1556 4470 p.
1592 4405 1709 4454 246.
1747 4419 1788 4453 s.
1849 4402 1892 4468 ⁷)
1929 4403 2116 4453 Matth.
2154 4406 2238 4465 26,
2277 4404 2360 4453 21.
2393 4418 2435 4451 s.
2485 4402 2652 4451 Marc.
2683 4402 2762 4462 14,
2795 4401 2874 4450 18.
2899 4412 2940 4449 s.
2984 4398 3117 4445 Luc.
3194 4384 3195 4417 3

635 4493 728 4553 22,
756 4494 839 4542 21.
866 4506 908 4541 s.
956 4492 1154 4542 Joann.
1185 4494 1265 4554 13,
1304 4492 1523 4541 16—32.
1585 4490 1627 4557 ⁸)
1665 4491 1770 4551 Qui
1807 4502 2056 4555 praeesse
2093 4489 2213 4539 aliis
2249 4488 2378 4551 vult,
2416 4490 2616 4554 inquit,
2655 4487 2816 4537 debet
2849 4500 2905 4536 se
2937 4498 3112 4550 gerere

638 4576 819 4644 quoad
858 4576 1191 4639 modestiam,
1228 4578 1383 4643 quasi
1416 4578 1668 4626 minimus
1704 4581 1860 4626 esset.
1921 4576 1965 4641 ⁹)
2001 4576 2136 4625 Luc.
2163 4578 2245 4638 22,
2273 4577 2357 4625 24.
2383 4590 2425 4625 s.
2475 4575 2672 4625 Joann.
2701 4576 2782 4637 13,
2813 4574 2894 4624 33.
2919 4587 2956 4621 s.
