3267 5259
941 477 1131 519 Primum
1154 488 1183 517 a
1208 476 1529 527 praedicatione
1556 476 1720 518 christi
1747 474 1928 517 racha.
2591 460 2678 525 43

218 652 381 733 signo
418 650 703 735 quodam
738 650 999 737 probet,
1029 650 1198 715 hanc
1238 650 1361 714 sibi
1400 650 1856 715 auctoritatem
1897 657 2304 735 competere3
2351 658 2424 712 ut
2455 670 2490 711 e
2527 647 2674 713 loco

222 784 381 827 sacro
440 761 582 828 illos
639 765 909 828 eiiceret
963 786 1124 848 quos
1178 761 1556 828 sacerdotes
1611 761 2010 826 admiserant
2032 766 2068 825 ¹.
2145 761 2224 825 In
2279 762 2680 825 auctoritatis

214 873 485 949 indicium
534 874 757 941 adfert
816 899 887 940 se
944 875 1327 961 Corporis
1382 878 1502 940 sui
1554 874 1980 961 Templum,
2025 876 2077 938 si
2119 874 2246 939 hoc
2276 873 2516 939 Judaei
2555 872 2679 937 sol-

218 988 459 1069 vissent,
525 989 701 1052 intra
766 988 1050 1052 triduum
1112 987 1198 1052 ad
1236 990 1457 1051 vitam
1509 996 1970 1053 revocaturum
1989 988 2033 1050 ².
2109 985 2428 1051 Postridie
2491 985 2680 1049 huius

218 1097 503 1184 colloquii,
548 1102 767 1185 prima
813 1122 903 1164 sc.
945 1122 1321 1186 azymorum
1370 1098 1473 1163 die
1522 1099 1818 1164 Christus
1865 1098 2307 1185 compluribus
2352 1082 2679 1163 miraculis

216 1209 499 1275 adstruxit
537 1212 709 1277 haec
739 1212 919 1277 illum
950 1236 1085 1277 non
1112 1214 1345 1298 impari
1374 1221 1699 1298 potestate
1749 1211 1982 1277 fultum
2027 1234 2256 1276 ausum
2288 1211 2506 1295 fuisse,
2552 1232 2678 1275 nec

212 1325 373 1407 pauci
400 1325 463 1387 in
502 1323 687 1389 illum
726 1324 1147 1389 crediderunt
1167 1328 1209 1388 ³.
1245 1324 1428 1405 Quos
1467 1327 1638 1389 inter
1667 1324 1789 1389 fuit
1827 1324 2228 1389 Nicodemus
2247 1327 2292 1407 ⁴,
2329 1326 2438 1409 qui
2478 1331 2672 1387 nocte

214 1437 359 1497 venit
392 1436 473 1500 ad
518 1436 777 1521 Jesum,
816 1447 889 1501 ut
926 1438 1093 1502 illius
1134 1437 1432 1502 doctrina
1474 1435 1895 1502 imbueretur.
1944 1436 2238 1502 Christus
2284 1435 2678 1521 colloquium

214 1569 333 1610 eum
370 1570 443 1613 eo
482 1552 765 1615 instituit
807 1549 889 1614 de
928 1552 1441 1637 regenerationis
1484 1552 1790 1637 mysterio
1815 1554 1840 1592 ⁵
1883 1572 2004 1636 per
2047 1549 2476 1637 baptismum3
2523 1550 2678 1612 item

389 1786 425 1849 ¹)
461 1786 525 1835 In
580 1790 703 1853 ipso
764 1787 978 1853 quidem
1024 1786 1219 1838 Christi
1254 1788 1398 1837 facto
1442 1789 1632 1852 ingens
1671 1800 1800 1837 sane
1843 1787 2160 1837 miraculum
2195 1787 2319 1850 fuit,
2358 1804 2476 1837 cum
2516 1802 2682 1838 avara

210 1872 651 1923 numulariorum
710 1878 765 1923 et
828 1874 1162 1924 venditorum
1216 1874 1482 1940 pecudum
1542 1872 1733 1923 cohors
1787 1872 2010 1939 pellenti
2061 1890 2171 1923 non
2225 1876 2488 1925 restiterit.
2559 1875 2680 1924 Hoc

213 1957 455 2009 advertere
490 1962 601 2009 iam
643 1958 933 2027 Origenes,
966 1962 1021 2010 in
1054 1961 1252 2011 Joann.
1280 1976 1467 2011 comm.
1492 1961 1567 2024 X,
1608 1962 1692 2009 19.
1722 1960 1774 2022 1,
1801 1962 1918 2011 338.
1957 1966 2119 2026 atque
2155 1977 2196 2011 s.
2223 1961 2597 2027 Hieronymus,
2623 1964 2679 2011 in

210 2042 367 2095 naith.
392 2048 473 2108 21,
503 2050 585 2097 15.
624 2048 752 2111 VII,
783 2050 898 2098 163.
932 2064 1065 2114 quos
1102 2048 1279 2114 legere
1314 2048 1511 2113 volupe
1550 2053 1647 2098 est.
1673 2047 1892 2097 Interim
1924 2049 2054 2097 satis
2075 2049 2174 2097 erit
2203 2049 2505 2111 observare,
2540 2048 2680 2099 hanc

208 2134 397 2196 primam
432 2136 756 2186 eiectionem
788 2136 975 2186 sedulo
1010 2136 1415 2187 discernendam
1446 2150 1566 2185 esse
1597 2149 1632 2185 a
1661 2135 1914 2196 secunda,
1949 2150 2108 2200 quam
2139 2135 2376 2185 referunt
2407 2134 2680 2201 Synoptici

208 2216 367 2269 11011-11.
402 2223 483 2283 21,
526 2224 613 2271 10.
662 2238 707 2272 s.
740 2222 841 2271 Mr.
879 2225 961 2285 11,
998 2224 1081 2274 11.
1128 2222 1263 2271 Luc.
1302 2224 1383 2283 19,
1418 2223 1501 2271 45.
1548 2227 1674 2271 ante
1723 2221 1964 2271 ultimum
1998 2221 2234 2284 Pascha,
2275 2237 2414 2287 quae
2461 2223 2682 2287 contigit

205 2307 349 2369 prima
364 2306 447 2357 die
465 2309 750 2373 ingressus
767 2308 1169 2374 Hierosolymas
1190 2308 1311 2359 coll.
1330 2307 1569 2359 Matth.1.
1590 2324 1635 2357 c.
1656 2324 1704 2359 v.
1730 2311 1811 2358 15.
1829 2308 2011 2358 Verba
2027 2309 2226 2359 Joann.
2246 2311 2294 2371 2,
2322 2310 2401 2359 19.
2424 2324 2560 2375 quae
2581 2308 2682 2359 soli

208 2390 451 2460 Synoptici
488 2401 543 2445 et
580 2398 641 2446 in
668 2398 1013 2447 accusatione
1052 2396 1247 2447 Christi
1283 2401 1605 2447 momentum
1643 2396 1912 2457 habuisse,
1951 2400 2005 2445 et
2039 2396 2291 2462 pendenti
2335 2397 2392 2445 in
2429 2412 2586 2445 cruce
2623 2398 2680 2445 in

205 2482 517 2545 opprobrium
564 2497 733 2532 versa
781 2498 899 2533 esse
948 2482 1191 2545 tradunt,
1230 2499 1339 2533 11011
1382 2484 1784 2548 praeteriissent
1827 2487 1934 2533 tres
1980 2484 2208 2547 priores,
2247 2484 2293 2533 si
2338 2482 2406 2532 ad
2454 2482 2678 2531 eandem

204 2581 297 2615 rem
318 2574 671 2633 spectassent.
734 2568 777 2634 ²)
815 2570 1013 2619 Joann.
1041 2572 1090 2632 2,
1121 2571 1340 2621 14—21.
1392 2570 1632 2620 Christus
1661 2570 1726 2619 de
1752 2576 1919 2619 morte
1947 2576 2000 2619 et
2024 2572 2412 2621 resurrectione
2442 2570 2679 2635 corporis

204 2654 293 2713 sui,
336 2656 389 2703 in
436 2672 545 2721 qno
598 2672 705 2705 ceu
752 2658 809 2705 in
862 2656 1084 2723 Templo
1138 2658 1405 2707 Divinitas
1459 2656 1742 2706 habitabat
1795 2656 2007 2706 loeutus
2061 2656 2250 2705 fuerat.
2327 2656 2406 2705 Of.
2447 2656 2683 2718 Cramer,

201 2742 523 2793 animadvers.
548 2744 609 2793 in
634 2744 741 2793 loc.
765 2744 963 2794 Joann.
988 2746 1038 2806 2,
1069 2746 1149 2794 19.
1178 2761 1220 2794 s.
1250 2746 1305 2793 in
1329 2745 1471 2793 Pott.
1507 2748 1561 2793 et
1591 2744 1831 2808 Ruperti,
1869 2744 1999 2808 Syll.
2036 2744 2160 2794 diss.
2198 2743 2420 2793 Helmst.
2451 2744 2600 2793 1800.
2639 2741 2668 2790 1

202 2826 269 2875 23.
290 2845 327 2877 s.
384 2830 425 2893 ³)
462 2830 671 2881 Joann.
698 2832 747 2892 2,
776 2832 999 2880 22-25.
1036 2830 1079 2896 ⁴¹)
1115 2830 1174 2880 C.
1198 2831 1249 2880 J.
1276 2846 1382 2880 van
1416 2831 1615 2893 Assen,
1640 2830 1766 2880 diss.
1793 2830 1859 2879 de
1896 2830 2164 2895 colloquio
2199 2828 2334 2879 Jesu
2359 2846 2478 2879 cum
2511 2830 2670 2879 Nico-

200 2912 343 2963 demo.
384 2916 579 2982 Hagae
618 2915 823 2965 Comm.
852 2919 1003 2967 1830.
1028 2934 1079 2982 p.
1110 2920 1155 2966 1.
1182 2934 1223 2967 s.
1257 2933 1448 2966 nomen
1474 2918 1746 2983 proprium
1771 2912 2062 2984 Νικόδημος,
2089 2916 2209 2966 0011.
2238 2921 2366 2965 orat.
2394 2916 2671 2966 Aeschinis

198 2998 245 3046 in
282 3001 623 3051 Timarchum
670 3018 921 3067 graecum
972 3004 1159 3065 habet,
1198 3005 1368 3053 victor
1416 3003 1598 3069 populi
1645 3005 1678 3052 i.
1717 3020 1767 3068 q.
1803 2999 1942 3064 032⁷?-
1999 3004 2135 3052 Erat
2182 3020 2212 3052 0
2261 3002 2667 3053 Pharisaeorum

200 3092 325 3136 secta
348 3088 567 3139 Christo
592 3090 1088 3152 infensissimorum,
1118 3090 1183 3139 de
1208 3090 1540 3155 principibus
1566 3106 1722 3153 unus,
1749 3104 1974 3155 magnae
1997 3092 2135 3139 inter
2160 3105 2285 3139 suos
2317 3090 2665 3154 reputationis

200 3180 357 3237 utpote
400 3177 667 3241 magister
711 3176 945 3225 Israelis.
1008 3176 1141 3226 Coll.
1178 3176 1375 3225 Joann.
1414 3178 1494 3237 19,
1534 3178 1617 3226 39.
1671 3177 1954 3242 opulentus
2002 3176 2124 3237 fuit,
2176 3176 2318 3241 quod
2366 3176 2665 3225 divitiarum

198 3263 580 3323 possessoribus
614 3260 873 3311 honorem
912 3263 1175 3313 conciliat.
1214 3264 1257 3327 ⁵)
1297 3260 1353 3311 Si
1378 3264 1483 3323 vis,
1532 3264 1704 3329 inquit
1746 3262 1908 3313 Jesus
1953 3264 2149 3312 Joann.
2187 3265 2236 3325 3,
2273 3264 2338 3323 3.,
2383 3261 2672 3311 Nicodeme

202 3360 397 3409 regnum
430 3348 547 3398 Dei
566 3376 635 3384 —
658 3348 803 3412 quod
840 3354 923 3399 est
944 3348 1281 3399 1110010010-
1300 3350 1524 3414 ingredi,
1556 3352 1764 3400 renasci
1803 3354 2012 3414 oportet
2031 3350 2242 3411 „denuo
2281 3342 2514 3398 ἄνωθεν.“
2551 3348 2684 3397 Cum

202 3446 289 3480 vox
330 3449 529 3499 graeca.
578 3434 833 3499 ambigua
867 3435 959 3496 sit,
1006 3436 1061 3485 in
1108 3435 1345 3485 diversas
1392 3440 1571 3501 partes
1618 3435 1685 3485 de
1732 3438 1847 3486 eius
1897 3451 2056 3485 sensu
2103 3436 2306 3484 abeunt
2347 3436 2680 3499 interpretes.

200 3518 355 3583 Aliqui
400 3520 723 3586 desuper,
772 3536 801 3569 e
838 3521 959 3570 loco
1004 3522 1301 3586 superiore,
1350 3522 1517 3583 00010,
1558 3522 1812 3585 coelitus3
1863 3522 1953 3571 alii
2000 3538 2063 3571 ex
2111 3522 2311 3571 rariore
2348 3526 2402 3570 et
2436 3536 2470 3570 a
2505 3520 2684 3570 multis

200 3619 452 3670 ρετ-9010111
490 3613 699 3671 negato
736 3622 855 3667 usu,
883 3606 1095 3656 denuo
1117 3634 1181 3643 --
1204 3624 1323 3656 011111
1360 3607 1511 3672 Syr0,
1539 3608 1788 3673 Vulgata,
1817 3609 1996 3671 Persa,
2033 3608 2210 3657 Arabe
2248 3614 2302 3657 et
2335 3608 2594 3673 Aethiope
2613 3634 2682 3643 —

198 3699 461 3743 verterunt.
526 3693 605 3742 Et
650 3692 707 3742 id
755 3692 967 3758 quidem
1014 3698 1182 3755 recte,
1220 3708 1345 3743 nam
1390 3696 1481 3759 qui
1529 3694 1814 3761 desuper
1857 3696 2120 3756 nascitur,
2155 3697 2264 3744 iam
2286 3694 2464 3765 ⁴semel
2506 3700 2682 3756 natus,

200 3774 385 3829 (1011110
428 3781 695 3829 nascitur.
753 3778 833 3828 Cf.
868 3780 1099 3845 Lampe,
1136 3780 1260 3829 diss.
1296 3785 1434 3845 synt.
1471 3781 1569 3829 111.
1605 3798 1656 3847 p.
1692 3783 1776 3830 44.
1813 3798 1854 3831 s.
1904 3782 2235 3847 Knappium,
2272 3782 2470 3831 Comm.
2505 3782 2597 3829 VI.
2630 3798 2684 3845 p.

202 3864 299 3913 181.
334 3882 374 3915 s.
426 3866 486 3917 C.
532 3865 823 3927 Loehlein‚
864 3882 1051 3915 comm.
1090 3866 1155 3915 de
1199 3866 1469 3932 colloquio
1508 3866 1774 3917 Christum
1818 3869 1956 3916 inter
2002 3872 2056 3916 et
2089 3868 2438 3918 Nicodemum
2483 3867 2684 3917 habito,

200 3947 391 4014 Biponti
430 3954 590 4003 1836.
630 3969 682 4017 p.
718 3953 769 4001 3.
820 3952 1085 4014 Quoniam
1128 3954 1297 4003 verba
1343 3956 1532 4003 summi
1578 3952 1812 4003 doctoris
1857 3970 1964 4003 non
2010 3954 2345 4003 intellexerat
2391 3954 2686 4017 discipulus

200 4042 495 4101 nocturnus,
537 4038 739 4087 clarius
774 4054 885 4087 rem
923 4040 1141 4104 exponit
1178 4038 1419 4089 Christus
1454 4056 1504 4089 v.
1532 4042 1580 4089 5.
1618 4056 1680 4101 s.,
1719 4044 1772 4090 et
1809 4040 1876 4091 de
1913 4056 2020 4106 qua
2055 4042 2398 4106 generatione
2434 4040 2687 4105 loquatur

198 4126 364 4186 aperit.
412 4126 541 4175 Non
573 4125 786 4191 loquor,
815 4126 904 4187 ait,
938 4124 1005 4174 (10
1042 4127 1322 4175 nativitate
1359 4127 1580 4188 carnali,
1615 4142 1724 4193 qua
1753 4127 1910 4176 homo
1949 4143 2013 4176 ex
2051 4133 2236 4177 ventre
2274 4128 2440 4176 oritur
2475 4127 2684 4191 matris3

198 4206 295 4257 fieri
328 4214 467 4261 0111111
506 4228 616 4261 11011
654 4208 850 4277 potest,
875 4216 935 4260 ut
964 4211 1067 4261 hac
1104 4214 1447 4275 generatione
1481 4212 1640 4263 homo
1675 4216 1780 4263 iam
1819 4216 2028 4278 genitus
2067 4214 2240 4263 denuo
2279 4218 2546 4263 nascatur.
2601 4213 2687 4263 De

198 4296 458 4347 nativitate
496 4298 607 4347 dixi
644 4297 938 4364 spirituali,
978 4312 1087 4363 qua
1134 4297 1291 4347 homo
1330 4314 1395 4348 ex
1442 4314 1585 4364 aqua
1620 4301 1676 4348 in
1713 4300 2002 4365 baptism0,
2042 4305 2096 4348 et
2141 4316 2204 4348 ex
2251 4298 2449 4365 Spiritu
2487 4298 2686 4349 Sancto

198 4386 493 4435 renascitur.
566 4386 635 4435 In
684 4384 952 4449 baptismo
1001 4386 1302 4434 renascitur
1354 4385 1539 4448 homo,
1588 4385 1753 4452 fitque
1808 4387 1912 4436 Dei
1961 4385 2128 4447 filius,
2178 4401 2287 4435 non
2339 4386 2544 4435 carnali
2591 4386 2688 4436 sed

200 4470 443 4532 spirituali
496 4472 866 4536 generatione.
941 4469 1077 4519 Coll.
1124 4471 1322 4521 Joann.
1360 4474 1415 4543 1,
1469 4474 1549 4522 12.
1608 4474 1688 4523 13.
1761 4472 1918 4523 Unde
1980 4488 2045 4521 ex
2103 4472 2342 4538 proxime
2403 4472 2685 4523 elucidatis

200 4556 357 4607 verbis
392 4564 535 4607 recte
574 4557 847 4621 colligunt
884 4572 1063 4605 omnes
1102 4574 1142 4608 s.
1171 4574 1213 4606 s.
1238 4558 1426 4608 Patres
1464 4564 1519 4607 et
1554 4558 1825 4620 doctores,
1863 4574 1963 4607 nec
2009 4574 2116 4609 non
2168 4557 2410 4608 Concilia
2445 4586 2510 4594 —
2549 4560 2687 4607 inter

200 4656 324 4705 quae
372 4660 531 4694 unum
586 4642 853 4695 laudetur
902 4642 957 4691 C.
996 4642 1365 4693 Tridentinum
1404 4643 1544 4694 Sess.
1586 4644 1704 4693 VII.
1745 4644 1811 4694 de
1851 4644 1996 4710 bapt.
2035 4661 2078 4694 0.
2119 4648 2166 4694 5.
2229 4642 2444 4709 „Siquis
2499 4644 2689 4694 dixerit
