3267 5259
549 418 730 467 XVIII
1339 432 1588 474 Protheoria
1614 432 1661 472 in
1690 431 1806 472 nist.
1838 433 1942 472 Rev.
1972 432 2072 472 niv.
2104 433 2156 472 n.
2190 432 2240 473 r.

549 606 583 658 l.
618 607 652 658 l.
699 607 770 670 11,
803 607 901 656 111.
951 612 1004 657 et
1037 607 1129 658 IV.
1179 607 1522 658 difficultates
1567 608 1821 672 plurimas
1870 623 1967 673 per
2012 623 2220 657 omnem
2265 607 2683 672 Evangeliorum
2732 611 3047 657 contextum

550 710 647 759 pro
685 710 781 744 suo
819 695 1019 758 ingenii
1057 677 1300 744 acumine
1337 695 1657 744 enucleavit.
1708 693 1844 744 Sunt
1878 711 2005 744 vero
2044 694 2099 742 hi
2134 694 2286 742 Libri
2312 693 2577 743 -iudice
2615 695 2685 744 H.
2711 695 2776 744 N.
2805 693 3047 744 Clausen

549 781 665 829 viro
703 780 1002 830 acatholico
1039 782 1095 830 in
1133 797 1218 846 op.
1254 781 1316 830 A.
1354 782 1687 846 Augustinus
1724 782 1886 847 Hipp.
1926 780 1978 830 S.
2014 779 2066 830 S.
2104 782 2381 846 interpres.
2426 781 2605 830 Havn.
2644 783 2793 831 1827.
2833 798 2886 846 p.
2926 783 3049 830 112.

551 895 618 902 -
653 869 728 916 ita
773 869 1065 932 comparati
1105 873 1196 926 „ut
1231 868 1506 933 praeclaro
1555 869 1795 933 exemplo
1831 867 2162 933 Augustinus
2198 869 2263 917 iis
2301 869 2575 932 praeierit,
2624 869 2716 932 qui
2757 873 2953 932 postea
2990 869 3049 916 in

552 954 850 1003 Harmonia
895 954 1310 1019 Evangeliorum
1359 954 1717 1004 construenda
1764 969 1981 1019 operam
2035 954 2393 1016 collocaruntr,
2450 970 2611 1019 quum
2660 970 2768 1003 non
2816 954 3049 1020 singulis

550 1040 706 1090 modo
743 1040 876 1090 locis
913 1040 1086 1089 lucem
1125 1043 1334 1106 egregie
1373 1041 1633 1100 affuderit,
1671 1057 1853 1090 verum
1892 1041 2149 1106 quosdam
2176 1043 2335 1090 etiam
2358 1039 2678 1090 indicaverit
2713 1039 2865 1102 fines,
2906 1057 3049 1105 quos

551 1126 693 1176 ultra
716 1127 871 1177 labor
894 1127 1105 1193 prodire
1131 1143 1240 1176 non
1265 1127 1487 1177 debeat:
1525 1143 1699 1193 neque
1738 1128 1979 1192 equidem
2019 1129 2145 1190 scio,
2184 1142 2253 1177 an
2280 1143 2345 1176 ex
2370 1127 2477 1176 alio
2502 1127 2613 1176 ullo
2638 1127 2777 1176 libro
2815 1128 3049 1191 insignis

549 1213 834 1278 Augustini
867 1215 922 1262 in
959 1211 1114 1263 nodis
1151 1213 1422 1263 solvendis
1460 1213 1771 1274 dexteritas,
1822 1215 1875 1262 in
1910 1214 2071 1262 rebus
2110 1213 2461 1263 conciliandis
2504 1214 2855 1278 ingeniositas
2892 1212 3047 1262 lucu-

551 1298 744 1349 lentius
781 1303 1088 1365 appareat.“
1151 1301 1235 1349 De
1281 1316 1323 1350 s.
1359 1301 1755 1364 Hieronymo
1804 1304 1959 1349 vetus
1996 1301 2223 1365 scriptor
2261 1315 2295 1349 a
2328 1300 2379 1349 J.
2410 1300 2741 1362 Mabillonio‚
2788 1301 3049 1350 Veterum

555 1390 932 1440 Ana'lectorum
975 1395 1011 1438 t.
1048 1391 1141 1438 IV.
1186 1390 1354 1439 Paris.
1396 1391 1546 1440 1685.
1585 1390 1775 1450 editae,
1822 1389 2106 1454 Evangelii
2148 1389 2495 1438 Harmoniam
2539 1390 2617 1437 ita
2660 1388 3051 1438 conciliatoriis

553 1476 1013 1526 dissertationibus
1043 1457 1361 1538 declaravit,
1399 1481 1460 1525 ut
1494 1477 1710 1526 unicam
1746 1476 1859 1525 fore
1897 1477 2199 1526 arbitretur.
2259 1476 2343 1525 Ex
2379 1476 2699 1541 Hesychii
2742 1476 3045 1541 presbyteri

553 1562 1006 1627 hierosolymitani
1036 1565 1072 1626 †
1099 1565 1217 1613 438.
1257 1559 1541 1630 εὖαγγελικῇ
1581 1558 1826 1630 συμφονίᾳ
1862 1563 2196 1612 doctissimus
2232 1563 2284 1614 J.
2311 1563 2371 1611 B.
2401 1562 2721 1624 Cotelerius,
2760 1563 2816 1611 in
2854 1577 3047 1610 monu-

552 1650 741 1698 mentis
777 1649 1058 1698 Ecclesiae
1097 1663 1324 1714 graecae
1345 1649 1445 1709 ΙΙΙ,
1474 1651 1659 1698 1-53,
1710 1650 1833 1698 Par.
1862 1651 2011 1699 1686.
2052 1665 2171 1698 cum
2196 1650 2442 1698 versione
2466 1663 2567 1698 sua
2592 1652 2646 1697 et
2670 1650 2811 1698 notis
2835 1647 3050 1713 publici

552 1737 680 1784 iuris
725 1736 852 1785 fecit
895 1734 1218 1803 ,,συναγωγήν
1258 1730 1452 1802 ἀπορῶν
1489 1732 1568 1783 καὶ
1602 1731 1863 1796 λύσεων“;
1912 1735 2281 1785 collectionem
2324 1737 2695 1800 quaestionum
2734 1741 3048 1800 excerptam

552 1838 618 1870 ex
650 1822 883 1871 eiusdem
912 1822 1225 1886 evangelica
1250 1822 1616 1882 consonantia,
1653 1835 1759 1886 qua
1783 1821 2005 1870 nonulla
2029 1822 2151 1871 loca
2174 1821 2641 1886 Evangelistarum
2667 1821 3049 1871 conciliantur.

552 1909 704 1969 Quae
751 1910 982 1959 Victor
1037 1925 1119 1974 ep.
1171 1907 1486 1974 Capuanus‚
1542 1922 1686 1958 saec.
1734 1908 1827 1956 VI.
1877 1910 1931 1957 in
1985 1909 2218 1958 editione
2272 1909 2601 1958 Harmoniae
2654 1908 3051 1957 Ammonianae

551 1996 889 2059 praestiterit,
935 1997 1042 2044 iam
1089 2009 1252 2060 supra
1279 1995 1820 2044 commemoravimus.
1881 1993 2099 2044 Erravit
2136 1995 2333 2060 quippe
2372 2011 2490 2044 cum
2525 1994 2673 2043 illam
2713 1995 3053 2044 adscriberet

551 2081 808 2145 Tatian03
849 2082 1056 2132 addidit
1093 2083 1248 2130 etiam
1285 2085 1608 2131 memoratae
1633 2082 1963 2130 Harmoniae
1988 2081 2374 2147 praefationem
2404 2081 2654 2146 aliquam,
2694 2080 2760 2130 de
2788 2096 2899 2146 qua
2936 2097 3049 2130 non

553 2169 744 2218 attinet
779 2167 880 2217 hoc
904 2168 1024 2217 loco
1054 2168 1210 2233 plura
1246 2167 1439 2217 dicere.
1491 2167 1571 2216 Cf.
1596 2167 1947 2230 Lachmanni,
1985 2168 2152 2232 praes.
2178 2169 2234 2218 in
2268 2168 2349 2218 ed.
2376 2169 2439 2217 N.
2466 2168 2529 2217 Τ.
2554 2184 2631 2232 gr.
2656 2168 2693 2216 Ι.
2736 2168 2860 2217 Ber.
2889 2169 3049 2217 1842.

551 2254 593 2315 1,
627 2255 850 2315 XXVII,
887 2253 1136 2304 XXVIII.
1173 2255 1530 2304 Praeterimus
1585 2253 1635 2303 S.
1682 2254 2041 2303 Julianum
2086 2255 2545 2317 Pomerinum,
2597 2271 2680 2319 ep.
2718 2254 3051 2304 Toletanum

550 2343 586 2405 †
610 2343 728 2391 690.
755 2369 820 2376 -
846 2341 896 2389 d.
923 2357 974 2404 q.
999 2341 1034 2390 l.
1075 2341 1137 2390 G.
1167 2339 1421 2402 Crowaei‚
1461 2340 1740 2390 elenchum
1766 2339 2092 2407 Scriptorum
2115 2342 2172 2389 in
2200 2340 2252 2391 S.
2280 2338 2331 2390 S.
2359 2340 2530 2391 Lond.
2561 2343 2711 2390 1672.
2748 2357 2799 2406 p.
2826 2343 2949 2390 244.
2976 2369 3050 2378 -—

551 2428 863 2492 scriptorem
907 2427 978 2477 11.
1018 2427 1053 2476 l.
1100 2421 1483 2494 ,,ἅτικειμένον“,
1533 2428 1588 2476 in
1638 2428 1830 2492 quibus
1880 2429 2220 2492 quaestiones
2266 2427 2558 2492 Utriusque
2608 2428 2937 2477 Testamenti
2986 2429 3050 2477 in

553 2515 782 2578 speciem
819 2518 1118 2578 pugnantes
1157 2515 1540 2564 examinantur.
1591 2513 1693 2562 Ed.
1730 2513 1851 2562 Par.
1893 2515 2042 2564 1530.

757 2603 838 2652 15.
899 2601 1168 2670 Scriptores
1203 2603 1608 2652 Harmonaetamm
1645 2619 1760 2652 aevo
1792 2603 1963 2653 medio.
2025 2600 2156 2651 Post
2190 2617 2274 2651 res
2310 2601 2579 2650 Romanas
2618 2616 2850 2664 eversas,
2898 2603 3045 2651 inse-

553 2693 836 2751 cutamque
879 2685 1197 2746 barbariem,
1243 2687 1506 2736 revocatis
1544 2702 1577 2735 a
1614 2685 1808 2736 Carolo
1846 2685 1917 2736 M.
1956 2686 2121 2737 literis
2162 2687 2465 2736 Otfridus
2502 2688 2795 2738 monachus
2828 2691 2866 2750 †
2900 2689 3045 2748 870„

553 2773 798 2824 coenobii
833 2773 1360 2838 weissenburgensis
1397 2774 1453 2821 in
1487 2772 1695 2822 Alsatia
1731 2771 1793 2821 Ο.
1822 2772 1874 2822 S.
1901 2773 1980 2835 Β.,
2028 2773 2240 2823 Rabani
2277 2773 2450 2823 Mauri
2486 2775 2712 2825 Abbatis
2750 2774 3049 2825 Fuldensis

552 2859 820 2926 quondam
857 2851 1150 2925 discipulus
1179 2887 1240 2894 —
1267 2859 1334 2908 D.
1371 2876 1420 2923 q.
1455 2876 1506 2908 v,
1541 2859 1830 2920 Trithemii‚
1871 2859 1937 2909 de
1974 2861 2153 2924 script.
2187 2860 2318 2910 eccl.
2345 2860 2427 2910 ed.
2452 2861 2614 2910 Fabr.
2640 2878 2692 2911 n.
2719 2863 2837 2911 290.
2876 2879 2928 2926 p.
2960 2863 3047 2911 76.

550 2947 600 2996 ,1.
638 2946 941 3007 Mabilonii,
979 2946 1213 2994 Annales
1253 2945 1316 2996 Ο.
1356 2944 1408 2994 S.
1445 2945 1576 2994 Ben.
1615 2947 1736 2995 Par.
1778 2947 1927 2995 1706.
1975 2945 2070 3008 ΠΙ,
2113 2947 2226 2995 128.
2290 2945 2353 2996 G.
2394 2945 2489 2996 Ch.
2526 2949 2757 3008 Daetrii,
2798 2947 3047 2998 Otfridus

549 3050 618 3084 m.
655 3032 914 3099 Evangel.
946 3035 1223 3098 interpres.
1259 3033 1486 3083 Helmst.
1517 3034 1668 3082 1717.
1717 3033 2054 3096 Bouterwek‚
2092 3035 2147 3082 in
2180 3034 2419 3099 Herzogs
2445 3034 2507 3083 R.
2533 3035 2599 3083 E.
2624 3034 2716 3095 IV,
2744 3036 3045 3084 265-270.

551 3148 618 3156 -
653 3125 820 3169 metro
866 3121 1102 3184 scripsit,
1145 3119 1394 3168 volumen
1437 3119 1855 3184 Evangeliorum
1902 3121 1959 3168 in
2003 3120 2065 3168 V.
2111 3119 2277 3170 libros
2325 3120 2656 3181 distinctum,
2705 3120 2849 3186 quod
2896 3123 3046 3186 typis

552 3207 874 3272 descriptum
911 3206 1170 3271 reperitur
1205 3207 1261 3254 in
1298 3206 1349 3255 J.
1383 3205 1645 3268 Schilteri,
1682 3206 1839 3256 Thes.
1867 3207 1988 3256 Ant.
2014 3211 2215 3257 teuton.
2242 3207 2379 3257 Ulm.
2409 3209 2561 3257 1727.
2587 3213 2623 3257 t.
2649 3208 2708 3270 1.,
2736 3212 2791 3257 et
2814 3223 2853 3256 r.
2880 3208 2947 3256 E.
2978 3208 3045 3257 G.

552 3293 714 3342 Graff.
755 3293 978 3354 „Krist.“
1019 3293 1257 3357 Regiom.
1299 3293 1448 3341 1831.
1514 3291 1598 3341 Ad
1634 3294 1885 3358 sequiora
1920 3298 2207 3358 antequam
2250 3293 2561 3343 delabamur
2598 3294 2841 3354 saecula,
2889 3295 3049 3344 iuvat

549 3381 850 3429 meminisse
897 3381 1055 3428 etiam
1100 3393 1396 3442 anonymae
1443 3385 1783 3444 pervetustae
1835 3379 1929 3430 sed
1975 3381 2212 3430 incertae
2269 3382 2459 3430 aetatis
2514 3381 2809 3431 theotiscae
2858 3383 3045 3432 Evan-

549 3467 808 3531 geliorum
832 3465 1160 3515 Harmoniae
1189 3464 1484 3525 „Heliand“
1515 3465 1705 3527 dictae,
1734 3480 1893 3532 quam
1919 3465 2085 3516 edidit
2108 3467 2159 3515 J.
2180 3466 2253 3516 M.
2281 3465 2573 3516 Schmeller
2596 3467 2869 3518 Monachii
2886 3469 3043 3518 1830.

549 3555 635 3603 40.
689 3553 760 3602 11.
803 3557 838 3601 t.
905 3553 961 3601 in
1005 3552 1108 3616 IV3
1165 3553 1291 3602 item
1345 3553 1396 3601 J.
1452 3552 1513 3601 R.
1562 3553 1735 3602 Kiine.
1790 3553 2077 3603 Monaster.
2139 3555 2290 3603 1855.
2382 3555 2503 3602 Non
2548 3553 2833 3603 defuerunt
2878 3555 3047 3604 etiam

549 3641 800 3705 proximis
839 3639 1093 3700 saec-ulis,
1135 3639 1225 3703 qui
1263 3638 1488 3687 eundem
1525 3639 1764 3689 laborem
1800 3642 2149 3704 susciperent.
2210 3640 2295 3689 Ita
2332 3656 2375 3689 e.
2415 3655 2459 3688 c.
2500 3655 2641 3690 saec.
2678 3640 2769 3689 XI.
2804 3640 3044 3690 Maria-

551 3742 670 3776 nus
723 3725 1103 3775 Fuldensis
1161 3725 1222 3774 Ο.
1272 3725 1323 3774 S.
1370 3726 1438 3775 D.
1475 3728 1511 3790 †
1554 3728 1706 3776 1086.
1760 3727 1912 3775 iuxta
1966 3727 2079 3776 eius
2134 3726 2337 3774 saeculi
2389 3727 2445 3774 in
2497 3726 2643 3775 hisce
2696 3727 2857 3778 rebus
2915 3743 3045 3777 con-

551 3813 884 3863 suetudinem
921 3813 1189 3862 Historias
1217 3811 1411 3861 Christi
1448 3805 1530 3860 διὰ
1565 3809 1817 3880 τεσσάρων
1841 3815 1899 3861 in
1926 3811 2189 3862 Chronico
2228 3827 2323 3862 suo
2364 3813 2445 3862 ed.
2472 3812 2691 3862 Herold.
2729 3813 2854 3863 Bas.
2885 3817 3045 3864 1599.

549 3901 777 3965 reliquit.
841 3901 892 3949 S.
931 3897 1051 3949 XII.
1091 3900 1230 3948 idem
1277 3915 1409 3963 opus
1456 3900 1683 3948 tentavit
1727 3899 2114 3961 Zacharias,
2167 3897 2647 3964 Chrysopolitanus
2697 3915 2779 3964 ep.
2812 3903 2848 3964 ’ἤ-
2886 3903 3045 3952 1150.

549 3988 682 4036 Eius
731 3987 1142 4040 Monotessaron
1187 3986 1540 4050 Evangelium
1585 3987 1619 4035 i.
1660 4002 1705 4035 e.
1756 3987 1811 4035 in
1860 3985 2161 4036 Concordia
2208 3987 2308 4034 Ev.
2356 3987 2424 4035 ab
2470 3987 2747 4036 Ammonio
2787 3993 3047 4038 contexta

547 4074 582 4123 1.
620 4075 711 4123 IV.
749 4074 948 4139 prodiit
980 4073 1073 4122 lat.
1108 4075 1164 4121 in
1199 4073 1450 4122 Biblioth.
1485 4073 1544 4121 P.
1581 4073 1639 4120 P.
1677 4072 1861 4122 Colon.
1903 4075 2050 4122 1618.
2090 4078 2127 4122 t.
2159 4071 2307 4135 XII.;
2346 4073 2399 4120 in
2436 4073 2787 4137 Lug-dunensi
2813 4075 2969 4124 1677.
3000 4093 3045 4124 s.

548 4161 692 4210 XIX.
719 4178 770 4226 p.
800 4163 914 4209 732.
961 4160 1196 4209 Petrus
1223 4158 1658 4220 Lombardus‚
1685 4160 1937 4224 magister
1960 4160 2343 4208 sententiarum
2370 4158 2541 4208 dictus
2566 4161 2602 4222 †
2629 4160 2794 4222 1168„
2820 4161 3045 4211 italicae

550 4247 861 4296 eruditionis
899 4251 954 4296 et
989 4246 1310 4311 episcopalis
1358 4247 1525 4311 apicis
1571 4246 1921 4294 clarissimum
1966 4245 2157 4308 decus,
2202 4246 2259 4294 in
2296 4247 2672 4296 commentario
2710 4247 2765 4295 in
2804 4247 3045 4298 Concor-

550 4335 692 4383 diam
727 4334 826 4383 Ev.
865 4333 966 4383 hoc
1002 4335 1176 4398 ipsum
1212 4339 1486 4398 praestare
1524 4347 1808 4397 aggressus
1847 4336 1943 4381 est.
1993 4333 2113 4382 Par.
2142 4333 2293 4382 1483.
2346 4331 2665 4383 Clemens
2704 4333 3045 4384 Claudio-

550 4422 967 4482 cestrensis‚
1005 4420 1226 4484 Anglus,
1265 4418 1544 4484 presbyter
1580 4420 1842 4467 canoniae
1879 4434 1988 4483 reg.
2026 4418 2441 4468 Lanthoniensis
2478 4421 2622 4484 prior
2654 4423 2689 4482 †
2716 4421 2867 4470 1170.
2895 4448 2963 4456 —
2990 4439 3045 4472 v,

500 4567 510 4576 .
548 4509 600 4557 ,1.
627 4509 688 4557 A.
714 4508 966 4568 Fabricii,
995 4506 1331 4556 Bibliotheca
1354 4506 1445 4555 lat.
1475 4504 1555 4554 ed.
1581 4506 1773 4554 Mansi.
1804 4505 2015 4555 Patavii
2044 4507 2194 4554 1754.
2220 4506 2262 4567 Ι,
2290 4507 2407 4555 396.
2432 4534 2493 4542 -
2516 4507 2729 4572 scripsit
2755 4506 3045 4558 duodecim

548 4594 714 4645 libros
763 4593 1094 4643 Concordiae
1143 4591 1634 4657 Evangelistarum,
1693 4608 1825 4657 quos
1876 4607 2039 4642 manu
2088 4591 2315 4656 scriptos
2370 4598 2587 4642 servant
2633 4593 2807 4659 Angli.
2846 4621 2915 4630 --—
2954 4593 3045 4646 Cf.
