3267 5259
640 432 725 496 64
1319 444 1439 485 nist.
1462 444 1567 486 nav.
1594 444 1684 485 «nv.
1713 444 1765 485 s.
1797 444 1847 485 τ.
1877 444 2044 486 Pei-iod.
2072 444 2107 486 1.
2137 444 2230 495 αφ.
2261 444 2456 495 primun.

642 640 837 704 quem
881 616 1173 703 pluribus
1230 616 1525 682 absolvit.
1604 616 1827 696 Quare
1877 617 2050 681 dicta
2091 642 2209 703 pro
2257 618 2526 683 muliere
2579 620 2928 704 poenitenti
2969 644 3088 682 sen·

639 732 860 811 tentia,
904 729 1241 794 liberalem
1288 754 1357 793 se
1406 730 1922 795 condonatorem
1969 731 2269 813 ostendit,
2325 734 2529 795 amori
2577 734 2716 797 eius
2761 732 3086 809 tribuendo,

641 842 818 928 quod
864 841 981 906 soli
1028 864 1185 906 suae
1230 841 1675 927 indulgentiae
1709 841 1935 907 deberi
1980 842 2327 907 videbatur
2345 848 2382 908 ¹.
2433 844 2692 908 Christo
2741 843 2964 908 exinde
2993 868 3091 929 per
3182 832 3183 887 3

641 954 883 1041 oppida
912 956 1037 1019 iter
1076 954 1371 1037 facienti,
1407 957 1749 1019 comitatus
1782 956 2142 1037 mulierum,
2179 977 2340 1039 quas
2380 968 2747 1039 sanaverat,
2780 956 3090 1020 adhaesitff.
3182 996 3183 1005 κ

642 1068 808 1133 Cum
864 1069 955 1131 ita
1009 1079 1395 1154 peragraret
1449 1066 1706 1131 oblatus
1763 1079 1861 1132 est
1907 1070 1967 1132 ei
2010 1070 2111 1131 vir
2167 1067 2631 1133 daemoniacus
2687 1092 2850 1134 voce
2897 1092 3092 1133 carens
3182 1080 3183 1147 ᾗ

640 1189 707 1245 et
749 1179 1097 1244 luminibus
1146 1179 1431 1244 orbatus·
1498 1180 1842 1243 Daemone
1885 1180 2178 1265 expuISO,
2227 1180 2469 1245 homini
2516 1181 2780 1245 videndi
2826 1204 2941 1245 nec
2977 1204 3090 1244 non
3182 1202 3183 1247 ἢ

638 1292 948 1379 loquendi
974 1292 1253 1357 facultas
1282 1302 1379 1356 est
1400 1294 1714 1355 restituta.
1741 1292 1931 1356 Tanti
1958 1304 2228 1377 aspectu
2255 1295 2440 1377 signi,
2466 1304 2604 1357 tota
2626 1294 2820 1357 turba
2845 1296 3092 1378 cogitare

641 1408 875 1491 coepit,
921 1428 1139 1469 annon
1185 1405 1379 1469 Jesus
1414 1416 1586 1469 esset
1619 1406 1976 1491 promissus
2007 1404 2112 1469 ille
2151 1406 2424 1469 Messias
2451 1428 2484 1469 e
2510 1408 2820 1492 prosapia
2859 1406 3094 1469 Davidis

641 1517 987 1600 oriunduS,
1047 1540 1241 1603 quem
1303 1517 1539 1583 Judaei
1603 1528 2083 1604 exspectarent.
2161 1518 2494 1582 Pharisaei
2549 1529 2766 1583 autem
2817 1518 3096 1583 scelestis-

641 1633 804 1695 sima
847 1632 1079 1716 perciti
1112 1629 1354 1693 invidia
1388 1630 1762 1695 calumniati
1794 1639 1944 1694 sunt
1975 1653 2143 1713 eum,
2178 1630 2356 1715 quod
2386 1632 2452 1695 in
2483 1630 2862 1695 Beelzebub
2883 1634 2925 1714 ³,
2951 1631 3096 1715 prin·

642 1745 787 1828 cipe
846 1742 1339 1807 daemoniorum
1398 1744 1663 1806 eiiceret
1723 1742 2094 1824 daemonia,
2158 1766 2322 1828 quos
2374 1744 2611 1807 acriter
2651 1742 3096 1829 reprehendit&

638 1856 920 1939 Negavit
965 1877 1229 1942 quoque
1274 1857 1351 1919 iis
1396 1854 1811 1938 miraculum,
1873 1854 2051 1940 quod
2096 1854 2179 1918 ab
2229 1878 2306 1919 eo
2353 1855 2777 1941 poscebant⁵,
2825 1853 3098 1919 ama-nda-
3182 1868 3183 1931 ᾗ

637 1970 859 2053 vitque
904 1968 991 2032 ad
1035 1971 1339 2054 signum
1394 1969 1438 2033 J
1450 1991 1642 2033 onae
1689 1967 2048 2054 prophetae
2095 1970 2280 2054 signo
2329 1967 2568 2051 simile;
2631 1991 2762 2053 quo
2809 1978 2882 2031 ut
2921 1967 3098 2032 Jonas

638 2084 850 2145 ventri
896 2084 1023 2145 ceti
1066 2080 1279 2146 triduo
1331 2081 1584 2145 clausus
1630 2092 1782 2165 post
1825 2081 2108 2145 triduum
2159 2104 2243 2145 ex
2291 2104 2368 2146 eo
2423 2080 2766 2145 incolumis
2815 2092 3099 2155 evaserat,

638 2196 730 2258 ita
776 2204 839 2257 et
882 2196 1022 2279 ipse
1071 2217 1105 2259 e
1153 2197 1297 2259 sinu
1342 2205 1555 2258 terrae
1602 2203 1753 2277 post
1795 2193 2080 2258 triduum
2125 2204 2606 2258 resurrecturus
2655 2196 2882 2257 essetfl.
2927 2193 2998 2255 In
3037 2193 3101 2253 iis
3182 2264 3183 2269 η

642 2306 855 2371 adhuc
906 2318 1046 2371 erat
1091 2330 1239 2371 cum
1289 2318 1354 2371 et
1384 2316 1661 2373 matrem
1711 2319 1775 2372 et
1805 2308 2080 2373 fratres⁷
2123 2330 2283 2393 prae
2317 2306 2565 2370 foribus
2611 2306 2696 2370 ad
2737 2306 3100 2391 colloquium

640 2419 871 2483 adesse
940 2422 1275 2483 nuntiatur
1292 2424 1333 2485 8.
1425 2420 1593 2485 Tum
1678 2420 1783 2484 ille
1857 2420 2060 2485 verbo
2125 2420 2252 2484 Dei
2319 2418 2764 2505 praedicando
2799 2398 3102 2495 intentus,

850 2624 888 2687 ¹)
924 2622 1134 2688 Quippe
1171 2626 1439 2688 peccatrix
1474 2624 1724 2689 lacrymis
1752 2624 2025 2689 baptizata
2049 2628 2145 2683 est,
2181 2628 2234 2673 et
2260 2624 2420 2684 crine,
2448 2638 2554 2687 quo
2587 2622 2780 2673 multos
2813 2620 3102 2687 perdiderat,

640 2709 857 2758 Domini
892 2710 1055 2774 pedes
1081 2709 1392 2773 abstergens
1418 2711 1644 2760 salutem
1671 2710 1914 2759 obtinuit.
1941 2710 2074 2759 Luc.
2103 2711 2147 2772 7,
2175 2710 2398 2758 36—50.
2447 2709 2488 2773 ²)
2513 2708 2810 2757 Comitatus
2833 2708 2922 2757 ille
2945 2706 3102 2755 mulie-

640 2812 780 2858 rum,
818 2811 955 2860 quae
990 2794 1256 2845 Christum
1290 2797 1641 2861 sequebatur,
1677 2797 1954 2846 offensioni
1979 2812 2086 2846 non
2113 2795 2228 2845 fuit.
2277 2796 2458 2845 Pietas
2483 2794 2815 2857 feminarum,
2850 2792 3104 2843 beneficia-

639 2897 743 2945 que
778 2896 811 2930 a
846 2880 1123 2931 Salvatore
1164 2884 1464 2932 ministrata
1489 2884 1767 2946 divinitus,
1803 2898 2008 2933 omnem
2043 2882 2282 2932 scandali
2317 2896 2504 2932 ansam
2526 2882 2896 2942 removebant,
2934 2879 3105 2944 quibus
3182 2886 3183 2889 ’

641 2967 872 3028 accedit,
901 2968 955 3016 id
981 2983 1089 3017 non
1114 2983 1231 3017 esse
1258 2968 1489 3017 alienum
1516 2984 1549 3018 a
1572 2969 1902 3019 Judaeorum
1927 2970 2179 3029 moribus,
2200 2970 2290 3034 qui
2311 2985 2417 3019 non
2437 2970 2552 3017 sine
2577 2968 2858 3017 mulierum
2881 2968 3106 3016 comitatu

640 3070 697 3102 se
731 3053 1069 3118 Jerosolyma
1094 3054 1465 3116 conferebant,
1516 3055 1852 3105 celebrandis
1886 3057 2283 3106 festivitatibus.
2332 3056 2570 3121 Legatur
2605 3055 2705 3105 hac
2741 3055 2808 3104 de
2839 3071 2894 3104 re
2919 3054 3104 3102 omniuo
3182 3094 3183 3097 ,

642 3139 693 3189 S.
714 3140 1089 3205 Hieronymus,
1109 3142 1165 3189 in
1184 3140 1369 3191 Matth.
1392 3143 1475 3203 27,
1492 3143 1574 3190 55.
1589 3143 1670 3190 56.
1693 3142 1813 3204 VII,
1837 3144 1954 3192 238.
1975 3144 2058 3191 Ex
2078 3156 2274 3207 magna
2291 3146 2398 3191 tam
2419 3143 2654 3190 virorum
2675 3156 2834 3206 quam
2855 3140 3107 3189 mulierum

642 3231 861 3277 caterva
886 3242 1023 3292 quae
1049 3228 1182 3277 «Iesu
1209 3242 1386 3277 comes
1410 3228 1539 3289 ibat,
1568 3244 1723 3278 omne
1748 3229 2062 3279 scandalum
2085 3229 2472 3278 removebatur.
2501 3228 2543 3291 ³)
2573 3227 2654 3276 cf.
2681 3228 2730 3280 J.
2753 3226 2925 3289 Lund,
2951 3225 3062 3289 Spie
3077 3224 3108 3271 il

641 3314 791 3364 ench.
814 3330 962 3379 exeg.
987 3315 1235 3363 Havniae
1263 3316 1413 3364 1802.
1434 3332 1483 3379 p.
1508 3316 1587 3365 13.
1610 3330 1653 3364 s.
1677 3316 1799 3365 Not.
1820 3331 1998 3380 geogr.
2020 3331 2069 3381 p.
2091 3315 2411 3364 LXXXVII.
2438 3315 2480 3377 ⁴)
2501 3314 2780 3363 Tuebatur
2797 3329 2856 3363 se
2874 3312 3107 3363 Dominus

640 3403 915 3465 proposito
960 3400 1307 3466 quorumdam
1344 3401 1674 3450 Judaeorum
1719 3402 1977 3467 exemplo,
2023 3402 2114 3466 qui
2157 3401 2442 3450 daemones
2487 3399 2840 3465 expellerent,
2885 3406 2935 3449 et
2971 3412 3106 3447 nemo

644 3502 761 3536 eam
786 3488 1033 3537 virtutem
1054 3490 1259 3552 stygiae
1277 3490 1529 3552 potestati
1556 3493 1834 3552 acceptum
1859 3487 2055 3537 retulit.
2085 3486 2330 3537 Graviter
2355 3488 2625 3551 castigans
2651 3502 2813 3551 perro
2839 3485 3041 3535 Scribas
3065 3488 3109 3530 et

638 3572 957 3623 Pharisaeos
984 3573 1291 3635 declaravit,
1322 3588 1481 3639 quam
1504 3575 1734 3623 immane
1759 3576 1995 3639 ipsorum
2021 3579 2164 3624 esset
2187 3578 2482 3639 peecatum,
2503 3577 2558 3623 et
2583 3572 2710 3637 quid
2737 3574 2818 3623 eis
2841 3573 3109 3621 immineret

640 3660 803 3707 exitii.
853 3661 894 3723 ⁵)
924 3660 1055 3709 Cum
1080 3661 1167 3710 vel
1208 3661 1619 3725 pertinacissimi
1643 3660 1798 3710 editis
1825 3675 1860 3710 a
1879 3660 2088 3711 Christo
2115 3662 2280 3725 signis
2306 3661 2448 3709 flecti
2473 3659 2782 3725 erudirique
2807 3658 3108 3714 debuissent,
3182 3694 3183 3697 η

640 3750 815 3795 tamen
858 3746 1135 3796 Pharisaei
1179 3751 1299 3811 post
1346 3751 1427 3796 tot
1472 3750 1731 3812 tantaque
1779 3746 2025 3812 prodigia
2065 3748 2255 3797 Jesum
2304 3747 2656 3795 conveniunt:
2703 3744 2950 3794 volumus
2997 3758 3027 3791 a
3067 3748 3111 3789 te

638 3833 849 3897 signum
873 3833 1071 3882 videre.
1129 3832 1171 3897 ⁶)
1210 3832 1289 3882 cf.
1316 3833 1505 3883 Matth.
1534 3836 1615 3895 12,
1645 3836 1726 3883 22.
1754 3848 1795 3883 s.
1845 3833 2009 3884 Marc.
2039 3836 2085 3895 3,
2114 3836 2197 3883 20.
2224 3833 2266 3883 s'.
2313 3833 2447 3883 Luc.
2477 3835 2558 3894 11,
2589 3834 2668 3881 14.
2714 3831 2934 3897 Signum
2956 3831 3110 3880 Jonae

637 3918 907 3969 illustrant
937 3921 994 3969 in
1027 3920 1186 3971 Thes.
1220 3937 1272 3969 n.
1306 3920 1523 3982 Hasaei‚
1560 3919 1603 3981 1,
1632 3921 1749 3970 317.
1785 3936 1827 3971 s.
1875 3920 1962 3969 Fr.
2001 3920 2301 3985 Bai-lugius,
2337 3919 2431 3969 ubi
2465 3924 2518 3967 et
2551 3919 2618 3968 de
2653 3918 2826 3968 tribus
2859 3918 3038 3967 diebus
3069 3921 3112 3963 et

636 4007 857 4056 totidem
882 4007 1127 4057 noctibus
1154 4024 1204 4071 p.
1230 4008 1347 4057 220.
1376 4021 1415 4055 s.
1444 4012 1605 4072 atque
1630 4006 1698 4057 de
1729 4006 1889 4057 eorde
1915 4012 2088 4056 terrae
2115 4006 2378 4071 disquirit.
2403 4020 2454 4070 p.
2483 4007 2599 4054 224.
2648 4004 2701 4053 J.
2727 4004 3032 4061 Wesselius‚
3064 4004 3110 4049 in

638 4092 763 4143 diss.
799 4093 949 4143 Leid.
986 4094 1065 4143 ed.
1110 4093 1281 4158 Lugd.
1317 4093 1379 4142 B.
1418 4095 1569 4143 1721.
1594 4094 1689 4143 XI.
1718 4111 1772 4158 p.
1805 4096 1922 4147 372.
1947 4110 1990 4143 s.
2040 4093 2090 4142 J.
2117 4092 2186 4142 H.
2211 4092 2516 4155 Verschuir,
2541 4093 2596 4141 in
2623 4106 2808 4156 opusc.
2834 4092 2914 4141 ed.
2947 4091 3112 4139 Lotze.

636 4182 780 4231 Trai.
810 4194 857 4232 a.
883 4181 981 4231 Rh.
1012 4184 1163 4232 1810.
1189 4198 1239 4245 p.
1268 4182 1349 4230 79.
1376 4196 1419 4231 s.
1446 4182 1527 4231 91.
1554 4195 1597 4230 s.
1645 4181 1737 4229 Fr.
1761 4180 2052 4241 Delitzsch,
2087 4182 2145 4228 in
2179 4193 2304 4229 ann.
2330 4180 2387 4228 Z.
2413 4178 2449 4228 f.
2477 4178 2526 4227 d.
2555 4177 2612 4227 C.
2641 4178 2742 4227 Th.
2766 4178 2951 4243 Leipz.
2979 4178 3112 4225 1840.

637 4268 707 4328 11,
746 4270 862 4318 119.
898 4282 939 4317 s.
975 4268 1047 4318 M.
1073 4268 1448 4332 Baumgarten,
1484 4272 1535 4316 ii.
1562 4266 1614 4317 d.
1641 4266 1872 4316 Zeichen
1906 4267 2000 4317 des
2037 4265 2340 4330 Propheten
2373 4264 2517 4313 Jona
2539 4266 2596 4313 in
2628 4264 2836 4314 iisdem.
2875 4266 3016 4313 1841.
3051 4260 3112 4319 11,

640 4357 687 4403 1.
726 4371 767 4404 s.
810 4346 905 4403 Fr.
940 4354 1168 4416 Kaulen,
1206 4370 1386 4418 expos.
1419 4353 1456 4402 l.
1481 4354 1660 4403 Jonae
1693 4353 2002 4418 prophetae.
2043 4352 2286 4416 Mogunt.
2322 4352 2472 4400 1862.
2507 4367 2558 4415 p.
2591 4352 2673 4399 32.
2699 4364 2743 4399 s.
2791 4350 2862 4399 Η.
2887 4350 2950 4398 R.
2973 4350 3034 4397 D.
3061 4348 3114 4395 Y.

637 4440 699 4489 Τ.
724 4457 777 4505 p.
804 4442 921 4489 353.
942 4442 1059 4490 354.
1112 4440 1150 4505 ⁷)
1178 4441 1219 4489 I.
1242 4456 1285 4489 e.
1309 4444 1565 4504 cog-natos
1591 4444 1652 4488 ut
1677 4438 2014 4489 ostendemus
2043 4438 2179 4502 disq.
2204 4436 2757 4501 Theo-Genealogiea.
2809 4435 2852 4495 ⁸)
2877 4437 3112 4485 Aeeurre·

638 4532 763 4575 runt
788 4527 870 4575 sui
896 4528 1111 4591 cognati
1136 4526 1275 4576 falsa
1299 4526 1527 4591 quadarn
1554 4526 1700 4575 fama
1724 4526 1934 4590 decepti
1954 4519 2065 4586 ,ὅτι
2097 4519 2314 4587 {fidet-13⁴2
2335 4524 2586 4591 quoniam
2625 4523 2915 4587 deliquium
2940 4534 3117 4587 passus

638 4617 734 4662 est.
801 4612 875 4663 Ut
921 4612 1085 4662 habet
1129 4612 1505 4678 paraphrastes
1554 4613 1728 4663 Arabs
1779 4612 1922 4678 apud
1964 4610 2291 4672 Waltonum‚
2339 4610 2478 4659 Bibl.
2523 4610 2637 4659 Pol.
2682 4610 2746 4672 V,
2798 4610 2914 4659 169.
2981 4608 3116 4657 Haec
