3267 5259
538 462 659 515 CVI
1633 477 1922 549 Ἔπέμετρον

536 656 600 705 Τ.
636 672 688 721 p.
726 658 809 705 20.
848 656 933 704 22.
992 653 1351 717 Rohrbacher,
1388 653 1858 719 Universalgesch.
1895 654 1944 704 d.
1971 656 2117 705 kath.
2155 654 2364 705 Kirche.
2403 655 2454 705 d.
2493 673 2541 705 v.
2578 656 2666 707 Fr.
2705 657 3026 723 Hfllskamp.

537 743 734 793 Miinst.
764 744 914 793 1860.
941 744 983 805 Ι,
1012 745 1092 793 74.
1118 760 1160 792 s.
1188 770 1253 779 -—
1279 743 1419 792 Illud
1445 743 1659 809 quidem
1684 741 1840 793 facile
1878 742 2066 793 damus
2091 743 2448 793 idololatriam
2484 746 2774 811 nimiopere
2811 752 3026 795 auctam

538 830 729 892 fuisse,
780 846 843 879 ex
894 846 999 895 quo
1050 830 1319 880 discordia
1362 832 1417 880 in
1466 829 1838 881 aedificatione
1885 833 2043 881 turris
2091 831 2370 882 babelicae
2419 833 2758 898 dispersisset
2809 840 3026 898 geutes3

541 934 660 967 cum
706 924 923 983 proptor
968 918 1347 983 dispersionem
1392 918 1824 983 disiungerentur
1867 921 1937 969 ab
1983 920 2072 981 iis,
2118 934 2284 985 penes
2329 935 2462 984 quos
2497 935 2640 977 ‚vera
2685 921 2790 970 Dei
2835 924 3028 971 notitia

540 1008 846 1071 permansit.
896 1006 957 1055 L.
984 1006 1051 1055 H.
1078 1005 1141 1055 V.
1168 1006 1229 1055 T.
1257 1023 1306 1071 p.
1333 1007 1416 1056 41.
1474 1007 1593 1057 Non
1632 1012 1914 1055 contentus
1953 1006 2108 1056 homo
2151 1009 2460 1072 concepisse
2499 1008 2672 1057 Deum
2709 1022 3026 1073 corporeum

543 1093 718 1141 socios
764 1094 813 1142 ei
860 1092 1088 1155 addidit3
1134 1098 1192 1142 ut
1239 1095 1314 1142 ita
1360 1092 1539 1158 plures
1584 1094 1764 1142 mundi
1813 1095 2102 1143 ministerio
2149 1094 2392 1144 sufficere
2437 1100 2672 1160 possent.
2737 1094 2828 1145 Sic
2864 1098 3026 1146 intro·

542 1178 704 1228 ducta
747 1179 1049 1245 pluralitate
1098 1181 1387 1241 numinum,
1440 1196 1558 1229 cum
1608 1180 1710 1230 deo
1762 1187 2044 1245 praesente
2093 1181 2324 1245 gaudere
2373 1182 2536 1231 vellet
2582 1182 2766 1245 homo,
2822 1184 2929 1233 ruit
2973 1185 3027 1232 in

540 1266 895 1317 idololatriam
942 1272 1229 1317 externam.
1291 1264 1688 1335 Ἐιδωλολάτρης
1725 1282 1760 1317 a
1804 1268 1942 1329 sole,
1989 1268 2144 1330 luna,
2192 1269 2563 1333 sideribusque
2611 1270 2939 1319 coelestibus
2975 1272 3028 1319 in

538 1358 733 1402 terram
774 1354 1053 1419 delapsus3
1101 1355 1259 1404 rebus
1296 1356 1455 1405 variis
1499 1356 1792 1421 praestanti
1831 1357 2020 1405 virtute
2058 1356 2312 1421 praeditis
2349 1356 2680 1405 divinitatem
2727 1358 3028 1421 tribuebat;

540 1440 674 1489 adeo
711 1446 773 1490 ut
807 1440 940 1490 nihil
986 1442 1097 1490 fere
1133 1444 1273 1492 intra
1307 1442 1489 1491 mundi
1532 1442 1788 1492 ambitum
1836 1448 2092 1503 exstaret,
2142 1443 2283 1508 quod
2321 1460 2428 1493 non
2467 1443 2901 1493 adnumeraverit
2945 1446 3028 1507 iis,

542 1542 681 1592 qnae
728 1527 955 1577 colenda
996 1528 1187 1578 forent.
1247 1529 1487 1578 Tandem
1531 1531 1680 1594 ipsos
1716 1529 1982 1591 homines,
2029 1532 2179 1595 queis
2223 1529 2351 1579 nihil
2389 1532 2751 1595 praestantius
2787 1532 2844 1580 in
2882 1530 3030 1581 Orbe

540 1612 762 1675 viderat,
792 1615 966 1665 colere
993 1618 1193 1681 coepit3
1220 1621 1381 1680 atque
1406 1618 1642 1677 numina,
1669 1616 1852 1681 qualia
1875 1622 2050 1665 mente
2077 1618 2337 1683 concepit,
2363 1632 2524 1667 manu
2552 1632 2766 1683 quoque
2785 1624 2840 1667 et
2865 1634 3030 1683 opere

542 1703 820 1765 expressit.
870 1701 1004 1751 Coll.
1040 1702 1155 1751 Act.
1198 1706 1276 1765 14,
1314 1706 1391 1753 15.
1419 1718 1458 1751 s.
1502 1705 1581 1765 17,
1610 1706 1693 1753 29.
1719 1720 1760 1753 s.
1823 1702 2096 1765 Bffariam,
2136 1705 2226 1768 qui
2263 1720 2326 1752 ex
2363 1704 2484 1753 Noa
2519 1705 2772 1769 originem
2811 1704 3030 1767 ducunt,

542 1786 803 1837 cle-ctione
827 1788 1115 1838 Abrahami
1154 1795 1207 1840 et
1244 1791 1569 1855 posteritatis
1606 1791 1722 1841 eius
1759 1792 1814 1840 in
1845 1806 1998 1839 suum
2036 1791 2309 1856 populum,
2347 1792 2560 1855 divisis;
2599 1808 2706 1841 non
2745 1797 3034 1857 propterea

540 1882 719 1923 tamen
737 1875 886 1925 Deus
906 1878 1079 1941 gratia
1096 1893 1195 1927 sua
1211 1879 1425 1943 penitus
1452 1877 1694 1928 destituit
1711 1883 1932 1929 ceteros.
1965 1877 2236 1943 Siquidem
2263 1880 2602 1928 conservavit
2621 1880 2675 1927 in
2695 1881 2762 1929 iis
2781 1893 3030 1945 quarum—

540 1960 663 2010 dam
698 1964 981 2012 veritatum
1018 1966 1271 2028 notitiam,
1308 1965 1501 2015 veluti:
1540 1965 1682 2030 quod
1707 1981 2008 2031 supremum
2037 1964 2252 2031 aliquod
2289 1981 2486 2015 numen
2523 1972 2665 2015 esset
2689 1972 2742 2015 et
2767 1966 3026 2015 mundum

540 2048 953 2113 administraret3
992 2052 1135 2116 quod
1172 2051 1317 2101 cultu
1354 2052 1780 2118 prosequendum
1818 2052 1981 2115 ’foret3
2025 2054 2245 2101 cuiusve
2282 2052 2514 2102 cultores
2553 2054 2864 2117 praemium,
2915 2069 3023 2103 non

542 2136 779 2187 colentes
804 2152 905 2187 sua
928 2143 1168 2187 maneret
1202 2154 1393 2205 poena.
1446 2139 1748 2189 Dolendum
1787 2155 1904 2189 esse
1931 2141 1999 2189 ob
2026 2145 2279 2205 peccata3
2317 2140 2554 2189 divinum
2593 2156 2788 2189 numen
2825 2140 3032 2205 placari

542 2222 817 2273 sacrificiis
844 2229 897 2272 et
920 2225 1109 2275 ritibus
1134 2226 1215 2274 his
1242 2226 1525 2291 similibus3
1552 2225 1764 2291 aliaque
1791 2242 1930 2292 quae
1957 2226 2356 2277 fundamentum
2383 2233 2507 2277 sunt
2531 2226 2802 2291 religionis
2829 2228 2886 2275 iu
2913 2227 3028 2275 uni·

541 2326 753 2361 versum
779 2311 1163 2361 consideratae.
1192 2312 1355 2362 Hebr.
1380 2316 1460 2375 11,
1482 2314 1531 2362 6.
1570 2313 1810 2363 Gentiles
1833 2315 1930 2363 etsi
1954 2314 2153 2363 lumine
2174 2314 2338 2363 Verbi
2356 2314 2484 2362 Divi
2513 2314 2747 2374 orbatos,
2773 2312 3034 2363 habuisse

541 2398 782 2462 inprimis
818 2400 1082 2461 peccati
1119 2400 1261 2463 quod
1304 2400 1700 2463 „originale“
1742 2400 1904 2463 audit,
1931 2400 2164 2465 aliquam
2191 2401 2430 2450 notitiam
2457 2402 2668 2465 egregie
2695 2400 2855 2449 docet
2879 2408 3034 2449 vates

543 2500 663 2533 cum
712 2485 882 2534 canit:
937 2485 1175 2545 „trahit
1220 2488 1492 2536 invitam
1544 2503 1710 2537 nova
1760 2489 1886 2551 vis3
1935 2487 2253 2553 aliudque
2303 2487 2568 2553 cupido,
2618 2502 2796 2536 mens
2848 2486 3033 2536 aliud

543 2573 793 2623 suadet.
853 2574 1060 2624 Video
1100 2572 1375 2624 meliora
1420 2573 1759 2639 proboque
1799 2573 2132 2624 deteriora
2179 2578 2462 2639 sequor.“
2521 2573 2627 2623 Sed
2665 2579 2719 2623 et
2754 2572 3033 2624 fatendum

544 2661 757 2709 omnino
784 2666 879 2723 est,
920 2661 1174 2711 Ethnicos
1200 2677 1300 2710 uec
1328 2661 1393 2709 de
1420 2676 1548 2710 vera
1584 2661 1708 2710 mali
1734 2660 1891 2710 huius
1917 2661 2138 2726 origine3
2176 2676 2276 2710 nec
2301 2660 2368 2709 de
2395 2674 2600 2710 summa
2626 2662 2740 2709 eius
2766 2662 3034 2724 gravitate

544 2752 595 2795 et
631 2746 1059 2811 damnabilitate3
1110 2765 1209 2798 nec
1246 2748 1311 2797 de
1355 2750 1576 2809 ratione,
1615 2762 1724 2813 qua
1759 2750 1826 2798 ab
1865 2747 1957 2797 illo
1995 2749 2234 2798 homines
2271 2748 2486 2797 liberari
2522 2754 2748 2813 possunt
2782 2776 2850 2783 —
2887 2764 3032 2813 quae

545 2836 722 2883 omnia
757 2850 855 2883 nos
894 2836 961 2885 ad
1001 2836 1361 2900 quaerendum
1399 2835 1768 2885 Redemtorem
1809 2835 2011 2884 ducunt
2045 2862 2108 2871 ——
2145 2834 2348 2900 aliquid
2397 2835 2646 2883 distincte
2695 2836 3035 2899 cognovisse.

751 2922 903 2970 Haec
929 2922 1109 2985 dogm
1124 2928 1231 2971 ata
1255 2937 1373 2971 cum
1400 2923 1543 2987 prius
1570 2927 1878 2971 constarent
1901 2922 1954 2969 in
1977 2922 2440 2987 protoparentibus
2457 2921 2810 2971 Revelatione
2829 2922 3035 2971 Divina

548 3036 607 3044 -
636 3010 763 3072 quia
798 3025 892 3073 per
926 3008 1099 3058 Deum
1136 3010 1241 3058 ista
1276 3014 1638 3074 cognoverant
1661 3036 1728 3044 —
1753 3008 1894 3073 apud
1927 3015 2130 3073 gentes,
2166 3024 2300 3073 quos
2337 3009 2486 3057 Deus
2521 2998 2758 3073 'alloquio
2797 3023 2896 3058 suo
2923 3025 3034 3059 non

545 3096 889 3160 dignabatur,
944 3102 1187 3146 naturam
1235 3096 1524 3146 induerunt
1578 3096 1963 3146 traditionis
2019 3095 2363 3159 humanae3
2426 3110 2564 3160 quae
2613 3110 2757 3145 nova
2803 3096 3036 3145 subinde

544 3184 911 3249 figmentorum
948 3184 1257 3233 accessione
1294 3188 1443 3233 aetas
1480 3198 1816 3247 consequens
1855 3181 2163 3245 cumulavit,
2198 3188 2357 3247 atque
2395 3182 2680 3232 hodiedum
2709 3183 2764 3231 in
2789 3182 3037 3231 barbaris

546 3272 703 3321 etiam
741 3272 1049 3321 nationibus
1085 3271 1247 3335 viget..
1304 3271 1545 3335 vestigia
1575 3270 1975 3334 antiquissimae
2010 3268 2374 3319 Revelationis
2407 3269 2745 3334 Archetypae
2783 3270 3036 3334 purioris,

544 3361 597 3408 in
624 3360 997 3408 commentitiis
1022 3359 1325 3408 nominibus
1352 3372 1417 3407 ac
1442 3358 1603 3422 gestis
1633 3357 1850 3405 deorum
1877 3364 1930 3405 et
1967 3356 2182 3405 heroum
2212 3384 2274 3393 -·
2301 3372 2396 3421 pro
2421 3356 2770 3421 singularium
2795 3358 3036 3421 gentium

545 3452 703 3511 captu
746 3474 802 3483 —
848 3446 1181 3496 dissimulata
1226 3452 1281 3494 et
1336 3445 1484 3493 velut
1518 3444 1812 3509 peregrinis
1851 3444 2038 3493 induta
2073 3446 2341 3508 vestibus3
2389 3448 2449 3493 ut
2491 3444 2850 3494 lucidissimas
2899 3445 3034 3493 veri-

544 3534 669 3583 tatis
718 3532 973 3583 scintillas
1012 3538 1065 3583 et
1101 3534 1374 3583 stricturas
1422 3533 1644 3594 micare,
1695 3533 1890 3597 quique
1939 3532 2180 3581 saniores
2227 3532 2392 3581 nostri
2430 3532 2552 3581 aevi
2603 3533 2892 3596 scriptores
2935 3547 3036 3596 pro

545 3636 670 3670 vero
707 3621 1117 3686 indubitatoque
1154 3620 1367 3669 habent.
1430 3620 1587 3669 Unde
1624 3618 1842 3683 dignum
1881 3626 1962 3669 est
1997 3618 2502 3683 theogoniarum
2549 3622 2839 3668 veterum
2877 3632 3036 3683 argu-

545 3710 796 3767 mentum,
836 3707 979 3771 quod
1004 3722 1037 3756 a
1069 3706 1317 3771 theologo
1346 3710 1595 3755 accurate
1622 3706 1948 3768 excutiatur3
1987 3706 2224 3755 continet
2249 3706 2390 3754 enim
2413 3706 2622 3770 priscae
2647 3712 2702 3754 et
2725 3706 3036 3770 primaevae

544 3793 907 3844 Revelationis
933 3795 1151 3856 semina,
1190 3799 1274 3843 ast
1300 3792 1475 3842 multis
1502 3798 1690 3857 postea
1725 3793 2054 3856 ingeniorum
2081 3792 2460 3841 luxuriantium
2493 3794 2806 3842 commentis
2845 3792 3037 3843 obscu-

547 3886 687 3943 rata,
744 3881 935 3946 quibus
991 3879 1212 3930 detectis
1266 3880 1332 3929 de
1380 3878 1670 3929 universali
1719 3880 2103 3944 propagatione
2160 3878 2315 3929 huius
2369 3880 2537 3943 ipsius
2593 3879 2864 3929 sententia
2910 3880 3038 3928 ferri

545 3972 723 4034 potest
768 3966 1085 4018 firmissima.
1147 3968 1266 4029 Quo
1314 3972 1625 4033 argumento
1672 3968 1762 4015 vix
1811 3967 2042 4017 validius
2087 3966 2279 4029 ullum,
2329 3982 2392 4016 ex
2433 3982 2614 4017 eorum
2663 3982 2860 4031 genere
2897 3980 3041 4032 quae

546 4057 681 4105 ratio
712 4054 1022 4120 suppeditat
1044 4055 1113 4104 ad
1138 4055 1484 4105 sanciendam
1508 4054 1875 4104 Revelationis
1899 4054 2130 4103 Divinae
2156 4055 2544 4115 necessitatem,
2583 4054 2820 4119 reperire
2855 4068 3040 4119 queas.

545 4142 719 4207 Atque
754 4142 855 4191 hoc
893 4147 975 4193 est
1013 4142 1155 4208 quod
1191 4143 1507 4191 Lactantius
1538 4170 1594 4179 -
1632 4141 1722 4190 lib.
1760 4142 1803 4192 1.
1840 4141 2164 4191 Institution.
2203 4140 2307 4189 div.
2347 4156 2391 4189 e.
2431 4156 2477 4189 c.
2515 4140 2557 4190 Ι.
2594 4157 2646 4205 p.
2685 4142 2736 4189 5.
2773 4168 2840 4176 -
2879 4146 3042 4191 vocat

550 4231 1051 4287 „testimonium
1087 4228 1495 4295 populorum
1533 4232 1740 4293 atque
1777 4228 2081 4292 gentium
2118 4229 2189 4276 in
2225 4242 2358 4277 una
2395 4226 2520 4276 hac
2555 4242 2626 4276 re
2663 4242 2796 4277 non
2835 4227 3040 4278 dissi·

549 4316 881 4366 dentium.“
932 4316 1055 4367 Hac
1080 4317 1231 4366 clave
1264 4315 1519 4377 adhibita,
1556 4316 1601 4363 si
1626 4314 1962 4380 negligantur
1986 4313 2094 4376 illa,
2133 4329 2271 4380 quae
2308 4314 2612 4363 intellectus
2649 4313 2882 4365 hominis
2921 4322 3044 4379 post

547 4402 755 4467 lapsum
782 4396 999 4470 ἀγνωσία
1036 4403 1285 4453 laborans
1313 4402 1669 4468 excogitabat,
1707 4402 2068 4452 obscurissimi
2093 4416 2250 4450 secus
2276 4400 2521 4451 ethnicae
2551 4400 2829 4465 relig-ionis
2856 4402 3042 4466 mythi,

549 4489 613 4537 de
640 4504 862 4552 quorum
886 4490 940 4537 vi
960 4495 1011 4538 et
1036 4489 1421 4555 significatione
1447 4488 1534 4537 vel
1558 4488 1828 4549 historica,
1854 4488 1941 4537 vel
1965 4502 2107 4537 mere
2133 4488 2444 4552 symbolica,
2471 4486 2556 4537 vel
2581 4487 2748 4536 mixta
2771 4486 3042 4553 litigatum

545 4575 671 4626 item
705 4576 962 4636 instituta,
1002 4575 1068 4624 ad
1108 4590 1245 4641 quae
1282 4580 1435 4625 casta
1467 4574 1655 4641 religio
1693 4574 1938 4625 traducta
1974 4579 2070 4635 est,
2119 4574 2282 4623 veluti
2320 4581 2470 4625 sunt:
2513 4573 2868 4624 sacrificia
2901 4575 3044 4625 inter

550 4678 688 4729 quae
732 4662 1041 4713 tremendae
1085 4664 1333 4712 victimae
1380 4662 1646 4712 humanae
1683 4660 1784 4713 diis
1831 4661 2044 4713 oblatae
2092 4662 2332 4727 inprimis
2379 4662 2638 4721 eminent,
2685 4660 3044 4728 explicantur.
