3267 5259
607 408 693 473 58
1276 422 1391 463 mat.
1422 421 1529 463 mv.
1556 421 1648 463 (nv.
1678 420 1727 461 s.
1759 422 1809 461 τ.
1841 420 2007 461 Portos.
2041 421 2073 460 1.
2103 430 2198 471 cap.
2227 420 2427 471 prim-m.

609 596 855 648 Rothom.
886 599 1036 647 1648.
1063 596 1159 656 111,
1186 600 1303 647 633.
1331 598 1447 646 Nic.
1473 597 1565 662 Ly
1582 612 1803 659 ranus,
1843 594 2046 647 Comm.
2071 598 2126 645 in
2153 596 2339 646 Matth.
2367 596 2429 645 V.
2455 612 2507 661 p.
2539 597 2652 645 126.
2692 594 3074 657 „eucharistiam

609 700 747 748 quae
785 684 951 734 reficit
988 686 1265 734 animam.“
1318 685 1684 749 Dionysius
1723 683 2238 744 Carthusianus,
2279 698 2400 731 enn.
2427 684 2481 731 in
2520 699 2570 747 q.
2600 682 2702 731 Ev.
2730 682 2917 731 Colon.
2944 684 3072 731 1543.

608 777 705 819 art.
722 771 869 821 XIII.
886 770 973 820 fol.
989 774 1073 821 24.
1113 771 1411 832 „Christum
1436 786 1561 821 vere
1586 770 2088 836 superessentialem
2115 773 2168 818 et
2194 770 2290 818 tibi
2317 768 2849 829 consubstantialem,
2876 770 2964 833 qui
2987 771 3072 817 ait:

608 872 707 919 ego
746 872 861 905 sum
894 859 1047 923 panis
1072 860 1226 907 vivus
1253 860 1344 924 qui
1370 858 1435 907 de
1462 858 1613 907 coelo
1652 856 1919 919 descendi,
1959 856 2007 905 h.
2035 873 2081 905 e.
2121 870 2313 921 panem
2349 856 2811 918 sacramentalem,
2849 856 2914 904 da
2937 856 3074 904 nobis

606 942 813 993 hodie.“
844 943 1042 995 Omnes
1062 947 1195 995 istae
1216 946 1598 1011 explicationes
1617 960 1849 1006 sensum,
1869 960 1978 993 non
1996 943 2202 993 literam
2221 947 2482 1008 spectant.
2511 944 2660 991 Haec
2680 942 2759 991 illi
2777 942 3073 1001 s.s.Pa-tres‚

608 1028 901 1095 Scriptores
936 1037 987 1080 et
1019 1033 1331 1096 interpretes
1363 1048 1462 1081 nos
1496 1031 1808 1081 docuerunt.
1855 1030 2104 1095 Denique
2135 1028 2186 1079 d.
2213 1032 2342 1095 quia
2370 1044 2404 1078 a
2433 1036 2670 1093 tempore
2703 1028 3073 1094 Apostolorum,

605 1116 709 1164 imo
746 1121 883 1166 teste
921 1116 1043 1166 divo
1082 1118 1425 1183 Hieronymo,
1464 1116 1588 1166 dial.
1626 1122 1810 1166 contra
1840 1116 2160 1181 Pelagianos
2196 1114 2266 1177 11,
2297 1118 2377 1164 15.
2404 1132 2446 1165 s.
2471 1116 2611 1175 800„
2646 1116 2716 1165 ab
2743 1117 2860 1179 ipso
2885 1114 3072 1164 Christo

605 1204 900 1253 institutum
939 1209 1043 1263 est,
1094 1210 1152 1253 ut
1188 1210 1313 1254 ante
1351 1206 1668 1254 sumtionem
1705 1203 1758 1253 S.
1799 1204 2129 1253 Sacramenti
2165 1204 2334 1251 oratio
2375 1202 2508 1251 haec
2545 1202 2810 1252 dominica
2847 1204 3074 1251 recitetur

605 1316 672 1324 —
710 1291 846 1339 sicut
883 1295 937 1339 et
971 1292 1089 1355 ipsa
1126 1290 1371 1340 Ecclesia
1423 1293 1567 1340 canit
1620 1290 1833 1352 „divina
1882 1290 2244 1339 institutione“
2289 1316 2378 1351 —,
2429 1290 2714 1339 evincitur:
2767 1305 2865 1339 nos
2911 1294 3070 1353 petere

605 1391 797 1439 panem
824 1378 1049 1438 animae,
1088 1379 1173 1427 cui
1210 1384 1465 1443 tanquam
1502 1377 1922 1427 additamentum
1959 1374 2227 1441 quoddam
2265 1376 2348 1424 hic
2373 1378 2528 1440 panis
2567 1376 2804 1440 corporis
2837 1375 3069 1425 adiicitur.

605 1462 781 1526 Atque
818 1462 950 1512 haec
988 1464 1201 1528 quidem
1226 1464 1293 1513 de
1318 1464 1400 1513 his
1426 1466 1571 1525 satis,
1610 1480 1678 1514 ne
1703 1464 1838 1514 forte
1873 1464 2034 1512 nimia
2071 1464 2255 1512 sunto!
2301 1450 2712 1527 Progrediamur
2746 1462 2817 1511 ad
2853 1463 3069 1527 quintam

606 1548 1034 1613 postulationem.
1098 1552 1166 1599 Et
1202 1550 1400 1601 idcirco
1438 1553 1704 1601 remitte
1755 1551 1943 1601 nobis
1989 1549 2236 1599 delicta
2273 1554 2496 1598 nostra
2533 1564 2650 1597 cum
2689 1550 2902 1614 poenis,
2951 1563 3070 1613 quas

604 1634 918 1685 deberemus
956 1636 1230 1686 exsolvere
1267 1654 1363 1702 pro
1402 1638 1635 1702 peccatis
1674 1638 1895 1699 nostris;
1946 1636 2390 1702 quemadmodum
2436 1636 2596 1684 etiam
2643 1651 2742 1686 nos
2779 1637 3071 1685 remittimus

604 1724 704 1783 eis,
758 1723 847 1787 qui
886 1738 981 1771 nos
1020 1722 1305 1773 laeserunt.
1372 1724 1533 1783 „Post
1578 1724 1872 1775 subsidium
1919 1723 2026 1773 cibi
2070 1724 2266 1787 petitur
2301 1728 2353 1771 et
2389 1724 2550 1771 venia
2585 1720 2792 1782 delicti,
2837 1728 2895 1771 ut
2929 1723 3012 1786 qui
3043 1735 3070 1769 a

602 1809 719 1859 Deo
770 1812 1007 1874 pasc-itur
1056 1811 1109 1858 in
1160 1810 1277 1859 Deo
1326 1812 1495 1871 vivat,
1546 1826 1646 1859 nec
1693 1815 1896 1859 tantum
1949 1810 2220 1874 praesenti
2271 1815 2322 1858 et
2358 1806 2638 1873 temporali
2687 1810 2858 1869 vitae,
2905 1807 2994 1857 sed
3027 1814 3070 1856 et

602 1902 851 1945 aeternae
891 1896 1217 1957 consulatur,
1255 1897 1323 1946 ad
1349 1912 1509 1961 quam
1540 1898 1720 1947 venire
1757 1902 1949 1961 potest,
1989 1896 2034 1944 si
2067 1902 2292 1961 peccata
2330 1894 2641 1943 donentur.“
2693 1894 2748 1943 S.
2776 1894 3069 1959 Cyprianus,

602 1981 667 2031 de
715 2000 788 2032 or.
826 1999 877 2032 n.
916 1983 1085 2032 XXII.
1134 2000 1184 2049 p.
1226 1985 1341 2034 167.
1414 1984 1494 2033 Et
1542 1999 1619 2033 ne
1675 1999 1790 2033 nos
1843 1984 2124 2048 patiaris
2177 1983 2352 2030 vinci
2402 1983 2465 2031 in
2519 1984 2921 2041 tentatione;
2971 1980 3069 2029 sed

600 2070 817 2119 libera
855 2086 970 2119 nos
1008 2086 1039 2119 a
1077 2070 1256 2120 malo.
1311 2070 1568 2132 „Quando
1611 2075 1790 2119 autem
1827 2070 2050 2119 dicimus
2087 2070 2256 2117 libera
2294 2084 2391 2118 nos
2417 2082 2450 2117 a
2475 2068 2632 2129 malo,
2669 2067 2802 2117 nihil
2837 2074 3068 2125 remanet,

601 2157 744 2220 quod
792 2156 929 2205 ultro
977 2157 1153 2206 adhuc
1200 2156 1393 2207 debeat
1440 2156 1723 2223 postulari,
1777 2157 1987 2222 quando
2036 2154 2198 2205 semel
2247 2155 2632 2219 protectionem
2681 2154 2785 2204 Dei
2833 2154 3068 2203 adversus

598 2242 794 2293 malum
832 2251 1093 2309 petamus.
1152 2244 1283 2305 Quis
1324 2246 1462 2293 enim
1500 2245 1548 2292 ei
1587 2243 1654 2293 de
1690 2243 1905 2292 saeculo
1944 2250 2116 2291 metus
2155 2250 2253 2302 est,
2291 2243 2379 2290 cui
2417 2242 2470 2289 in
2508 2240 2725 2291 sae-culo
2761 2242 2909 2291 Deus
2944 2246 3071 2289 tutor

599 2334 727 2380 est.“
783 2332 836 2381 S.
864 2330 1180 2397 Cyprianus,
1216 2331 1281 2381 de
1310 2347 1384 2381 or.
1408 2331 1608 2380 XXIII.
1635 2347 1687 2395 p.
1719 2331 1833 2380 170.
1883 2326 2143 2397 Ἐπίλογος
2171 2328 2334 2377 habet
2357 2324 2518 2394 Ἀμὴν.
2567 2328 2652 2377 De
2691 2327 2790 2377 hac
2831 2326 3066 2393 particula

596 2416 825 2467 fiduciae
864 2418 1063 2478 iudice,
1112 2418 1265 2467 multi
1301 2418 1643 2467 commentati
1690 2422 1815 2465 sunt
1863 2416 2176 2481 scriptores,
2226 2430 2450 2479 quorum
2499 2417 2819 2479 praecipuos
2863 2430 3066 2463 comme-

596 2510 766 2553 morat
802 2504 853 2553 J.
894 2503 991 2553 Ch.
1032 2503 1273 2566 Wolfius‚
1312 2520 1407 2553 cur
1440 2504 1527 2569 ph.
1565 2520 1616 2568 p.
1659 2505 1774 2551 134.
1837 2502 1895 2551 P.
1933 2502 2208 2561 Possinus,
2247 2502 2302 2549 in
2339 2500 2581 2566 spicileg.
2621 2501 2824 2551 Comm.
2861 2500 2924 2551 ad
2957 2500 3064 2549 loca

598 2590 797 2639 selecta
824 2609 873 2656 q.
901 2592 998 2640 Er.
1034 2591 1214 2641 addito
1242 2590 1479 2640 Catenae
1507 2590 1595 2639 Gr.
1625 2590 1684 2637 P.
1710 2589 1769 2638 P.
1796 2590 1850 2637 in
1875 2604 1916 2638 s.
1955 2588 2211 2637 Marcum.
2238 2587 2440 2637 Romae
2469 2589 2619 2637 1673.
2645 2604 2698 2653 p.
2725 2590 2810 2637 23.
2860 2588 3064 2649 Quidam

598 2678 900 2727 existimant
947 2680 1230 2727 conflatum
1276 2672 1331 2727 τὸ
1368 2687 1477 2743 1⁹2⁸,
1518 2693 1581 2726 ex
1618 2667 1990 2743 ῑεκῖηὲεὉ-ῐκ,
2039 2674 2300 2723 Dominus
2349 2673 2466 2722 Rex
2511 2672 2699 2723 fidelia.
2772 2676 2835 2723 In
2879 2674 3065 2739 graecis

598 2770 774 2812 autem
801 2763 1091 2825 codicibus,
1120 2762 1243 2813 item
1275 2766 1517 2814 versione
1540 2763 1676 2828 Syra
1703 2770 1754 2813 et
1775 2762 2002 2811 Gothica
2027 2760 2160 2810 haec
2189 2760 2472 2825 doxologia
2499 2760 2682 2810 addita
2708 2763 2982 2826 reperitur:
3005 2752 3069 2807 ’ὅτι

600 2850 689 2897 σοῦ
720 2846 847 2899 ἐστιν
876 2848 903 2913 ἡ
939 2847 1161 2915 βασιλεία
1186 2868 1227 2899 κ.
1256 2868 1298 2901 τ.
1324 2848 1371 2899 λ.
1418 2850 1575 2900 Hanc
1612 2856 1791 2900 autem
1827 2864 1855 2898 e
1883 2848 2212 2898 Graecorum
2243 2847 2503 2911 Liturgia,
2537 2849 2592 2896 in
2623 2862 2732 2912 qua
2754 2861 2789 2895 a
2815 2846 3066 2897 sacerdote

598 2940 719 2999 post
740 2938 1031 2986 orationem
1054 2936 1371 2987 dominicam
1391 2938 1732 2999 recitabatur,
1758 2938 1814 2985 in
1834 2937 2060 2985 Textum
2084 2935 2378 2998 irrepsisse,
2403 2938 2566 2999 atque
2588 2934 2656 2983 ob
2676 2934 2732 2983 id
2752 2949 2784 2984 a
2803 2932 2856 2983 S.
2873 2934 3066 2984 Joanne

597 3020 992 3086 ChrysostomO,
1019 3024 1160 3073 hom.
1188 3026 1244 3073 iu
1270 3040 1344 3075 or.
1373 3024 1510 3073 dom.
1538 3040 1589 3073 n.
1615 3026 1664 3073 5.
1691 3039 1742 3088 p.
1770 3024 1853 3071 32.
1869 3050 1932 3058 --
1949 3037 2056 3070 non
2082 3026 2259 3070 tamen
2287 3020 2424 3069 hom.
2451 3020 2595 3070 XXI.
2619 3022 2672 3069 in
2691 3020 2876 3070 Matth.
2893 3036 2942 3085 p.
2961 3020 3064 3068 259.

596 3136 661 3143 —
690 3108 1025 3174 explanatam
1066 3111 1247 3171 fuisse,
1286 3111 1420 3160 nulli
1456 3110 1690 3162 dubium.
1741 3110 1878 3158 Nam
1917 3114 2292 3174 praeterquam
2329 3123 2372 3155 α.
2414 3107 2558 3171 quod
2583 3122 2704 3157 eam
2738 3106 3065 3173 appendicem

597 3192 831 3259 reliquae
860 3198 1131 3245 versiones
1169 3198 1429 3262 ignorent,
1468 3212 1643 3261 neque
1669 3196 1992 3245 mentionem
2029 3194 2268 3243 eiusdem
2305 3192 2540 3258 aliquam
2577 3193 2848 3243 fecerunt:
2884 3190 2926 3257 β.
2961 3190 3064 3240 Ori-

594 3296 775 3345 genes,
814 3282 849 3331 l.
878 3300 921 3332 c.
949 3282 1001 3331 S.
1031 3282 1263 3348 cyrillus
1290 3285 1439 3345 hier„
1477 3282 1510 3333 l.
1538 3300 1600 3344 c.,
1641 3282 1694 3332 S.
1723 3282 2012 3347 Gregorius
2038 3282 2213 3346 Nysa,
2253 3277 2320 3338 εἰς
2355 3276 2443 3343 τὴν
2477 3277 2778 3348 προσευχὴν,
2816 3296 2887 3329 or.
2913 3282 2957 3327 5.
2993 3277 3064 3327 ed.

593 3366 790 3433 Migne.
828 3370 870 3429 I,
913 3374 1091 3431 1193.;
1144 3388 1259 3421 nec.
1297 3390 1343 3439 γ.
1384 3371 1437 3421 S.
1477 3372 1653 3419 Lucas
1694 3372 1774 3431 11,
1813 3371 1966 3419 2-4.
2014 3382 2129 3417 eam
2177 3368 2362 3431 iungit.
2423 3367 2716 3417 Praeterea
2757 3365 2802 3415 δ.
2841 3365 3064 3415 Ecclesia

592 3456 789 3505 Latina
839 3472 1111 3523 nunquam
1162 3473 1281 3508 eam
1332 3458 1627 3508 clausulam
1679 3457 1946 3517 adhibuit,
1997 3455 2140 3505 unde
2189 3455 2503 3503 Latinorum
2551 3454 2611 3503 P.
2649 3453 2712 3503 P.
2756 3452 2924 3503 nullus
2957 3466 3062 3501 eam

593 3543 827 3607 agnovit.
878 3544 1088 3593 Eruditi
1126 3544 1425 3605 acatholici,
1466 3558 1790 3610 quamquam
1827 3546 1882 3592 in
1922 3558 2104 3592 eorum
2141 3541 2493 3590 conventibus
2523 3540 2787 3607 religiosis
2823 3540 3064 3589 dominica

594 3630 763 3677 oratio
814 3644 930 3678 curn
972 3646 1034 3680 eo
1074 3636 1359 3696 augmento
1398 3632 1609 3681 recitari
1659 3630 1892 3691 solebat,
1941 3632 2062 3693 post
2096 3628 2406 3688 Erasmum,
2453 3629 2508 3676 in
2546 3628 2646 3677 Ev.
2685 3627 2870 3677 Matth.
2907 3643 2951 3691 p.
2989 3626 3062 3674 36.

596 3714 905 3777 Griesbach,
944 3716 1285 3767 Meletemata
1322 3718 1387 3767 de
1426 3719 1649 3767 vetustis
1685 3717 1749 3766 N.
1787 3716 1849 3765 T.
1887 3730 1993 3764 rec.
2031 3732 2081 3779 p.
2121 3718 2203 3764 51.
2265 3712 2337 3763 Μ.
2375 3712 2732 3777 Roediger,
2772 3728 2890 3762 aun.
2915 3710 3061 3760 c-r.ad

592 3802 778 3851 Matth.
805 3805 853 3865 6,
884 3806 963 3853 13.
1005 3804 1069 3853 de
1096 3804 1349 3855 orationis
1383 3805 1679 3853 dominicae
1707 3801 2005 3867 doxologia‚
2045 3802 2100 3850 in
2127 3800 2354 3865 Synops.
2381 3800 2480 3848 Ev.
2507 3816 2559 3865 p.
2586 3801 2704 3848 229.
2733 3816 2774 3848 s.
2823 3797 3060 3855 Tholuck‚

590 3888 622 3938 l.
650 3906 694 3939 c.
736 3907 785 3956 p.
825 3892 942 3939 448.
982 3892 1243 3939 reiiciunt.
1308 3890 1538 3941 Proinde
1576 3907 1686 3939 non
1723 3894 1818 3949 est,
1857 3904 1952 3937 cur
1986 3887 2048 3936 L.
2074 3886 2248 3947 Valla,
2287 3886 2351 3935 de
2389 3884 2524 3935 0011..
2551 3886 2614 3935 N.
2651 3886 2714 3935 T.
2755 3902 2799 3936 c.
2824 3886 2890 3934 11.
2913 3886 3060 3934 Amst.

593 3979 743 4026 1630.
782 3994 834 4042 p.
874 3980 955 4026 15.
1004 3977 1387 4037 stomachetur,
1432 3979 1625 4027 bonam
1667 3976 1960 4024 dominicae
1999 3974 2254 4023 orationis
2291 3978 2498 4038 partem
2533 3971 2702 4022 fuisse
2741 3972 3060 4021 decurtatam.

590 4063 837 4113 Ceterum
875 4064 1120 4113 eximiam
1158 4064 1297 4113 hanc
1334 4066 1654 4125 orationem,
1705 4078 1768 4111 ex
1805 4062 1996 4111 Vetere
2036 4067 2089 4111 et
2125 4060 2422 4126 apostolica
2459 4063 2518 4107 ut
2555 4058 2811 4118 vidimus,
2861 4070 3060 4107 consue-

589 4150 772 4200 tudine
821 4166 981 4216 super
1032 4166 1227 4216 corpus
1268 4148 1462 4199 Christi
1500 4151 1555 4198 in
1592 4148 1648 4198 S.
1685 4147 2026 4198 Eucharistia
2062 4162 2343 4212 praesens,
2393 4145 2566 4194 fusam
2615 4146 2810 4207 suisse3
2858 4160 2918 4193 ex
2952 4160 2988 4191 s.
3021 4158 3058 4189 s.

567 4230 839 4287 'Patribus
886 4244 937 4287 et
975 4238 1230 4303 Liturgiis
1282 4237 1526 4286 omnibus
1573 4236 1717 4301 apud
1763 4234 2000 4284 eruditos
2035 4234 2392 4283 indubitatum
2437 4236 2532 4281 est.
2597 4231 2676 4281 cf.
2717 4232 2786 4281 H.
2823 4228 3058 4286 Menardi,

589 4322 717 4373 Obs.
756 4325 811 4372 in
850 4326 911 4372 L.
941 4322 1408 4373 sacramentorum
1446 4322 1495 4372 d.
1524 4321 1767 4387 Gregorii
1804 4322 1894 4383 M„
1933 4338 1986 4369 n.
2013 4322 2094 4371 84.
2133 4320 2230 4381 111,
2267 4320 2385 4368 291.
2431 4319 2601 4378 Bona,
2639 4318 2706 4366 de
2745 4318 2849 4366 div.
2885 4314 3058 4364 Psalm.

588 4409 669 4458 ed.
699 4408 813 4459 Col.
846 4412 993 4459 1677.
1030 4410 1173 4471 XVI,
1202 4414 1249 4459 1.
1286 4427 1338 4475 p.
1366 4410 1484 4459 423.
1534 4408 1588 4458 J.
1614 4410 1676 4457 L.
1705 4406 1991 4473 Selvaggii,
2018 4406 2141 4456 Ant.
2169 4405 2291 4455 Chr.
2317 4406 2358 4454 Ι.
2384 4404 2454 4453 11.
2484 4406 2602 4453 120.
2629 4418 2752 4469 app.
2782 4402 2904 4452 adl.
2926 4401 2988 4449 11.
3011 4416 3056 4463 p.

587 4499 633 4544 1.
659 4512 701 4545 c,
727 4497 772 4545 7.
812 4495 1090 4545 Benedicti
1115 4496 1277 4558 XIV„
1306 4494 1371 4544 de
1398 4512 1439 4545 s.
1460 4496 1660 4544 Missae
1683 4492 1947 4544 sacrificio
1965 4494 2037 4555 ΙΙ,
2063 4496 2144 4542 19.
2165 4508 2206 4541 s.
2235 4492 2337 4556 Op.
2351 4489 2498 4551 VIII,
2516 4492 2599 4540 84.
2626 4488 2956 4555 Macquelyn‚
2973 4486 3056 4533 Le.

584 4598 634 4647 p.
654 4584 736 4632 57.
752 4598 795 4632 s.
824 4581 1082 4643 Marzohl,
1105 4582 1349 4647 Liturgia
1370 4580 1666 4631 S.Lucern.
1684 4581 1833 4630 1835.
1853 4580 1923 4641 11,
1937 4582 2056 4629 392.
2080 4578 2226 4641 Liift,
2246 4576 2722 4642 Litu1·gik.Ma.inz.
2740 4572 3056 4633 1847.1[‚‘29.
