3267 5259
939 463 1158 505 Secundus
1185 463 1408 515 praeconii
1435 464 1641 505 coelestis
1668 476 1823 505 annus.
2543 452 2628 516 65

190 638 344 721 quasi
385 634 551 701 nullo
595 646 973 702 moveretur
1015 639 1227 701 carnis
1272 637 1546 721 affectu,
1603 639 1956 723 quaesivit:
2013 659 2181 722 quae
2226 647 2437 701 mater
2478 660 2629 701 mea

191 760 244 811 et
281 750 378 834 qui
417 749 648 813 frat-res
695 750 866 815 mei?
911 760 978 813 et
1020 760 1324 835 porrecta
1367 773 1596 814 versus
1650 750 2003 836 discipulos
2056 747 2359 831 dextera,
2406 752 2629 816 matris

190 870 242 923 et
278 861 528 925 fratrum
585 864 849 926 nomine
905 862 1138 947 dignos
1196 861 1392 943 dixit,
1449 864 1560 948 qui
1611 863 1791 926 Patri
1856 885 1971 926 suo
2018 863 2085 925 in
2130 860 2329 925 coelis
2374 872 2627 946 parent,

191 975 418 1059 eiusque
461 974 770 1039 mandata
801 985 1248 1060 exsequuntur
1268 979 1305 1038 ¹.
1348 975 1538 1039 Haec
1569 998 1719 1040 cum
1752 974 2018 1056 diceret,
2049 974 2281 1037 mulier
2325 973 2405 1037 de
2436 973 2631 1038 turba

191 1084 384 1147 extulit
443 1109 676 1151 vocem
744 1090 813 1151 in
877 1087 1112 1153 Christi
1181 1090 1640 1174 piissimaeque
1720 1088 2069 1153 Genitricis
2132 1070 2388 1169 laudes,
2459 1108 2627 1171 quae

191 1220 354 1261 causa
393 1199 510 1262 fuit
563 1208 634 1263 ut
689 1200 882 1265 Jesus
925 1222 1242 1287 responso
1299 1223 1415 1265 suo
1463 1201 1836 1285 cognationi
1884 1198 2157 1281 carnali,
2226 1198 2626 1284 spiritualem

189 1311 564 1394 praesen-eff.
629 1311 874 1376 Secuta
919 1323 1017 1376 est
1062 1312 1294 1377 eodem
1341 1312 1488 1376 die³
1533 1314 1738 1377 oratio
1783 1311 2007 1376 habita
2048 1310 2499 1397 ingruentibus
2546 1309 2627 1374 de

191 1446 342 1486 more
363 1423 558 1487 turbis
587 1446 780 1489 secus
809 1447 987 1489 mare
1014 1424 1399 1507 Tiberiadis,
1425 1447 1556 1509 qua
1579 1423 1869 1489 Christus
1899 1426 2239 1511 proposuit
2267 1422 2627 1487 doctrinam

190 1534 254 1597 de
293 1536 540 1621 Regno
609 1536 782 1600 Dei.
851 1537 1018 1601 Tum
1072 1536 1612 1620 similitudinibus,
1689 1540 1954 1621 quinam
2020 1544 2239 1601 essent
2286 1534 2629 1619 Evangelii

190 1648 422 1711 effectus
462 1670 580 1733 pro
626 1651 944 1713 varietate
988 1648 1356 1732 hominum,
1405 1649 1653 1735 ‘quibus
1706 1648 2251 1731 annunciabatur,
2298 1650 2629 1733 aptissime

191 1759 448 1823 ostendit.
519 1761 826 1825 Narravit
869 1765 1148 1847 primum
1194 1761 1575 1847 parabolam
1642 1763 2018 1825 semina-ntis
2032 1763 2076 1842 4,
2124 1769 2191 1824 et
2242 1768 2472 1845 postea
2518 1782 2631 1822 ex-

189 1870 379 1955 plicuit
399 1876 448 1954 ὃς
507 1873 750 1937 adiecit
813 1873 1006 1937 alias:
1063 1875 1458 1939 zizaniorum
1477 1877 1530 1957 ⁶,
1597 1875 1859 1937 seminis
1923 1871 2091 1935 ultro
2147 1872 2567 1956 germinantis
2586 1873 2629 1952 ⁷,

189 1986 342 2065 grani
400 1986 636 2070 sinapis
663 1988 716 2067 8,
783 1985 1156 2069 fermenti⁹;
1210 1987 1366 2050 item
1410 1986 1698 2050 thesauri
1758 1983 2125 2049 absconditi
2142 1986 2210 2065 ¹⁰,
2264 1984 2629 2068 praetiosae

189 2098 534 2180 margaritae
556 2102 602 2141 ¹¹
637 2108 705 2161 et
735 2120 1018 2183 sagenae
1052 2099 1284 2163 missae
1315 2100 1383 2162 in
1413 2120 1593 2162 mare
1615 2100 1682 2161 ¹¹2.
1714 2098 1875 2162 Post
1904 2118 2237 2161 emensam
2270 2094 2631 2159 Galilaeam

191 2210 336 2271 venit
368 2208 654 2275 Christus
699 2212 766 2274 in
809 2214 1088 2296 patriam
1132 2234 1314 2275 suam
1345 2210 1675 2275 Nazareth
1694 2214 1762 2294 13,
1810 2220 1877 2274 et
1903 2211 2233 2294 ingressus
2262 2230 2445 2271 more
2478 2228 2631 2271 con-

189 2329 340 2383 sueto
396 2320 495 2385 die
550 2322 807 2387 sabbati
860 2344 1300 2408 synagogam,
1365 2321 1675 2387 traditum
1734 2321 1855 2386 sibi
1918 2321 2153 2385 librum
2210 2320 2422 2385 Isaiae
2482 2341 2631 2382 cum

190 2434 509 2513 aperuisset
539 2434 935 2520 leg-issetque
958 2438 1026 2517 ¹⁴,
1059 2436 1278 2521 coepit
1301 2434 1670 2516 ostendere,
1694 2445 1851 2498 tunc
1881 2434 2193 2518 temporis
2221 2430 2633 2518 prophetiam

189 2540 332 2605 illam
375 2568 512 2610 esse
557 2547 1001 2633 adimpletam,
1046 2546 1246 2632 idque
1291 2556 1476 2612 tanta
1530 2546 1877 2628 evidentia,
1934 2556 2007 2609 ut
2070 2567 2295 2609 omnes
2342 2543 2634 2607 dicerent

193 2796 455 2863 explicatio,
479 2802 525 2851 si
549 2801 805 2851 adiuncta
830 2801 1227 2851 consideremus
1253 2801 1418 2851 multo
1437 2801 1624 2850 melior
1652 2806 1732 2851 est
1755 2800 1863 2863 illa,
1903 2801 2211 2865 quoniam
2244 2802 2312 2849 in
2348 2800 2632 2849 furorem

189 2898 387 2934 versus
421 2893 537 2937 est.
571 2888 688 2937 Nos
725 2902 916 2953 graves
952 2889 1188 2939 rationes
1226 2888 1500 2938 adducunt
1536 2888 1606 2937 ad
1642 2888 1930 2953 Vulgatam
1962 2887 2015 2937 h.
2048 2886 2085 2937 l.
2120 2886 2509 2953 negligendam.
2569 2888 2633 2935 In

193 2972 426 3021 notionem
458 2974 608 3023 verbi
659 2970 874 3041 ἐξίστήμι
911 2980 964 3024 et
1000 2975 1361 3025 derivatorum
1401 2976 1751 3039 inquisiturus
1788 2974 1933 3023 erud.
1975 2974 2158 3037 Khell,
2183 2974 2299 3023 Ecl.
2325 2974 2453 3024 Obs.
2479 2974 2557 3037 11,
2583 2977 2634 3022 4.

189 3070 232 3118 p.
260 3058 330 3106 58.
364 3062 670 3111 testimoniis
707 3060 1028 3110 medicorum
1065 3076 1378 3127 graecorum
1432 3061 1687 3120 ostendit,
1724 3062 2023 3127 significare
2060 3062 2374 3126 Hippocrati
2418 3076 2633 3127 gravem

193 3145 350 3193 mentis
387 3148 724 3212 emotionem,
765 3148 922 3197 etiam
962 3162 1080 3197 eam
1116 3163 1274 3213 quam
1309 3149 1365 3197 in
1399 3147 1645 3213 deliquiis
1683 3148 2042 3197 observamus.
2081 3147 2293 3197 Collata
2337 3164 2461 3197 vero
2501 3146 2552 3196 S.
2580 3148 2634 3197 S.

191 3226 348 3280 Mat-th.
384 3235 460 3295 12,
496 3237 580 3284 23.
641 3234 698 3283 11
733 3234 853 3284 Cor.
891 3236 940 3297 5,
982 3236 1062 3284 13.
1111 3248 1384 3299 nunquam
1435 3234 1733 3299 Scriptores
1782 3248 1823 3284 s.
1864 3234 1929 3284 de
1977 3235 2170 3299 quibus
2218 3234 2373 3284 nobis
2408 3248 2493 3282 res
2537 3238 2634 3294 est,

193 3315 381 3366 verbum
415 3326 812 3371 controversum
849 3336 946 3387 pro
983 3322 1176 3383 furere,
1209 3322 1266 3369 in
1295 3321 1526 3369 furorem
1563 3320 1701 3369 verti
1738 3320 2045 3370 adhibuisse
2082 3325 2305 3370 constat.
2353 3320 2471 3369 Etsi
2505 3335 2635 3369 vero

193 3399 388 3452 admissa
417 3406 848 3473 interpretatione
883 3408 1168 3473 vulgatae,
1201 3406 1331 3455 nihil
1363 3407 1570 3457 Christo
1603 3407 1881 3471 indignum
1919 3406 2195 3469 diceretur,
2231 3408 2320 3471 qui
2352 3406 2636 3471 languores

195 3492 370 3538 nostros
401 3491 589 3543 tollens
625 3493 842 3543 taedere
880 3499 934 3543 et
967 3508 1168 3558 pavere
1205 3492 1452 3557 (lignatus
1491 3498 1598 3557 est3
1635 3498 1814 3543 tamen
1852 3510 1881 3543 e
1912 3494 2083 3543 Marci
2107 3495 2154 3555 3,
2182 3496 2262 3542 20.
2290 3496 2374 3543 21.
2401 3492 2635 3541 nondum

194 3576 398 3637 sequitur
441 3594 536 3628 nos
585 3580 802 3631 credere
851 3586 1127 3645 oportere,
1177 3580 1321 3644 quod
1365 3594 1556 3645 reapse
1604 3595 1671 3629 ea
1718 3575 2027 3647 λειποιθυμία
2070 3579 2368 3629 accidisset.
2430 3578 2641 3628 Sufficit

195 3670 369 3711 sumere
411 3680 672 3715 rumorem
717 3667 858 3717 hunc
904 3682 1148 3733 sparsum
1190 3666 1372 3716 fuisse.
1409 3668 1605 3717 Narrat
1640 3680 1683 3715 s.
1710 3668 1921 3717 Marcus
1967 3666 2003 3715 J
2014 3680 2123 3715 esu
2169 3665 2635 3731 ingruentibus

196 3747 374 3797 turbis
409 3766 746 3818 oppress0‚
783 3770 885 3803 nec
923 3754 1030 3803 cibi
1066 3753 1314 3819 capiendi
1351 3755 1516 3803 otium
1552 3753 1733 3803 fuisse.
1789 3753 1990 3803 Aderat
2024 3754 2359 3803 sanctissima
2396 3752 2637 3801 Genitrix

193 3844 292 3880 cum
332 3840 538 3903 ceteris3
589 3839 683 3889 sed
730 3856 838 3891 non
888 3856 951 3889 eo
998 3840 1218 3903 affectu,
1271 3856 1375 3905 quo
1413 3840 1519 3889 alii.
1571 3838 1814 3889 Sollicita
1858 3840 2112 3889 maternis
2159 3840 2454 3889 visceribus
2497 3854 2637 3887 com-

196 3920 370 3979 patiens
404 3932 616 3989 praesto
652 3926 754 3975 fuit
788 3926 914 3989 filio,
943 3928 1081 3977 sicut
1113 3932 1164 3976 et
1193 3928 1466 3977 Passionis
1503 3932 1771 3991 tempore3
1810 3926 2177 3991 Christumque
2216 3932 2366 3977 extra
2402 3925 2637 3987 dubium,

197 4003 252 4051 ab
283 4007 568 4073 importuna
603 4014 762 4063 turba
798 4013 866 4063 ad
904 4014 1080 4063 cibum
1117 4013 1430 4063 sumendum
1468 4014 1768 4063 advocavit.

375 4094 409 4163 ¹)
446 4097 709 4149 Christum
753 4100 936 4150 matris
976 4105 1030 4149 et
1063 4105 1410 4165 cognatorum
1456 4105 1835 4151 contemtorem
1878 4115 1985 4150 non
2030 4100 2219 4162 fuisse,
2258 4098 2639 4148 demonstravit

195 4174 237 4224 J.
264 4178 318 4228 F.
348 4182 664 4252 Volbeding,
699 4186 822 4235 diss.
857 4192 1036 4237 utrum
1074 4186 1314 4237 Christus
1350 4192 1572 4237 matrem
1609 4202 1886 4252 genusque
1923 4185 2349 4236 dissimulaverit.
2408 4185 2637 4234 Vitemb.

199 4264 327 4315 1784.
347 4284 396 4333 p.
421 4274 498 4322 11.
523 4287 565 4323 s.
625 4272 665 4339 ²)
689 4273 880 4323 Matth.
910 4276 990 4336 12,
1016 4275 1101 4323 46.
1127 4288 1169 4323 s.
1205 4275 1373 4323 Marc.
1399 4274 1446 4335 3,
1474 4275 1557 4323 31.
1584 4288 1626 4321 s.
1664 4274 1795 4323 Luc.
1822 4275 1871 4335 8,
1899 4274 1979 4322 19.
2006 4287 2048 4321 s.
2089 4275 2168 4334 11,
2196 4273 2278 4321 27.
2305 4274 2386 4321 28.
2438 4271 2477 4337 ³)
2505 4272 2639 4321 Coll.
2700 4264 2714 4277 “

199 4348 357 4403 Matth.
389 4358 466 4419 13,
494 4362 538 4409 1.
577 4358 618 4425 ⁴)
655 4360 843 4410 Matth.
873 4362 954 4422 13,
981 4362 1029 4409 3.
1056 4375 1097 4409 s.
1133 4362 1296 4410 Marc.
1325 4362 1374 4423 4,
1401 4363 1449 4409 3.
1475 4374 1516 4409 s.
1555 4360 1683 4409 Luc.
1712 4362 1760 4423 8,
1786 4361 1835 4409 5.
1886 4358 1925 4425 5)
1962 4358 2149 4409 Matth.
2177 4360 2257 4420 13,
2287 4360 2367 4409 18.
2394 4372 2435 4407 s.
2472 4358 2637 4409 Marc.

200 4436 240 4495 4,
263 4442 332 4489 14.
355 4456 394 4491 s.
416 4444 544 4494 Luc.
565 4447 614 4507 8,
644 4449 726 4497 11.
751 4461 793 4497 s.
821 4445 862 4512 ὅ)
887 4446 1074 4496 Matth.
1105 4449 1184 4509 13,
1211 4449 1292 4497 24.
1316 4446 1355 4513 ⁷)
1393 4448 1557 4496 Marc.
1583 4448 1633 4508 4,
1660 4448 1743 4496 26.
1770 4460 1811 4495 s.
1850 4444 1890 4511 8)
1928 4445 2059 4495 Luc.
2088 4447 2167 4507 13,
2197 4447 2279 4495 18.
2317 4444 2358 4511 9)
2396 4445 2528 4495 Luc.
2557 4448 2637 4508 13,

202 4523 326 4640 ¹aas.
374 4528 428 4596 ιο)
452 4530 634 4583 Matth.
664 4535 744 4596 13,
770 4534 854 4583 44.
910 4532 972 4595 ¹1)
999 4532 1186 4583 matth.
1217 4534 1297 4597 13,
1323 4536 1407 4583 45.
1435 4548 1475 4582 s.
1530 4532 1588 4599 12)
1615 4532 1805 4583 Matth.
1832 4535 1913 4595 13,
1939 4533 2022 4582 47.
2050 4547 2091 4581 s.
2145 4532 2205 4599 ¹³)
2230 4532 2417 4583 Matth.
2447 4536 2527 4595 13,
2553 4535 2638 4582 53.

221 4609 253 4674 4)
288 4611 511 4679 c.e1,1.

288 4702 468 4757 Bake,
495 4710 608 4753 mat.
639 4710 934 4753 RevelatIonis
961 4710 1146 4753 divinae.
1177 4712 1231 4751 11.
2299 4708 2331 4755 5
