3267 5259
1156 452 1315 495 salua
1341 452 1417 504 qui
1444 454 1491 495 et
1516 452 1692 495 raum.
2540 442 2664 509 327

224 627 621 712 cognitionem
653 628 753 691 sui
782 649 1023 693 vocare
1073 626 1385 693 decrevit.
1448 626 1615 692 Cum
1662 626 1876 693 adhuc
1906 626 2242 715 Philippus
2265 634 2284 673 ¹
2331 629 2666 697 Samariae

224 748 565 823 moraretur,
611 740 697 806 ab
760 740 993 829 angelo
1057 740 1427 807 admonitus
1474 740 1772 806 Gazam²
1830 740 2156 807 desertam
2199 744 2384 829 petit,
2442 744 2665 809 Eunu-

224 852 385 917 chum
426 852 751 919 Candacis
794 855 1064 939 reginae
1084 857 1110 898 ³
1152 853 1553 941 Aethiopum
1570 858 1615 938 ⁴,
1679 856 1790 940 qui
1845 854 2339 951 Hierosolymas
2393 867 2668 922 venerat

222 965 603 1049 adoraturus,
669 964 751 1031 de
796 965 949 1031 fidei
1002 967 1323 1053 mysteriis
1379 968 1827 1033 instructurus.
1904 968 1972 1033 Is
2015 967 2260 1055 pilento
2305 978 2534 1034 vectus
2580 970 2665 1035 ad
2735 1046 2753 1061 θ

224 1078 401 1143 aulam
442 1078 917 1162 revertebatur,
962 1079 1175 1143 Isaiae
1204 1078 1487 1145 lectione
1518 1080 1823 1145 intentus.
1886 1079 2230 1165 EunuchO,
2275 1082 2664 1167 impervium

223 1190 317 1256 sibi
344 1191 419 1257 de
451 1191 717 1283 Christo
742 1193 1121 1257 vaticinium
1140 1196 1167 1235 ⁵
1200 1192 1465 1279 legenti,
1506 1216 1575 1257 se
1610 1195 1962 1259 comitem⁰
1999 1193 2303 1279 praebuit
2329 1193 2665 1281 Philippus

223 1314 540 1391 apertoque
585 1304 971 1388 verborum,
1034 1305 1269 1393 quibus
1322 1305 1781 1393 implicabatur
1826 1306 2162 1372 oraculum
2208 1330 2403 1371 sensu
2425 1358 2442 1391 ,
2504 1308 2546 1372 J
2551 1330 2666 1372 esu

222 1416 445 1483 salutari
491 1418 793 1483 doctrina
838 1418 1162 1484 eruditum
1192 1418 1373 1483 unda
1404 1441 1594 1483 sacra
1622 1420 1815 1484 tinxit
1837 1423 1878 1483 ⁷.
1941 1419 2082 1484 Nec
2113 1443 2298 1485 mora
2326 1418 2665 1505 Philippus

223 1552 253 1591 a
286 1528 511 1617 Spiritu
538 1531 807 1596 Domini
838 1530 1151 1618 abreptus
1184 1532 1460 1618 oppidis,
1505 1555 1627 1619 per
1659 1554 1828 1619 quae
1861 1532 1945 1597 ab
1978 1531 2190 1597 Azoto
2226 1532 2619 1598 Caesaream
2642 1536 2668 1577 ⁸

224 1644 496 1729 ascendit,
544 1643 783 1710 Christi
830 1644 1028 1709 fidem
1074 1644 1390 1731 patefecit
1408 1648 1449 1711 ⁰.

576 1946 637 2023 ἓ.
687 1944 791 2011 65.
856 1940 1073 2007 Sauli
1118 1941 1459 2024 natales,
1504 1942 1936 2024 institutio,
1982 1964 2255 2007 mores.

392 2138 617 2210 Saulus,
652 2138 755 2217 qui
792 2144 851 2196 et
878 2139 1117 2211 Paulus,
1151 2140 1375 2197 duobus
1404 2160 1440 2197 a
1468 2138 1688 2197 Christi
1729 2143 1863 2197 ortu
1893 2138 2066 2195 annis
2101 2143 2273 2195 natus
2305 2144 2392 2195 est
2421 2137 2588 2194 Tarsi
2613 2133 2665 2175 ¹⁰

221 2238 419 2299 Ciliciae
444 2240 508 2300 ¹¹.
572 2242 694 2300 Hic
734 2262 908 2319 porro
951 2242 1161 2301 Saulus
1182 2244 1481 2302 Tarsensis
1512 2243 1848 2302 nativitatis
1889 2263 2025 2301 suae
2065 2242 2346 2301 beneficio
2383 2243 2504 2301 fuit
2547 2262 2664 2299 non

222 2351 415 2403 tantum
444 2346 734 2418 Israelita,
770 2368 801 2405 e
834 2348 993 2405 tribu
1022 2348 1336 2406 Beniamin
1360 2344 1425 2419 ¹²,
1459 2354 1708 2426 utroque
1745 2352 1986 2423 parente
2023 2347 2289 2405 Hebraeo
2328 2352 2524 2416 natus;
2567 2347 2664 2405 sed

222 2453 268 2503 et
310 2450 441 2507 civis
490 2452 790 2509 Romanus
817 2448 887 2510 ¹³.
966 2452 1223 2511 Felicem
1278 2452 1655 2511 nativitatem
1715 2452 1948 2527 excepit
1997 2451 2263 2510 educatio
2314 2451 2557 2510 honesta
2607 2456 2667 2511 et

396 2726 431 2791 ¹)
468 2726 559 2777 Uti
598 2726 811 2793 quidem
848 2728 1004 2778 nobis
1038 2727 1265 2777 videtur.
1321 2726 1361 2793 ²)
1396 2728 1459 2777 V.
1484 2744 1535 2777 n.
1563 2732 1600 2777 t.
1626 2744 1668 2778 s.
1694 2742 1874 2792 geogr.
1905 2742 1957 2791 p.
1982 2726 2300 2775 LXXXVII.
2327 2740 2369 2775 s.
2417 2726 2665 2791 Raumer,

220 2810 471 2875 Palistina,
506 2814 590 2863 ed.
619 2830 669 2879 q.
700 2814 886 2879 Leipz.
924 2815 1075 2866 1860.
1108 2832 1161 2880 p.
1198 2816 1313 2865 193.
1348 2830 1399 2865 ιι.
1435 2816 1550 2865 181.
1587 2832 1642 2880 p.
1668 2816 1786 2865 449.
1860 2814 1900 2877 ³)
1934 2808 2174 2877 Κανδάκη,
2208 2813 2274 2863 de
2311 2830 2418 2879 quo
2454 2816 2666 2865 nomine

220 2896 491 2963 tSimonis,
510 2900 785 2951 Onomast.
803 2918 857 2966 p.
870 2903 954 2952 88.
998 2902 1041 2966 ⁴)
1067 2901 1403 2953 Praefectum
1424 2902 1631 2951 aerarii.
1678 2900 1720 2968 ⁵)
1747 2900 1878 2967 Cap.
1891 2903 1976 2963 53,
1993 2902 2040 2950 7.
2055 2917 2096 2951 s.
2143 2900 2184 2967 ⁶)
2208 2900 2443 2951 Jubente
2463 2900 2668 2967 Spiritu

222 2992 391 3035 sancto.
459 2988 499 3053 7)
533 2987 859 3038 Eunuchum
895 2988 1037 3039 hunc
1072 2988 1391 3055 Apostolum
1436 2990 1609 3054 gentis
1645 2988 1992 3055 Aethiopicae
2037 2989 2212 3053 egisse
2250 3004 2316 3037 ex
2352 3005 2394 3038 s.
2423 2988 2666 3050 Irenaeo,

223 3070 322 3121 adv.
344 3072 477 3125 haer.
514 3075 616 3124 111.
647 3077 729 3137 12,
756 3077 805 3124 9.
842 3091 895 3139 p.
927 3076 1047 3126 485.
1080 3092 1122 3127 s.
1172 3074 1372 3141 cyrillo
1408 3076 1575 3137 Hier„
1613 3075 1816 3125 catech.
1848 3074 2019 3136 XVII,
2049 3076 2132 3124 25.
2168 3091 2221 3139 p.
2247 3076 2364 3125 276.
2411 3076 2666 3139 Eusebio,

222 3156 333 3206 Hist-
354 3160 474 3211 eccl.
509 3161 581 3225 11,
609 3164 656 3211 1.
693 3179 746 3227 p.
772 3163 857 3213 40.
894 3166 1058 3228 atque
1093 3178 1135 3213 s.
1170 3163 1522 3227 Hieronymo,
1568 3163 1622 3211 in
1659 3162 1784 3211 Isai.
1819 3162 1903 3223 53,
1942 3163 1988 3211 7.
2013 3162 2062 3211 8.
2101 3161 2193 3224 IV,
2229 3163 2347 3211 617.
2397 3161 2664 3211 docemur.

221 3243 329 3295 Eius
348 3250 592 3299 memoria
614 3248 761 3314 apud
787 3248 1024 3300 Graecos
1040 3248 1242 3299 colitur
1266 3248 1353 3299 die
1378 3250 1445 3298 27
1450 3285 1463 3298 .
1488 3248 1732 3314 Augusti.
1783 3246 1824 3313 ⁸)
1849 3248 1913 3298 V.
1933 3262 1985 3297 n.
2005 3251 2042 3296 t.
2062 3262 2104 3297 s.
2124 3263 2303 3313 geogr.
2324 3247 2357 3296 l.
2379 3262 2424 3297 c.
2453 3252 2507 3297 et
2524 3248 2666 3297 LIV.

223 3328 255 3391 ²³)
282 3330 385 3383 Illic
418 3335 485 3385 ad
520 3336 717 3387 multos
754 3350 927 3387 annos
962 3334 1145 3386 sedem
1178 3335 1357 3385 fixisse
1392 3335 1617 3385 videtur.
1677 3334 1796 3385 Act.
1833 3336 1882 3396 8,
1919 3335 2142 3383 26-2-40.
2180 3336 2263 3397 21,
2297 3335 2344 3383 8.
2423 3334 2484 3399 ¹⁰)
2524 3334 2668 3383 Hinc

224 3415 405 3470 saulum
438 3422 783 3485 Tarsensem,
820 3422 1069 3473 familiari
1108 3423 1239 3485 eius,
1276 3426 1337 3472 ut
1370 3422 1583 3471 videtur
1618 3420 1764 3487 apud
1799 3420 2039 3471 Judaeos
2075 3420 2500 3483 nomenclatura,
2545 3436 2668 3469 eum

222 3514 455 3573 nuncupat
490 3508 739 3561 Salvator
774 3510 890 3559 Act.
924 3512 973 3571 9,
1013 3513 1093 3559 11.
1171 3508 1231 3573 ¹²)
1269 3508 1398 3559 Fuit
1432 3508 1567 3559 haec
1604 3508 1733 3558 urbs
1770 3509 2146 3557 amoenissima
2180 3505 2250 3556 ad
2287 3506 2460 3571 Cydni
2497 3509 2668 3557 amnis

222 3592 355 3655 ripam
395 3598 519 3659 sita,
568 3596 887 3662 populorum
930 3596 1255 3661 frequentia,
1305 3600 1638 3646 mercaturae
1684 3594 1969 3656 industria,
2017 3598 2072 3643 et
2119 3593 2266 3659 quod
2301 3594 2548 3643 omnibus
2585 3594 2668 3643 his

221 3686 419 3740 praestat
440 3683 643 3747 schola,
668 3711 735 3720 —
760 3685 809 3733 si
832 3682 1099 3745 Straboni,
1124 3682 1193 3731 de
1222 3684 1329 3733 situ
1354 3683 1499 3732 orbis
1521 3682 1555 3732 l.
1586 3682 1730 3732 XIV.
1757 3680 1839 3731 ed.
1864 3679 2082 3731 Amstel.
2107 3680 2178 3741 ΙΙ,
2205 3682 2324 3731 392.
2351 3680 2482 3731 tides
2507 3682 2576 3729 sit
2599 3708 2666 3716 —

220 3762 349 3831 longe
387 3774 495 3819 tum
540 3770 773 3821 Atticam
819 3775 933 3819 tum
978 3768 1393 3819 Alexandrinam
1438 3768 1587 3818 illam
1632 3768 2046 3818 famosissimam
2093 3771 2380 3833 superante
2429 3767 2664 3817 illustris.

224 3850 385 3919 Utique
417 3856 613 3907 celebri
648 3856 771 3907 loco
809 3860 981 3907 ortum
1019 3871 1153 3919 esse,
1186 3856 1351 3907 decus
1386 3856 1531 3906 haud
1568 3856 1816 3920 exiguum
1845 3871 1955 3905 non
1979 3853 2150 3905 solum
2187 3851 2452 3915 conciliat,
2489 3852 2586 3903 sed
2612 3858 2669 3901 et

222 3945 545 4005 magnanimos
590 3946 823 4009 impetus
868 3944 1117 4009 viresque
1162 3943 1231 3993 ad
1276 3958 1361 3993 res
1397 3942 1676 4008 praeclare
1721 3941 2078 4007 capessendas
2125 3942 2364 4006 inspirat.
2423 3940 2496 3989 Et
2541 3939 2666 3988 hinc

222 4026 349 4077 etiam
388 4036 491 4093 est,
540 4030 685 4097 quod
720 4032 871 4081 Deus
906 4030 1157 4092 Paulum,
1206 4045 1367 4096 quem
1402 4030 1682 4080 docentem
1718 4028 1984 4091 Athenae,
2031 4030 2136 4078 imo
2173 4028 2344 4077 Roma
2381 4027 2501 4092 ipsa
2543 4041 2666 4075 cum

222 4118 403 4178 stupore
438 4117 728 4183 aliquando
767 4114 991 4179 audiret,
1026 4118 1083 4167 in
1119 4117 1253 4167 urbe
1289 4116 1638 4167 celeberrima
1672 4116 1857 4181 gentili
1894 4115 1989 4166 sed
2025 4114 2236 4164 erudita
2271 4113 2420 4163 nasci
2466 4111 2663 4175 voluit3

224 4200 295 4261 qui
323 4218 533 4268 magnus
570 4206 807 4269 gentium
844 4204 1031 4253 doctor
1056 4206 1111 4252 et
1132 4203 1421 4268 Apostolus
1458 4203 1668 4253 futurus
1707 4208 1863 4253 esset.
1915 4200 1994 4251 Cf.
2021 4201 2180 4265 Sepp,
2215 4198 2532 4249 Geschichte
2570 4198 2664 4247 der

220 4282 405 4349 Apostel
448 4306 573 4341 vom
608 4290 759 4339 Tode
794 4290 929 4340 Jesu
964 4289 1047 4339 bis
1094 4305 1189 4338 zur
1234 4290 1556 4354 Zersttirung
1600 4288 1948 4339 Jerusalems.
1997 4286 2078 4337 ed.
2115 4286 2187 4337 11.
2239 4284 2472 4353 Schaffh.
2512 4287 2662 4335 1866.

221 4374 353 4432 p.45.
376 4389 416 4425 s.
486 4376 549 4441 ¹²)
586 4375 723 4426 Phil.
750 4378 799 4437 3,
826 4379 873 4425 5.
922 4375 1038 4425 Act.
1064 4378 1147 4438 21,
1179 4378 1263 4427 39.
1302 4380 1357 4425 et
1394 4377 1477 4437 22,
1504 4377 1554 4425 3.
1602 4374 1671 4425 Se
1709 4374 1975 4424 Judaeum
2011 4373 2158 4436 dixit,
2197 4386 2334 4437 quae
2371 4372 2661 4438 adpellatio

222 4464 318 4519 post
346 4462 567 4513 reditum
605 4478 670 4511 ex
706 4462 863 4512 exilio
900 4462 1145 4512 omnibus
1180 4462 1445 4513 Hebraeis
1482 4463 1776 4511 communis
1808 4461 1956 4510 facta
1989 4465 2087 4510 est.
2147 4460 2210 4509 L.
2245 4476 2295 4509 n.
2329 4464 2367 4508 t.
2402 4474 2443 4509 s.
2481 4474 2662 4525 geogr.

220 4557 259 4605 p.
282 4545 431 4598 xvll.
495 4548 557 4613 ¹³)
583 4549 877 4599 Romanam
900 4564 976 4610 se,
1004 4554 1059 4597 et
1081 4549 1293 4615 quidem
1317 4547 1573 4599 nascendi
1598 4552 1758 4611 sorte,
1795 4548 2062 4597 civitatem
2089 4547 2340 4613 adeptum
2367 4564 2502 4609 esse,
2542 4563 2662 4613 pro·

220 4630 363 4685 fessus
396 4640 477 4687 est
510 4635 713 4685 Paulus
740 4651 845 4685 non
870 4636 1049 4685 semel.
1096 4636 1215 4685 Act.
1238 4638 1321 4697 22,
1349 4635 1433 4685 28.
1470 4637 1553 4697 21,
1581 4637 1665 4686 39.
1706 4636 1788 4698 16,
1814 4636 1898 4685 37.
1948 4634 2068 4685 Νοιι
2093 4635 2194 4684 fuit
2223 4635 2356 4683 civis
2390 4635 2664 4685 Romanus
