3267 5259
1170 432 1369 475 ebriatus
1396 444 1640 486 resurgens.
2519 420 2644 485 169

194 609 313 659 haer.
334 608 629 673 LXXVIII,
657 612 742 661 13.
778 627 832 676 p.
861 612 1031 673 1045„
1069 616 1125 660 et
1159 609 1305 661 aliud
1341 614 1623 677 praeterea
1658 609 2091 675 contemplemur.
2151 610 2278 660 Fuit
2325 610 2421 659 illa
2455 624 2644 677 perpe·

192 702 269 747 tun.
300 696 481 746 Christi
517 712 726 758 eomes,
781 713 882 747 nec
918 697 988 747 ab
1026 698 1143 751 eius
1178 697 1446 747 consortio
1490 696 1754 747 divulsa“.
1813 696 1898 745 Ex
1944 712 2051 762 quo
2097 698 2159 746 B.
2199 696 2474 759 Caninius,
2523 696 2556 745 1.
2597 712 2642 745 c.

190 783 348 832 infert:
401 783 659 844 „Mariam
704 782 902 835 Christi
946 782 1077 833 Filii
1113 784 1553 833 resurrectionem
1588 784 1811 849 primam
1847 782 2071 847 vidisse,
2109 783 2229 833 aliis
2255 782 2642 845 'annunciasse,

191 876 235 919 st
262 872 310 919 in
342 870 515 921 coelos
550 870 867 922 ascendenti
904 870 1189 921 adfixum&
1231 870 1439 933 „Certe,
1474 871 1652 936 inquit
1683 870 1791 934 ille,
1825 872 1935 921 iam
1969 872 2075 921 iam
2113 871 2359 921 abeuntis
2395 868 2642 919 benedic-

190 958 355 1007 tionem
387 957 639 1023 religiose
674 959 933 1024 percepit,
970 962 1027 1008 et
1060 959 1116 1007 in
1154 957 1335 1007 coelos
1373 956 1749 1008 ascendentem
1787 962 2007 1024 stupens
2043 958 2301 1023 aspexit.“
2341 956 2389 1007 Ν
2393 970 2454 1006 ec
2483 956 2646 1006 refert

192 1041 226 1091 ὃ.
266 1043 393 1109 quod
432 1044 547 1095 eius
592 1060 708 1095 non
750 1044 1087 1094 meminerint
1128 1041 1539 1109 Evangelistse3
1602 1044 1854 1110 quoniam
1908 1044 2051 1093 solas
2106 1042 2226 1093 illas
2282 1044 2644 1109 apparitiones

191 1132 367 1196 seriptis
400 1130 661 1181 mandare
698 1131 805 1181 sibi
839 1137 1246 1197 proposuerant,
1287 1145 1425 1195 quae
1462 1130 1638 1181 factae
1675 1135 1802 1181 sunt
1835 1130 1918 1193 iis,
1958 1131 2050 1197 qui
2086 1144 2268 1180 earum
2291 1134 2454 1181 testes
2477 1130 2646 1179 futuri

191 1223 315 1267 emt
360 1217 501 1283 apud
556 1217 837 1283 populum.
897 1217 1014 1268 Hos
1067 1218 1209 1267 inter
1260 1232 1369 1268 non
1421 1216 1527 1267 fuit
1567 1218 1834 1283 Deipara‚
1891 1232 2011 1267 cnm
2055 1217 2238 1267 matris
2287 1218 2646 1268 testimonium

188 1309 387 1369 nequeat
420 1319 537 1355 esse
574 1302 790 1355 efficax.
832 1304 1031 1355 Notum
1067 1319 1279 1370 quoque
1316 1320 1354 1353 ε.
1392 1308 1473 1354 est
1495 1304 1532 1354 J
1534 1318 1683 1355 esum
1705 1303 1887 1354 multa
1921 1303 2032 1353 alia
2065 1304 2274 1365 fecisse,
2311 1308 2525 1369 praeter
2559 1317 2642 1365 ea,

190 1405 301 1455 quse
352 1392 405 1441 in
464 1392 865 1443 commentariis
911 1390 1381 1457 Evangelistarum
1443 1396 1703 1441 annotata
1761 1390 2048 1455 habentur,
2114 1390 2240 1451 „sed
2298 1407 2408 1440 non
2468 1392 2646 1441 omnia

188 1478 355 1542 scripta
388 1482 527 1541 sunt,
568 1484 631 1527 ut
670 1478 869 1528 fatetur
905 1478 1199 1528 Joannes“.
1240 1477 1293 1527 S.
1318 1477 1664 1543 Aug-ustinus,
1708 1476 1774 1527 de
1802 1494 1946 1529 cons.
1973 1478 2074 1527 Ev.
2101 1477 2199 1527 111.
2228 1480 2308 1541 15,
2335 1479 2420 1528 84.
2447 1494 2499 1543 p.
2528 1479 2644 1528 149.

188 1564 335 1624 Quare
368 1564 515 1614 nulla
550 1566 765 1615 ratione
800 1565 1077 1630 popularis
1112 1566 1287 1631 pietas
1322 1564 1411 1614 hic
1448 1563 1911 1629 reprehendenda,
1959 1568 2055 1615 aut
2089 1564 2357 1615 turbanda
2393 1569 2499 1629 est3
2549 1563 2645 1613 sed

190 1652 341 1715 potius
374 1666 491 1701 cnm
526 1652 815 1715 modestia,
853 1666 991 1717 quae
1028 1651 1323 1702 catholicos
1360 1651 1605 1702 doctores
1653 1651 1833 1715 (lecet,
1871 1651 2221 1701 defendenda.
2281 1652 2470 1717 Neque
2519 1650 2644 1701 Gui-

188 1738 304 1786 lelmi
334 1739 483 1802 Enii,
518 1739 723 1790 Annot.
759 1740 818 1787 in
853 1740 954 1789 Ev.
992 1754 1099 1790 sec.
1134 1738 1302 1788 Marc.
1343 1740 1422 1801 16,
1450 1741 1498 1788 9.
1535 1755 1587 1803 p.
1615 1740 1734 1789 342.
1781 1739 1935 1789 nobis
1979 1739 2159 1805 placet
2195 1738 2498 1804 diligentia,
2553 1740 2646 1804 qui

188 1824 231 1871 in
260 1824 349 1873 hac
382 1827 634 1891 opinione
670 1827 727 1875 in
766 1826 959 1875 animis
995 1825 1107 1875 fere
1144 1827 1377 1875 omnium
1405 1824 1796 1875 Catholicorum
1829 1825 2158 1887 inhaerente,
2197 1825 2490 1876 refellenda
2513 1824 2644 1875 rnul-

189 1918 281 1960 tum
313 1927 497 1978 operae
536 1914 852 1963 consumsit.

188 2190 235 2267 ξ.
266 2192 358 2255 38.
428 2189 819 2255 Christus
876 2213 925 2255 ε.
972 2188 1487 2275 mulieribus,
1543 2190 1828 2273 Petr0,
1897 2190 2198 2255 duobus
2243 2188 2646 2257 Emaunti-

191 2302 281 2363 eis
334 2300 799 2389 discipulis,
864 2302 1167 2368 demum
1210 2302 1635 2389 Apostolis
1695 2301 2116 2369 videndum
2165 2324 2244 2367 se
2289 2301 2644 2388 praebet.

360 2476 673 2541 Mulieres
741 2479 891 2563 piae
953 2478 1253 2543 foventes
1322 2476 1845 2543 ardentissimum
1907 2475 2300 2542 desiderium
2349 2485 2414 2541 et
2460 2499 2644 2564 spem

188 2586 419 2653 videndi
461 2590 834 2655 Dominum
879 2589 1273 2668 redivivum,
1337 2589 1463 2654 alia
1524 2592 1630 2655 via
1696 2592 1992 2655 nuntium
2053 2589 2134 2654 de
2201 2588 2399 2653 rebus
2459 2590 2642 2654 inex-

186 2703 459 2783 spectatis
519 2704 699 2766 inter
758 2700 1114 2788 discipulos
1183 2701 1587 2787 divulgatum
1654 2712 1828 2767 eunt.
1905 2702 2086 2765 Inter
2146 2699 2430 2767 eundum
2488 2724 2646 2767 vero

186 2810 351 2895 ipsis¹
396 2813 634 2879 obvius
682 2814 756 2878 fit
798 2814 1143 2897 Dominus,
1194 2836 1319 2900 quo
1371 2818 1650 2879 certiora
1695 2814 1778 2878 de
1827 2816 1963 2879 eius
1993 2816 2469 2880 resurrectione
2501 2836 2648 2899 pos-

186 2936 305 2989 sent
343 2929 668 2991 nuntiare.
731 2926 1021 2991 Primum
1068 2926 1345 2991 verbum
1392 2925 1567 3013 quod
1616 2950 1698 2991 ex
1741 2951 1852 2993 ore
1895 2928 2256 2993 suavissimi
2287 2926 2331 2993 J
2335 2950 2452 2993 esu
2483 2928 2649 2993 acci-

183 3036 419 3119 piebant
464 3050 613 3104 erat
682 3038 975 3121 ,salvete‘
1051 3038 1409 3125 Postquam
1468 3040 1714 3126 pedum
1775 3040 2084 3127 amplexu
2140 3062 2288 3105 eum
2336 3040 2648 3105 adorave-

184 3160 318 3229 rant,
358 3150 607 3215 blande
658 3150 1035 3237 compellat:
1083 3150 1254 3215 Nihil
1300 3154 1542 3235 timete,
1590 3156 1784 3238 agite,
1841 3155 2136 3217 nuntium
2186 3154 2412 3217 afferte
2462 3152 2648 3218 disci-

187 3261 327 3343 pulis
367 3266 553 3345 meiS,
603 3274 675 3329 ut
706 3266 773 3328 in
806 3262 1173 3329 Galilaeam
1218 3274 1649 3348 revertantur,
1682 3265 1810 3330 illic
1845 3268 2016 3331 enim
2046 3289 2150 3332 me
2185 3268 2590 3352 conspicient
2603 3268 2645 3330 ².

182 3370 457 3441 Mulieres
488 3376 531 3440 J
538 3375 943 3462 erosolymas
975 3400 1336 3461 regressae,
1370 3388 1716 3442 narrarunt
1747 3378 2099 3464 ApostoliS,
2136 3401 2458 3464 quaenam
2491 3380 2646 3465 ipsis

182 3489 567 3572 contigerint,
616 3487 737 3553 sed
782 3488 869 3553 illi
915 3491 1171 3553 nonnisi
1218 3499 1524 3576 superata
1573 3493 1930 3555 certissimo
1967 3492 2418 3577 experimento
2453 3493 2648 3556 animi

184 3602 531 3685 pertinacia,
584 3600 910 3667 admisere
965 3602 1249 3667 coeleste
1296 3602 1423 3667 hoc
1468 3606 1866 3689 mysterium.

358 3713 549 3779 Haec
612 3714 726 3779 ubi
796 3724 1078 3800 aguntur
1134 3715 1427 3781 nonnulli
1489 3738 1573 3780 ex
1632 3714 1976 3801 militibus,
2046 3717 2280 3804 quibus
2356 3718 2652 3783 custodia

184 3824 479 3908 sepulchri
530 3826 783 3891 credita
828 3827 1063 3910 fuerat,
1112 3830 1453 3893 venientes
1498 3829 1990 3916 Hierosolymas
2038 3831 2398 3895 retulerunt
2441 3853 2652 3895 sacer-

187 3932 413 4003 dotibus
472 3950 691 4004 terrae
758 3950 1008 4005 motum
1070 3939 1326 4027 aliaque
1374 3940 1673 4027 prodigia
1722 3942 1976 4008 Christo
2024 3952 2407 4028 resurgente
2455 3943 2648 4007 facta.

366 4160 401 4225 ¹)
450 4160 587 4211 Cum
636 4162 711 4211 M.
748 4161 1071 4226 Magdalena
1107 4177 1246 4227 quae
1293 4163 1595 4214 festinando
1645 4167 1790 4229 ipsas
1826 4165 2000 4214 fuerat
2039 4170 2302 4215 assecuta.
2358 4162 2398 4229 ²)
2446 4162 2652 4224 Quodsi

186 4240 445 4309 discipulos
498 4250 681 4299 statim
727 4248 983 4313 postridie
1030 4250 1144 4299 eius
1194 4249 1301 4299 diei
1346 4254 1583 4315 tempore.
1628 4250 1949 4301 antelucano
1999 4252 2054 4299 in
2093 4249 2394 4300 Galilaeam
2429 4249 2650 4300 rediisse

190 4331 415 4395 ponimus,
452 4335 547 4383 nbi
585 4349 620 4383 a
656 4334 987 4385 «Iudaeorum
1024 4336 1227 4401 impetu
1264 4337 1363 4385 tuti
1401 4352 1497 4401 per
1533 4336 1892 4402 quadraginta
1925 4337 2038 4386 fere
2074 4336 2214 4399 dies,
2265 4352 2387 4386 eum
2422 4336 2652 4403 negotiis

186 4417 290 4477 wis,
322 4424 429 4469 tum
467 4421 755 4486 colloquiis
783 4420 981 4470 Christi
1014 4426 1293 4485 vacarent3
1332 4423 1493 4472 facile
1530 4424 1706 4473 animo
1743 4424 2056 4488 concipitur,
2095 4440 2190 4473 cur
2215 4423 2476 4474 Dominus
2503 4438 2650 4475 man·

188 4498 339 4553 datum
396 4508 572 4571 angeli
636 4507 832 4557 Matth.
880 4509 973 4568 28,
1008 4509 1055 4557 6.
1111 4510 1227 4573 ipse
1286 4510 1445 4558 etiam
1500 4509 1810 4560 mulieribus
1867 4511 2154 4575 repetierit.
2213 4509 2403 4561 Matth.
2441 4512 2533 4574 28,
2574 4514 2651 4561 10.

190 4588 289 4639 0011.
322 4594 401 4650 26,
429 4597 511 4643 32.
1759 4616 1764 4621 ’
