3267 5259
600 422 729 485 288
1014 476 1023 485 ,
1362 434 1645 495 Do‘rontibu
1673 434 1834 475 sistor.
1865 434 1916 475 n.
1947 434 2002 475 s.
2027 433 2074 475 J.
2101 434 2150 475 c.
2179 444 2331 476 comm.

604 607 1021 691 scriptionem
1066 628 1248 671 suam
1280 608 1625 671 instituerit
1669 609 1810 692 ipse
1851 608 1916 669 in
1963 607 2336 691 prooemio¹
2383 605 2799 669 historiarum
2831 628 3080 669 suarum

606 718 847 792 diserte
874 720 1161 803 exponit.
1208 719 1547 802 Nimirum,
1580 720 1737 804 quia
1757 718 1979 783 multi²
2007 718 2368 801 tentabant,
2401 740 2525 781 nec
2549 720 2706 782 satis
2731 716 3086 801 diligenter,

602 853 729 894 nec
760 840 1090 913 accurate,
1122 852 1248 894 nec
1278 830 1579 913 fideliter,
1612 840 1968 894 contexere
1997 832 2436 895 narrationem
2467 830 2550 893 de
2573 832 2671 912 iis,
2705 852 2884 915 quae
2907 830 3087 893 Jesus

606 944 827 1028 coepit
886 942 1105 1007 facere
1168 954 1235 1007 et
1280 943 1549 1025 docere3
1610 944 1833 1028 itaque
1895 943 1984 1005 ait
2043 964 2112 1006 se
2177 964 2259 1006 ea
2318 941 2737 1028 descripsisse
2787 964 2964 1027 quae
3015 940 3086 1004 de

536 1074 541 1079 ’
606 1054 793 1119 dictis
834 1064 899 1119 et
928 1056 1127 1140 gestis
1162 1054 1517 1120 Salvatoris
1560 1066 1718 1119 tunc
1763 1056 2030 1119 fuerunt
2074 1056 2668 1137 ,nesknpoqopnnt-Sva‘,
2717 1052 2778 1119 h.
2815 1077 2875 1117 e.
2923 1064 3086 1131 nota,

606 1176 787 1231 certa
830 1177 898 1231 et
941 1167 1325 1233 indubitata.

813 1279 919 1342 Ex
977 1281 1114 1344 istis
1170 1279 1459 1344 fontibus
1505 1278 1815 1344 describit
1858 1280 2312 1344 Praecursoris
2372 1288 2439 1343 et
2480 1279 2748 1343 Domini
2817 1301 3087 1363 concep-

600 1394 841 1455 tionem
885 1402 1083 1478 atque
1118 1394 1592 1475 nativitatem33
1641 1391 1878 1457 Christi
1909 1392 2250 1456 infantiam
2270 1395 2315 1473 ⁴,
2361 1390 2524 1456 Jesu
2553 1390 2918 1456 Salvatoris
2951 1390 3090 1453 doc-

600 1506 835 1568 trinam
896 1504 1076 1569 facta
1134 1514 1201 1569 et
1258 1504 1635 1587 miranda-'⁵3
1706 1504 2056 1569 salutarem
2129 1505 2501 1591 passionem
2517 1507 2560 1585 Β,
2639 1503 2932 1569 reditum
3011 1501 3087 1565 ad

602 1618 803 1681 vitam
848 1626 1045 1701 atque
1092 1617 1367 1701 gloriam
1414 1618 1814 1681 ascensionis
1830 1620 1870 1680 ⁷.
1941 1616 2318 1681 Occurrunt
2362 1614 2688 1701 quaedam
2731 1614 3089 1701 peculiaria

605 1726 689 1792 ab
734 1728 861 1793 hoc
906 1752 1037 1793 uno
1086 1728 1513 1814 Evangelista
1554 1728 1780 1794 relata.
1845 1728 2026 1793 Illius
2065 1730 2325 1813 generis
2371 1737 2520 1792 sunt
2562 1729 2708 1810 ista,
2769 1726 2960 1814 quod
3019 1726 3094 1790 de

604 1864 653 1905 s.
679 1839 722 1905 J
726 1862 937 1905 oanne
984 1840 1250 1927 reliquis
1292 1844 1702 1907 accuratiora
1745 1839 2006 1923 habeat,
2051 1840 2230 1926 quod
2275 1840 2400 1905 tria
2445 1838 2721 1905 Cantica
2763 1861 2860 1905 sc.
2891 1840 2976 1903 B.
3009 1838 3092 1903 M.

604 1954 910 2039 Virginis,
942 1952 1299 2018 Zachariae
1326 1962 1393 2017 et
1416 1952 1740 2019 Simeonis
1759 1956 1830 2018 in
1849 1952 2155 2019 Ecclesia
2185 1952 2512 2017 cantanda
2543 1950 2888 2037 exhibeat3
2923 1951 3096 2039 quod

608 2065 1082 2149 Genealogiam
1130 2064 1489 2129 Salvatoris
1534 2068 1738 2131 nostri
1785 2066 2098 2131 extendat
2157 2087 2364 2151 usque
2411 2064 2496 2129 ad
2539 2064 2914 2147 Adamum;
2975 2086 3098 2150 qua
3208 2136 3210 2143 ,

606 2177 869 2243 demum
902 2180 1146 2264 pietate
1178 2176 1482 2243 mulieres
1512 2178 1763 2264 probae
1795 2176 2206 2243 Salvatorem
2235 2186 2624 2264 prosecutae
2657 2176 2908 2241 fuerint
2939 2199 3092 2264 prae

605 2292 839 2355 ceteris
869 2299 1163 2355 testatur.
1224 2289 1445 2375 Atque
1492 2289 1601 2353 illa
1645 2292 1737 2354 ita
1781 2312 1852 2354 se
1886 2291 2270 2377 exposuisse
2301 2289 2504 2371 addit,
2551 2290 2722 2353 sicut
2749 2288 3096 2355 Ecclesiae

601 2401 1012 2467 tradiderunt
1042 2403 1103 2485 ii,
1152 2403 1261 2487 qui
1292 2399 1377 2465 ab
1407 2403 1589 2465 initio
1623 2402 1887 2467 fuerant
1916 2404 2202 2467 omnium
2235 2411 2660 2488 spectatores.
2707 2400 2795 2464 Et
2827 2401 3094 2486 quidem

604 2514 847 2579 ordinis
912 2516 965 2578 si
1023 2513 1186 2579 alius
1250 2512 1576 2578 studiosus
1639 2514 1942 2597 ,καθεξῆςζ
2007 2514 2208 2579 multa
2267 2537 2426 2579 cura
2483 2512 2819 2599 multoque
2878 2514 3095 2605 studio

604 2628 918 2711 ,dapissffig‘3
964 2649 1069 2691 res
1114 2626 1278 2692 Jesu
1324 2626 1407 2691 ab
1455 2626 1728 2691 exordio
1775 2630 2026 2710 ,ἄνωθενι
2075 2626 2363 2712 digestas
2409 2624 2808 2691 contexebat
2852 2625 3096 2691 Theo-

602 2738 704 2824 ph
715 2738 879 2823 ylo,
926 2741 1029 2803 cui
1073 2737 1509 2823 Evangelium
1554 2762 1746 2804 suum
1793 2739 2140 2805 dedicavit.
2196 2738 2358 2819 Quis
2403 2749 2622 2803 autem
2667 2737 3100 2825 Theophylus

602 2850 709 2914 illc
745 2851 958 2933 fuerit,
1005 2852 1155 2915 trita
1184 2853 1352 2915 inter
1398 2851 1688 2917 eruditos
1733 2862 2031 2916 versatur
2075 2853 2390 2938 quaestio.
2443 2850 2594 2917 Non
2636 2850 2938 2934 defuere,
2991 2851 3100 2936 qui

602 2985 837 3026 vocem
897 2986 1203 3048 graecam
1264 2964 1579 3045 ,Θεόφιλοςί
1642 2963 2034 3049 adpellative
2083 2973 2442 3046 sumentes,
2503 2966 2568 3027 in
2627 2986 2772 3027 eam
2837 2963 3102 3028 abirent

606 3077 1032 3139 sententiam:
1094 3084 1167 3140 ut
1212 3076 1561 3140 crederent
1603 3099 1654 3141 s.
1699 3076 1926 3141 Lucae
1973 3076 2408 3161 Evangelium
2455 3075 2756 3139 omnibus
2805 3076 3100 3155 inscribi,

606 3188 717 3271 qui
762 3188 933 3251 veri
981 3198 1255 3252 essent
1297 3187 1447 3251 Dei
1494 3192 1948 3253 amatores&
2011 3187 2215 3253 Nobis
2262 3187 2706 3273 Theophylus,
2755 3189 2808 3251 si
2841 3188 3100 3251 natales
3208 3214 3210 3243 ι

817 3450 854 3515 ¹)
895 3449 1049 3513 Quod
1092 3452 1137 3511 1,
1166 3451 1317 3499 1—4.
1356 3454 1652 3513 enarratur,
1691 3456 1746 3500 ct
1770 3465 1964 3516 operae
2003 3452 2230 3515 pretium
2266 3450 2424 3501 fuerit
2455 3450 2698 3500 conferre
2723 3467 2844 3500 cum
2871 3450 3101 3517 prologo

603 3534 845 3601 Josephi,
885 3536 950 3584 de
988 3535 1128 3585 bello
1166 3535 1274 3585 iud.
1300 3536 1335 3585 1.
1375 3536 1419 3585 1.
1444 3553 1496 3601 p.
1522 3538 1605 3585 47.
1632 3541 1669 3586 t.
1697 3550 1802 3585 sec.
1865 3535 1905 3602 ²)
1941 3538 2042 3586 Er.
2071 3539 2116 3598 1,
2146 3538 2192 3587 1.
2227 3533 2408 3585 πολλοί
2441 3536 2714 3586 indefinite
2752 3537 2956 3586 dictum
2995 3536 3104 3586 κατ’
3208 3522 3210 3535 ’

606 3615 965 3691 ἔξουῠενισμὸν,
1012 3637 1078 3671 ne
1126 3622 1245 3687 quis
1293 3620 1381 3671 hic
1426 3621 1563 3671 alios
1608 3622 1986 3685 Evangelistas
2035 3636 2068 3671 a
2113 3640 2154 3672 s.
2181 3622 2333 3672 Luca
2373 3624 2547 3671 notari
2594 3628 2764 3687 putet.
2837 3622 3101 3687 Intelligit

604 3708 743 3757 enim
770 3708 819 3758 d.
846 3708 1025 3758 Lucas
1050 3723 1160 3758 non
1182 3706 1611 3773 Hagiographos‚
1652 3707 1742 3773 qui
1777 3704 1958 3757 πολλοί
1978 3710 2156 3759 vocari
2181 3714 2474 3774 nequeunt,
2511 3708 2606 3759 sed
2633 3710 2813 3774 potius
2845 3715 3104 3759 auctores

602 3796 739 3844 varii
792 3795 1002 3860 generis
1062 3794 1477 3860 descriptionum
1534 3794 1599 3843 de
1657 3779 1892 3856 Christo,
1953 3808 2093 3860 quac
2155 3810 2219 3844 eo
2279 3800 2518 3860 tempore
2580 3796 3104 3845 circumferebantur
3208 3792 3210 3847 ἒ

607 3881 905 3943 „Quoniam
944 3880 1157 3945 quidem
1193 3880 1361 3945 aliqui
1396 3880 1573 3929 conati
1611 3884 1751 3943 sunt,
1793 3894 1932 3945 qnae
1963 3880 2213 3930 dicuntur
2250 3882 2561 3946 apocrypha
2585 3882 2638 3931 in
2666 3898 2822 3931 suum
2849 3882 3102 3933 ordinem
3208 3928 3210 3951 ἰ

604 3968 870 4033 redigere,
909 3982 1081 4032 eaque
1116 3968 1370 4016 miscere“
1409 3967 1584 4031 inquit
1616 3981 1660 4015 s.
1688 3965 2037 4028 Athanasius,
2077 3982 2160 4033 ep.
2187 3967 2360 4017 festal.
2387 3984 2438 4033 p.
2465 3969 2586 4017 962.
2637 3966 2721 4017 Cf.
2752 3969 2990 4030 Patritii,
3031 3969 3102 4017 dc

603 4048 915 4119 Evangeliis
949 4054 1050 4103 ΙΙΙ.
1079 4056 1125 4117 1,
1152 4056 1201 4103 3.
1226 4070 1278 4119 p.
1306 4055 1353 4102 2.
1402 4052 1613 4115 Aberle,
1641 4058 1844 4117 exeget.
1871 4052 2111 4116 Studien,
2138 4055 2192 4102 in
2223 4068 2347 4103 ann.
2372 4054 2511 4103 Ttib.
2539 4054 2908 4114 Quartalschr.
2941 4056 3102 4104 1863.

609 4142 652 4192 Ι.
676 4144 797 4191 102.
824 4156 866 4190 s.
940 4140 981 4205 ³)
1022 4139 1080 4189 C.
1115 4140 1159 4189 I.
1231 4140 1274 4204 ⁴)
1315 4138 1374 4188 C.
1400 4139 1471 4187 Π.
1544 4138 1585 4205 ⁵)
1625 4140 1684 4189 C.
1710 4138 2010 4189 III—XXI.
2083 4140 2126 4205 θ)
2166 4139 2224 4189 C.
2250 4140 2424 4189 XXII.
2452 4140 2650 4190 XXIII.
2727 4140 2768 4206 ⁷)
2809 4140 2866 4190 C.
2893 4141 3102 4189 XXIV.

605 4226 648 4291 ⁸)
688 4228 964 4292 Origenes,
1012 4227 1067 4275 in
1103 4225 1235 4275 Luc.
1270 4225 1409 4275 hom.
1444 4226 1485 4275 1.
1522 4243 1574 4291 p.
1610 4228 1692 4277 90.
1744 4224 1798 4275 S.
1823 4226 2148 4288 Ambrosius,
2185 4227 2242 4277 in
2277 4226 2413 4275 Luc.
2462 4227 2508 4287 1,
2539 4229 2588 4275 4.
2627 4241 2810 4291 expos.
2847 4244 2896 4291 p.
2933 4230 3102 4277 1271).

606 4312 658 4363 S.
694 4313 1057 4379 Epiphanius,
1092 4312 1237 4362 haer.
1274 4311 1375 4375 LI,
1415 4314 1462 4361 7.
1499 4328 1550 4377 p.
1584 4314 1730 4375 429„
1777 4313 1868 4361 ubi
1913 4318 2094 4361 tamen
2139 4328 2246 4361 rem
2284 4313 2340 4360 in
2376 4312 2551 4361 medio
2599 4313 2782 4362 forsan
2819 4312 3100 4377 relinquit.

605 4398 915 4462 Salvianus,
960 4400 1112 4464 epist.
1146 4398 1239 4448 IX.
1277 4399 1359 4447 ed.
1394 4398 1652 4448 Barbulii.
1685 4399 1898 4448 Pisauri
1934 4400 2086 4449 1729.
2113 4416 2162 4463 p.
2193 4402 2308 4448 111.
2345 4398 2409 4447 V.
2435 4398 2612 4461 Beda,
2643 4414 2826 4464 expos.
2865 4400 2920 4448 in
2955 4400 3106 4449 Luc.

606 4502 656 4550 p.
690 4488 807 4535 218.
844 4486 915 4533 At
952 4490 1077 4535 sunt
1110 4485 1276 4534 multo
1312 4486 1527 4535 maioris
1566 4484 1815 4549 ponderis
1854 4491 2185 4549 argumenta,
2224 4498 2362 4550 quae
2397 4484 2762 4550 persuadeant
2796 4485 3106 4535 dedicatio-

604 4586 725 4620 nem
761 4571 900 4621 hanc
936 4574 1075 4621 viro
1122 4571 1375 4620 cuidam
1412 4576 1592 4620 certo
1628 4572 1826 4620 factam
1865 4586 1997 4620 esse.
2053 4571 2172 4620 Hoc
2207 4584 2436 4636 namque
2474 4571 2686 4635 flagitat
2721 4586 2770 4620 a.
2807 4577 3108 4621 contextus
