3267 5259
602 408 731 478 306
1360 420 1423 467 De
1454 422 1652 468 fontibus
1680 422 1841 469 Hister.
1875 421 1925 468 D.
1956 426 2008 468 N.
2036 425 2079 469 J.
2110 426 2156 469 C.
2185 436 2335 469 comm.

976 708 1036 786 ἓ.
1084 708 1189 773 58.
1258 705 1578 769 Literac
1624 705 1922 790 Abgari
1967 726 2212 791 penes
2255 664 2713 769 Eusebium.

807 902 1047 959 Praeter
1098 902 1425 975 Evangelia
1483 904 1763 960 canonica
1821 902 1940 960 iam
1993 902 2184 977 prima
2235 901 2528 959 Ecclesiae
2590 907 2786 959 aetate
2849 905 3073 959 circum-

598 1004 941 1063 ferebantur
963 982 1441 1077 commentarioli,
1469 1007 1681 1063 similis
1705 1008 2038 1081 argumenti
2061 1003 2106 1075 ¹3
2139 1026 2304 1082 saepe
2329 1009 2403 1063 ab
2427 1008 2742 1065 haereticis
2767 1006 3066 1083 compilati,

599 1129 805 1167 verum
847 1110 1066 1186 privati
1110 1116 1451 1168 manserunt
1478 1131 1635 1169 usus.
1697 1112 1916 1168 Eadem
1956 1114 2114 1168 enim
2159 1110 2334 1181 ratic,
2381 1130 2531 1188 quae
2573 1114 2767 1186 pet-ita
2807 1132 2846 1169 a
2887 1112 3070 1169 suffra-

600 1214 712 1289 giis
751 1216 1021 1290 proxime
1051 1218 1110 1272 ct
1152 1217 1494 1273 continuata
1536 1217 1685 1273 serie
1727 1216 2094 1293 sequentium
2133 1220 2392 1272 aetatum
2435 1218 2713 1289 genuinis
2751 1214 3070 1289 Evangeliis

601 1320 809 1375 asserit
850 1319 1274 1389 auctoritatem,
1322 1321 1794 1396 apocryphorum
1838 1319 2119 1378 elevat-et
2146 1319 2357 1388 diluit3
2407 1324 2610 1394 utpote
2645 1339 2904 1397 quorum
2931 1319 3070 1377 falsi-

603 1426 786 1480 tatem
832 1423 1213 1498 deprehendit
1257 1430 1317 1480 et
1367 1444 1592 1499 semper
1645 1424 1904 1500 prodidit.
1943 1423 2218 1481 Ecclesia.
2283 1424 2644 1500 Apocrypha
2699 1427 2904 1482 omnia
2952 1422 3074 1481 talia

596 1532 764 1598 sunt,
820 1527 1023 1605 qualia
1066 1528 1241 1585 fidem
1296 1529 1552 1587 nancisci
1606 1548 1725 1585 non
1776 1533 2080 1604 poterant:
2130 1528 2321 1586 veluti
2373 1529 2798 1603 phantasmata
2845 1529 3076 1604 insipida

594 1632 733 1689 Jesu
776 1632 1003 1703 afficta,
1064 1632 1215 1690 nulli
1262 1634 1493 1691 cordato
1542 1631 1749 1689 lectori
1796 1634 1998 1691 fucum
2041 1632 2352 1702 facientia;
2399 1634 2450 1689 si
2497 1638 2920 1708 comparentur
2959 1650 3076 1690 cum

598 1736 831 1811 scriptis
862 1736 1275 1812 Apostolorum
1305 1736 1578 1811 genuinis
1610 1742 1786 1815 atque
1815 1738 2076 1795 sinceris.

804 1840 1074 1898 Postulat
1100 1845 1299 1898 autem
1330 1840 1593 1899 instituti
1624 1842 1809 1900 nostri
1841 1843 2010 1922 ratio,
2061 1846 2129 1898 ut
2157 1840 2358 1916 paucis
2397 1840 2798 1918 disquiramus
2833 1842 2904 1897 de
2933 1840 3077 1915 Epi-

594 1944 786 2001 stola
816 1944 1121 2017 Christi,
1157 1940 1371 2023 quam²
1402 1940 1581 2021 ,ἰδίαις
1609 1940 1788 2021 Zspsi‘
1820 1946 1892 2003 ad
1918 1942 2262 2019 Abgarum³
2287 1945 2534 2002 Edessae
2567 1964 2766 2019 regem
2797 1946 3074 2019 scripsisse

596 2048 815 2106 dicitur
835 2046 877 2106 ⁴.
931 2049 1061 2106 Hae
1092 2049 1414 2107 Salvatoris
1443 2050 1647 2107 Nostri
1693 2049 1901 2107 literae
1945 2069 2064 2107 una
2105 2068 2240 2106 cum
2269 2049 2498 2122 Abgari
2538 2048 2734 2105 literis
2773 2050 2850 2105 ad
2879 2048 2910 2105 J
2917 2068 3078 2113 esum,

599 2172 759 2211 nunc
802 2153 1038 2231 quidem
1085 2155 1159 2210 ab
1208 2155 1481 2210 omnibus
1534 2153 1967 2211 commentitiae
2019 2158 2078 2211 et
2125 2152 2533 2228 supposititiae
2587 2172 2710 2209 esse
2761 2158 3076 2210 censentur.

601 2276 653 2314 a.
702 2257 870 2315 Certe
910 2259 958 2314 si
1000 2257 1246 2333 epistola
1276 2258 1496 2314 Christi
1539 2258 1611 2315 ad
1655 2259 1958 2331 Abgarum
1998 2260 2256 2331 genuina
2301 2262 2474 2327 esset,
2522 2277 2652 2314 eam
2693 2258 2760 2313 in
2803 2257 3078 2315 Canonem

596 2360 654 2417 S.
688 2360 746 2418 S.
782 2362 1089 2436 recepisset
1125 2361 1411 2431 Ecclesia;
1462 2362 1579 2418 imo
1628 2362 1866 2419 maioris
1911 2362 2281 2419 auctoritatis
2324 2362 2481 2419 foret
2523 2380 2702 2438 quam
2741 2360 3072 2435 Evangelia.

596 2464 959 2523 Thesaurum
1025 2470 1147 2523 tam
1206 2466 1505 2541 egregium
1565 2466 1786 2523 divinis
1846 2466 2166 2542 Scripturis
2225 2466 2584 2523 addidissent
2645 2465 2952 2541 Apostoli;
3009 2484 3072 2520 ne

594 2570 971 2628 veneratione
1005 2571 1201 2628 debita
1230 2570 1621 2628 fraudaretur.
1670 2570 1799 2629 Hoc
1822 2590 1954 2628 cum
1978 2572 2221 2627 minime
2244 2571 2464 2627 factum
2495 2572 2598 2639 sit;
2631 2574 2814 2647 atque
2840 2568 3070 2645 epistola

594 2673 815 2731 Christi
846 2674 919 2731 ad
952 2676 1273 2748 Abgarum,
1322 2694 1624 2751 nunquam
1666 2675 1898 2750 scriptis
1935 2674 2228 2733 canonicis
2269 2678 2350 2733 sit
2391 2676 2672 2750 apposita,
2723 2692 2846 2751 qua
2883 2680 3066 2731 tamen

592 2777 827 2835 nullum
848 2782 953 2835 aut
976 2778 1237 2837 divinius
1261 2784 1364 2835 aut
1385 2780 1644 2835 sanctius
1667 2778 1872 2836 haberi
1895 2780 2113 2850 debuit,
2141 2781 2350 2836 merito
2382 2780 2666 2835 reiicitur.
2715 2778 2830 2835 Sed
2858 2780 2916 2835 b.
2947 2778 3068 2834 dato

594 2900 871 2953 concesso,
918 2885 1068 2960 quod
1116 2883 1404 2957 genuinae
1449 2885 1570 2941 sint
1614 2886 1759 2941 istae
1804 2884 2011 2941 literae
2030 2880 2071 2955 ⁵,
2116 2884 2400 2962 quomodo
2439 2882 2748 2959 utriusque
2779 2880 3065 2958 epistolae,

591 3133 892 3195 patritium,
918 3134 1116 3198 Meyer,
1147 3132 1227 3183 ed.
1254 3133 1346 3182 IV.
1376 3134 1526 3182 1861.
1553 3150 1605 3198 p.
1625 3133 1716 3182 VI.
1737 3148 1781 3183 s.
1817 3132 2244 3197 Hengstenberg,
2272 3131 2369 3181 das
2395 3132 2566 3181 Evan.
2593 3130 2692 3181 des
2719 3130 2770 3180 h.
2795 3130 3080 3181 Johannes.

590 3219 735 3269 Berl.
773 3220 923 3270 1863.
960 3220 1058 3281 III,
1096 3222 1211 3269 388.
1240 3236 1281 3269 s.
1330 3219 1394 3269 F.
1422 3218 1611 3280 Godet,
1651 3219 1849 3269 Comm.
1875 3234 1964 3268 sur
2002 3218 2034 3267 l’
2070 3218 2336 3283 Evangile
2373 3218 2439 3267 de
2477 3216 2550 3267 St.
2575 3218 2739 3267 Jean.
2777 3218 2902 3267 Par.
2941 3218 3080 3267 1864.

588 3306 632 3367 1,
672 3308 752 3356 13.
789 3308 837 3356 8.
886 3306 1098 3368 Aberle,
1136 3306 1387 3371 Beitriige
1426 3322 1521 3355 zur
1556 3310 1783 3355 neutest.
1820 3306 2054 3367 Einleit.,
2099 3306 2153 3354 in
2189 3318 2313 3353 ann.
2351 3305 2489 3354 Tnb.
2526 3303 2896 3365 Quartalschr.
2938 3304 3077 3351 1864.

592 3393 635 3456 1,
664 3394 711 3441 7.
738 3408 779 3442 s.
829 3393 1135 3457 Haneberg,
1173 3392 1237 3442 E.
1263 3393 1325 3441 R.
1351 3393 1415 3442 L.
1440 3392 1493 3442 J.
1528 3409 1581 3458 p.
1609 3394 1692 3441 32.
1718 3407 1758 3441 s.
1808 3391 2173 3453 Tischendorf,
2211 3408 2275 3440 w,
2303 3406 2367 3440 w.
2394 3406 2446 3440 u.
2485 3391 2586 3439 Ev.
2613 3390 2747 3440 vert.
2785 3407 2840 3455 p.
2865 3392 2950 3439 49.
2977 3406 3018 3438 s.

804 3480 841 3545 ¹)
878 3480 942 3528 Ε.
981 3495 1030 3544 g.
1068 3480 1488 3541 Nazaraeorum,
1536 3479 1852 3541 Marcionis,
1902 3477 2402 3541 Protoevangelium
2451 3476 2669 3538 Jacobi,
2725 3475 3074 3541 Evangelium

592 3565 831 3616 Thomae
868 3580 912 3615 e.
940 3583 982 3616 s.
1008 3583 1086 3631 p.;
1126 3581 1262 3631 quae
1298 3581 1397 3616 nos
1436 3565 1649 3631 quidem
1685 3566 1741 3614 in
1779 3581 1911 3614 com.
1939 3564 2006 3614 de
2032 3563 2084 3613 S.
2113 3564 2164 3615 S.
2203 3565 2426 3629 eiusque
2461 3565 2678 3628 interpr.
2719 3563 3080 3612 discutiemus

596 3652 635 3718 2)
674 3650 729 3701 Si
764 3652 1021 3714 Eusebi0,
1058 3651 1207 3701 Eccl.
1243 3653 1382 3702 Hist.
1419 3652 1461 3715 1,
1500 3654 1581 3701 13.
1619 3668 1670 3716 p.
1711 3653 1810 3713 31„
1858 3652 1949 3716 qui
1987 3665 2103 3700 eam
2141 3652 2436 3715 praemissa
2469 3649 2669 3715 Abgari
2707 3648 2780 3698 ad
2817 3648 3076 3698 Christum

591 3738 833 3803 epistola,
871 3740 1071 3804 primus
1110 3754 1174 3788 ex
1211 3739 1473 3788 Archiviis
1510 3738 1801 3787 Edessenis
1838 3738 2060 3803 protulit
2095 3737 2375 3785 credimus.
2427 3735 2505 3788 Cf.
2534 3752 2579 3785 e.
2605 3735 2657 3784 J.
2693 3736 2748 3785 S.
2784 3735 3075 3793 AssemanL

589 3824 727 3874 Bibl.
762 3824 853 3874 Or.
888 3826 1039 3875 Rom.
1078 3827 1227 3874 1719.
1273 3825 1324 3887 1,
1360 3828 1477 3873 552.
1524 3824 1625 3873 111.
1663 3826 1720 3886 2,
1757 3825 1804 3873 8.
1857 3824 2056 3888 Bayer,
2101 3824 2342 3872 Historia.
2377 3822 2658 3872 Edessena
2695 3828 2750 3871 et
2786 3821 3076 3871 Osrhoene.

588 3912 801 3976 Petrop.
831 3913 982 3961 1734.
1021 3928 1071 3976 p.
1103 3914 1216 3961 109.
1244 3928 1286 3961 s.
1350 3910 1389 3975 ³)
1428 3911 1512 3960 Ita
1547 3912 1778 3960 occurrit
1803 3911 1857 3959 in
1882 3911 2106 3959 nummis
2139 3909 2242 3959 hoc
2277 3924 2501 3971 nomem
2541 3908 2636 3958 sed
2674 3914 2728 3958 et
2764 3910 3074 3973 scripturam

586 3994 823 4065 ’Ἀβγαρος
858 3997 1105 4048 Valesius
1152 4003 1313 4062 atque
1351 3997 1652 4047 Heinichen
1697 3998 1753 4046 in
1790 3996 2036 4047 editionis
2079 4010 2208 4045 suae
2245 4000 2447 4045 textum
2493 4001 2804 4045 constanter
2847 3995 3073 4059 recepit3

590 4084 735 4149 apud
770 4084 905 4134 alios
942 4085 1192 4133 scribitur
1228 4080 1464 4151 Αὕγαρος,
1509 4084 1598 4133 vel
1634 4084 1794 4133 etiam
1829 4080 2088 4151 ’Ἁγβαροςε
2138 4088 2222 4131 ast
2256 4082 2392 4131 haec
2433 4098 2542 4133 non
2584 4084 2755 4131 maior
2797 4082 3071 4130 diversitas

592 4176 707 4233 est,
748 4186 905 4236 quam
942 4172 1081 4220 inter
1116 4166 1267 4236 Δαβίδ
1306 4176 1359 4220 et
1394 4167 1559 4219 Δαυίδ.
1635 4172 1677 4235 ⁴)
1725 4172 1810 4221 De
1845 4170 2086 4219 Edessae
2121 4169 2245 4218 fatis
2283 4168 2456 4234 deque
2493 4170 2708 4233 Abgaro
2746 4184 2890 4233 rege,
2921 4168 2992 4215 cf.
3023 4165 3078 4215 J.

589 4257 961 4319 Wichelhaus,
1019 4257 1085 4306 de
1137 4257 1203 4306 N.
1246 4258 1308 4307 Τ.
1356 4259 1603 4307 versione
1659 4257 1898 4321 Syriaca.
1958 4255 2083 4305 Hal.
2135 4257 2285 4304 1850.
2337 4272 2387 4320 p.
2432 4258 2514 4305 53.
2557 4268 2600 4303 s.
2651 4256 2736 4303 92.
2779 4272 2822 4304 s.
2876 4256 2994 4303 111.
3035 4267 3074 4299 ε.

590 4344 630 4407 ⁵)
670 4344 1127 4404 Quemadmodum
1174 4343 1493 4394 defendunt:
1546 4343 1786 4405 Gretser,
1837 4342 2007 4405 Cave,
2059 4344 2323 4405 Pearson,
2361 4341 2544 4406 Serry,
2593 4342 2656 4391 R.
2693 4342 3070 4399 Montaenfius,

589 4428 795 4492 Grabe,
836 4429 1017 4495 Spicil.
1053 4431 1289 4480 Patrum.
1340 4430 1510 4479 Oxon.
1551 4431 1702 4479 1700.
1741 4429 1783 4491 Ι,
1824 4431 1868 4477 1.
1905 4446 1947 4478 s.
1994 4431 2112 4478 313.
2148 4443 2214 4491 s.;
2261 4427 2355 4477 ubi
2391 4433 2570 4477 tamen
2605 4444 2660 4493 p.
2695 4429 2813 4477 319.
2857 4442 2968 4475 rem
3015 4426 3070 4474 iu

548 4515 554 4521 ’
587 4515 760 4564 medio
798 4516 1097 4581 relinquere
1136 4518 1453 4566 tutissimum
1491 4518 1784 4579 existimat3
1823 4514 2022 4581 aliique
2061 4516 2198 4563 inter
2221 4512 2319 4565 hos
2347 4530 2505 4579 quem
2541 4514 2746 4564 mireris
2773 4512 3080 4568 Tillemont‚

585 4602 743 4651 Mem.
782 4603 823 4651 1.
851 4602 903 4651 S.
930 4602 1115 4652 Thom.
1155 4620 1205 4668 p.
1235 4605 1352 4653 361.
1380 4618 1421 4653 s.
1450 4620 1501 4653 n.
1526 4604 1589 4651 V.
1616 4620 1668 4669 p.
1697 4605 1814 4653 613.
