3267 5259
1248 454 1294 493 S.
1314 450 1477 493 Paulus
1503 451 1680 493 Romae.
2579 437 2708 503 427

220 633 483 707 viperam
505 629 527 671 ¹
571 650 783 691 manus
826 631 991 689 illius
1034 630 1389 691 ambientem
1434 633 1559 691 sine
1606 632 1820 691 damno
1865 632 1932 690 in
1980 630 2177 706 ignem
2217 630 2591 701 excussisset,
2641 636 2712 688 ut

218 738 409 794 Deum
447 738 746 795 habebant
762 732 807 794 ².
867 738 953 793 Eo
984 736 1048 793 in
1088 742 1283 795 tractu
1326 741 1499 795 erant
1536 737 1776 813 praedia
1815 735 2012 794 Publii
2054 736 2372 807 cuiusdam,
2419 734 2708 810 principis

218 843 277 899 in
306 840 509 899 insula
536 840 676 912 viri,
710 842 865 917 apud
895 860 1067 918 quem
1090 862 1137 898 s.
1165 840 1385 899 Paulus
1414 860 1548 899 cum
1578 840 1747 899 sociis
1779 860 1882 917 per
1907 840 2172 899 triduum
2199 838 2548 909 diversatus,
2581 841 2708 896 eius

218 948 371 1021 patri
417 945 573 1003 febri
616 950 677 1002 et
718 945 1055 1022 dysenteria
1097 944 1388 1003 laboranti
1436 944 1836 1004 valetudinem
1877 946 2142 1003 restituit
2159 942 2202 1003 3.
2263 943 2396 1001 Hoc
2433 942 2703 1019 prodigio

216 1050 417 1107 audito
459 1048 797 1107 Melitenses
836 1048 1063 1107 insulae
1102 1054 1363 1124 aegrotos
1407 1069 1607 1107 omnes
1645 1068 1752 1109 nec
1794 1050 2018 1108 frustra
2056 1050 2130 1107 ad
2169 1048 2514 1125 Apostolum
2553 1048 2705 1105 tule-

216 1160 389 1223 runt;
441 1158 731 1231 quotquot
770 1153 933 1211 enim
970 1160 1157 1225 erant,
1201 1154 1391 1212 curati
1427 1158 1585 1212 sunt.
1648 1153 1880 1225 Tribus,
1921 1154 2152 1232 hyemis
2183 1171 2371 1224 causa,
2415 1152 2480 1211 in
2511 1152 2708 1211 insula

215 1260 359 1316 actis
390 1258 711 1329 mensibus,
744 1260 1189 1317 conscendentes
1218 1258 1397 1316 aliam
1430 1259 1633 1317 navim
1659 1258 2134 1317 Alexandrinam
2151 1256 2176 1297 ⁴
2207 1259 2277 1315 ad
2309 1276 2439 1315 oras
2469 1256 2706 1315 Siciliae

216 1364 539 1437 progressi,
602 1362 831 1421 devecti
888 1368 1029 1422 sunt
1078 1364 1396 1440 Syracusas
1417 1360 1468 1433 ⁵,
1532 1364 1826 1437 Rhegium
1851 1360 1903 1435 ⁶,
1967 1362 2238 1421 Puteolos
2257 1360 2310 1433 ⁷,
2371 1362 2511 1419 inde
2567 1380 2707 1419 vero

216 1467 463 1525 Romam
484 1464 528 1524 ⁸.
600 1466 747 1524 Cum
790 1466 991 1524 fideles
1037 1469 1141 1545 qui
1186 1468 1403 1525 Romae
1451 1474 1623 1526 erant
1667 1469 1738 1525 de
1785 1468 2042 1526 adventu
2087 1466 2264 1525 Pauli
2307 1466 2708 1543 sociorumque

216 1571 607 1642 audivissent,
664 1573 747 1629 eis
799 1572 865 1629 in
913 1590 1215 1631 occursum
1265 1572 1372 1630 alii
1420 1591 1603 1650 usque
1645 1574 1718 1630 ad
1764 1572 1958 1630 forum
2004 1571 2191 1648 Appii
2211 1568 2250 1640 ⁹,
2307 1570 2412 1629 alii
2465 1572 2536 1629 ad
2591 1575 2708 1628 tres

216 1676 491 1733 tabernas
514 1672 563 1713 ¹⁰
590 1676 950 1751 prodierant.
985 1676 1083 1733 Sic
1105 1676 1340 1734 tandem
1366 1676 1587 1735 Paulus
1611 1676 1867 1734 Urbem
1891 1679 2126 1735 vinctus
2155 1676 2390 1753 quidem
2414 1675 2708 1749 ingressus

501 1838 637 1845 --φ

430 1924 469 1985 ¹)
508 1923 625 1974 Act.
652 1926 735 1988 28,
762 1927 810 1975 3.
850 1920 1105 1995 ,,ἕχιδνα“,
1142 1926 1307 1993 vulgo
1343 1926 1581 1992 viperam
1606 1926 1839 1977 reddunt
1860 1927 2104 1992 Aegypto
2137 1926 2390 1992 imprimis
2419 1926 2706 1992 propriam.

218 2012 442 2072 Larsen,
482 2011 519 2060 l.
557 2026 603 2061 c.
641 2028 693 2077 p.
734 2014 850 2062 102.
906 2012 1247 2064 colubrum
1304 2014 1538 2063 Berum
1592 2013 1820 2069 Linnaei
1875 2019 2047 2076 vocat,
2102 2015 2158 2063 in
2210 2014 2432 2078 Europa
2485 2011 2708 2062 australi

215 2098 567 2164 frequentem,
606 2099 1173 2163 fusco-canescentem,
1208 2106 1547 2151 venenatum.
1608 2098 1652 2168 ²)
1685 2101 1994 2151 Melitenses
2031 2100 2120 2150 hic
2155 2104 2353 2151 temere
2389 2101 2708 2151 sententiam

216 2186 659 2251 praecipitarunt,
700 2186 843 2252 qnod
878 2187 1077 2238 nemini
1112 2188 1255 2238 mala
1291 2187 1537 2239 accidere
1576 2189 1958 2251 existimarunt,
1996 2187 2100 2237 nisi
2139 2187 2231 2253 qui
2267 2192 2428 2237 antea
2473 2187 2708 2237 criminis

214 2274 449 2337 graviter
482 2272 674 2323 fuisset
707 2289 847 2323 reus.
886 2272 1193 2325 Communis
1233 2274 1449 2341 quidem
1486 2276 1606 2325 coll.
1663 2274 1841 2325 Ovidii
1878 2275 1939 2324 A.
1977 2275 2078 2337 111,
2117 2275 2166 2324 8.
2203 2274 2246 2337 Ι,
2274 2276 2393 2325 258.
2431 2273 2518 2323 hic
2555 2290 2706 2323 error

216 2364 330 2409 erat
365 2359 663 2425 gentilium.
702 2359 783 2409 cf.
819 2360 872 2411 J.
912 2360 974 2411 G.
1012 2361 1307 2424 Erlmanni,
1347 2362 1473 2412 diss.
1520 2361 1587 2412 de
1642 2361 1998 2413 Melitensium
2051 2361 2248 2411 iudicio
2285 2358 2394 2429 περὶ
2427 2363 2515 2425 τῆς
2552 2357 2706 2425 δίκης,

214 2448 266 2495 in
303 2445 465 2497 Thes.
502 2446 631 2512 phil.
669 2462 722 2512 p.
748 2448 866 2497 499.
923 2447 965 2513 ³)
1004 2448 1107 2509 Qui
1143 2448 1369 2499 Publius
1405 2449 1520 2498 Act.
1560 2450 1644 2513 28,
1681 2451 1729 2499 7.
1767 2448 2048 2517 ,,πρῶτος“,
2085 2449 2149 2499 V.
2175 2449 2425 2515 princeps
2463 2453 2704 2509 vocatur,

216 2538 330 2583 erat
366 2534 713 2599 magistratus
752 2548 1016 2597 romanus,
1042 2535 1138 2585 sed
1164 2534 1381 2585 inferior
1406 2550 1440 2585 a
1464 2542 1713 2602 praetore
1741 2535 1956 2586 Siciliae
1981 2534 2237 2602 pendens.
2266 2534 2401 2585 Gon.
2428 2533 2704 2596 Cicerone,

217 2636 263 2671 a.
301 2620 376 2671 11.
412 2622 471 2670 in
495 2622 717 2671 Verrem
752 2620 844 2683 IV,
885 2622 967 2671 18.
1004 2623 1055 2685 4,
1092 2624 1177 2673 21.
1202 2623 1369 2673 Vetus
1406 2624 1683 2689 inscriptio
1723 2622 1866 2689 apud
1903 2622 2226 2685 Cluverium,
2264 2622 2450 2672 Sicilia
2486 2624 2709 2689 antiqua

216 2724 335 2758 cum
373 2706 627 2758 Sardinia
663 2714 719 2759 et
755 2708 992 2759 Corsica.
1028 2708 1203 2774 Lugd.
1241 2710 1359 2760 Bat.
1399 2712 1551 2761 1619.
1588 2728 1642 2777 p.
1679 2712 1798 2761 443.
1837 2711 1904 2761 de
1953 2710 2124 2760 Lucio
2175 2709 2408 2776 quodam
2445 2709 2562 2760 Caii
2598 2708 2707 2759 filio

218 2796 399 2861 equite
438 2810 659 2846 romano
696 2795 885 2846 habet:
920 2796 1115 2863 πρῶτος
1152 2794 1443 2847 Melz-telmai.
1482 2799 1523 2861 ⁴)
1560 2798 1716 2848 Haec
1752 2814 1873 2848 cum
1907 2796 2186 2866 παρασήμῳ
2223 2802 2278 2847 et
2311 2797 2524 2863 quidem
2561 2794 2710 2846 Διοσ-

218 2880 411 2949 κούρων
457 2888 649 2933 ornata
693 2883 855 2933 fuisse
902 2889 1165 2933 narratur.
1216 2883 1331 2935 Act.
1371 2885 1455 2947 28,
1496 2887 1577 2935 11.
1614 2880 1918 2953 Διόσκουροι,
1975 2884 2167 2936 Castor
2204 2890 2258 2936 et
2294 2883 2504 2947 Pollux,
2561 2883 2707 2950 quod

218 2968 607 3037 navigantibus
661 2984 973 3021 succurrere
1029 2969 1370 3021 crederentur
1426 2971 1547 3022 coll.
1602 2972 1846 3035 Horatio,
1895 2986 2057 3022 carm.
2105 2971 2149 3021 Ι.
2186 2974 2235 3035 3,
2273 2974 2321 3022 2.
2358 2972 2409 3033 4,
2445 2973 2496 3022 8.
2535 2973 2618 3022 31.
2654 2972 2711 3022 in

220 3072 381 3122 prora
418 3058 573 3107 navis
610 3057 987 3121 pingebantur,
1024 3058 1111 3108 vel
1150 3058 1569 3109 collocabantur.
1616 3059 1964 3109 Ponebantur
2011 3058 2146 3111 haec
2193 3056 2446 3109 tutelaria
2492 3060 2712 3108 numina

216 3146 270 3193 in
316 3144 554 3195 navibus
599 3144 749 3207 ideo,
797 3148 857 3195 ut
904 3149 1022 3195 orta
1066 3149 1381 3211 tempestate
1427 3146 1495 3196 ad
1534 3146 1856 3212 placandam
1902 3146 2190 3212 procellam
2233 3145 2482 3212 precibus
2517 3145 2710 3195 iuvita-

218 3238 419 3282 rentur.
470 3229 554 3281 cf.
588 3232 639 3281 J.
676 3232 967 3294 Hasaeum,
1007 3232 1075 3283 de
1110 3232 1341 3283 navibus
1376 3232 1527 3283 Alex.
1565 3248 1609 3282 c.
1644 3235 1694 3283 3.
1731 3250 1782 3299 p.
1811 3235 1926 3283 722.
1952 3250 1994 3285 s.
2068 3234 2111 3298 ⁵)
2153 3232 2374 3284 Urbium
2411 3230 2710 3282 Sicularum

216 3318 519 3368 clarissima
564 3317 1023 3384 amplissimaque,
1072 3318 1121 3369 d.
1158 3336 1207 3385 q.
1242 3335 1292 3369 v.
1328 3318 1588 3382 Meisner,
1625 3319 1664 3371 1.
1701 3336 1746 3369 c.
1785 3338 1835 3387 p.
1879 3322 1960 3370 10.
1993 3334 2036 3369 s.
2109 3320 2152 3385 ⁶)
2201 3318 2342 3369 Olim
2389 3317 2708 3379 Brutiorum‚

216 3421 361 3455 nunc
402 3406 671 3471 „Reggiffl
712 3404 997 3455 Calabriae
1032 3406 1297 3457 inferioris
1334 3407 1603 3473 oppidum.
1649 3406 1909 3458 Notamus
1946 3408 2060 3473 pari
2095 3407 2286 3457 itinere
2321 3421 2477 3456 usum
2511 3406 2708 3467 Titum,

216 3490 435 3557 quando
474 3491 665 3541 deletis
689 3492 726 3541 J
728 3493 1039 3558 erosolymis
1074 3493 1130 3542 in
1155 3492 1367 3543 Italiam
1404 3493 1674 3557 tendebat,
1715 3500 1966 3545 narrante
1993 3492 2266 3555 Suetonio,
2303 3494 2408 3543 Vit.
2435 3493 2558 3544 Titi.
2585 3509 2630 3543 c.
2656 3495 2705 3543 5.

216 3579 299 3629 ed.
333 3579 555 3645 Argent.
590 3595 642 3644 p.
672 3580 793 3629 349.
867 3578 908 3644 ⁷)
946 3580 1157 3630 Puteoli
1193 3582 1249 3629 in
1288 3579 1585 3646 Campania
1621 3580 1672 3630 h.
1712 3581 2045 3642 „Pozzuolo“
2086 3580 2446 3631 alexandrinis
2483 3581 2710 3631 navibus

216 3670 509 3717 consuetus
547 3671 663 3715 erat
695 3671 900 3731 portus,
940 3682 1047 3731 quo
1084 3666 1257 3731 plenis
1292 3665 1427 3717 velis
1464 3668 1808 3732 navigabant,
1845 3668 1940 3717 ubi
1965 3666 2035 3717 ad
2057 3667 2456 3718 similitudinem
2492 3667 2708 3717 alexan-

216 3753 405 3803 drinae
440 3752 653 3802 Pharus
689 3756 959 3804 exstructa
994 3758 1125 3802 erat.
1198 3752 1241 3817 ⁸)
1280 3754 1431 3815 Quae
1468 3755 1646 3804 omnia
1681 3754 1943 3820 pluraque
1979 3754 2245 3805 habentur
2279 3754 2396 3804 Aet.
2421 3756 2504 3815 26,
2535 3754 2616 3803 13.
2641 3780 2708 3789 -

216 3842 297 3901 28,
328 3842 411 3891 14.
462 3836 635 3905 Ῥώμη
671 3837 701 3902 ἡ
742 3834 917 3906 κοριφή
952 3838 1053 3888 τῶν
1090 3836 1359 3903 ἐκκλησιῶν
1393 3840 1479 3889 τοῦ
1518 3837 1674 3902 Θεοΰ;
1708 3842 1794 3903 τῆς
1831 3837 2074 3906 εὐσεβείας
2113 3836 2424 3908 μητρόπολις.
2479 3840 2710 3901 „Roma

214 3926 439 3989 nobilis,
489 3925 635 3976 orbis
684 3929 738 3975 et
786 3925 1028 3990 domina;
1079 3930 1389 3977 cunctarum
1433 3928 1648 3977 urbium
1695 3927 2166 3991 excellentissima3
2215 3942 2370 3978 roseo
2418 3932 2708 3991 martyrum

216 4014 481 4079 sanguine
506 4012 708 4075 rubea3
748 4012 887 4063 albis
914 4017 967 4063 et
990 4014 1254 4078 virg-inum
1288 4013 1416 4065 liliis
1450 4014 1741 4079 candida“;
1779 4019 1840 4065 ut
1863 4014 2022 4065 habet
2047 4016 2297 4080 antiquus
2322 4013 2548 4078 hymnus
2573 4028 2614 4063 s.
2643 4028 2706 4062 eo

216 4101 687 4167 peregrinantium.
736 4100 937 4161 Quanti
961 4106 1015 4151 et
1038 4115 1177 4166 quae
1214 4100 1598 4167 diligentissimi
1624 4101 1788 4152 studii
1817 4102 1924 4153 ista
1946 4102 2088 4153 Urbs
2117 4102 2304 4167 digna!
2355 4101 2397 4163 ⁹)
2437 4098 2706 4166 Oppidum

216 4188 283 4237 ad
318 4187 727 4239 celeberrimam
751 4188 893 4237 viam
918 4188 1146 4255 Appiam
1181 4188 1353 4239 Roma
1376 4205 1471 4254 per
1494 4194 1704 4254 portam
1731 4188 2004 4254 Capenam
2037 4188 2398 4239 Brundusium
2433 4187 2706 4237 ferentem.

217 4275 413 4325 Forum
450 4275 801 4325 constitutum
835 4274 889 4323 in
927 4290 1056 4340 agro
1080 4274 1293 4335 Latino,
1331 4274 1425 4324 ubi
1451 4290 1595 4325 nunc
1632 4281 1714 4325 est
1751 4274 2047 4337 „Casarillo
2083 4292 2126 4326 s.
2153 4276 2386 4339 Maria“;
2425 4280 2479 4325 et
2512 4289 2709 4340 magna

218 4363 461 4411 visuntur
496 4360 663 4411 deleti
700 4361 883 4427 oppidi
919 4362 1163 4427 vestigia.
1232 4361 1289 4427 ¹⁰)
1326 4362 1459 4411 Tres
1494 4362 1753 4412 tabernae
1791 4368 2076 4412 creverunt
2099 4363 2152 4411 in
2179 4361 2432 4428 oppidum
2469 4361 2708 4411 eiusdem

220 4448 459 4499 nominis.
508 4448 574 4497 V.
602 4446 656 4497 S.
683 4446 925 4513 Gregorii
958 4464 1042 4513 ep.
1068 4448 1139 4509 H,
1165 4451 1249 4497 50.
1288 4448 1389 4513 Op.
1418 4452 1467 4511 2,
1494 4450 1611 4499 614.
1665 4448 1948 4498 Collocant
1981 4448 2157 4499 locum
2191 4448 2248 4498 in
2283 4449 2372 4499 via
2406 4449 2598 4513 Appia,
2637 4448 2706 4498 ad

218 4538 295 4586 33.
331 4536 401 4586 ab
426 4534 567 4585 urbe
592 4532 842 4599 lapidem.
889 4534 1049 4600 Appii
1072 4534 1245 4584 forum
1282 4550 1409 4585 vero
1434 4536 1490 4584 in
1514 4550 1646 4601 agro
1673 4534 1893 4585 Sentino
1917 4535 1986 4585 ad
2022 4536 2106 4585 61.
2131 4534 2164 4585 l.
2203 4535 2272 4584 ab
2309 4536 2440 4585 urbe
2476 4537 2707 4600 positum

216 4628 337 4673 erat.
396 4622 481 4672 cf.
522 4619 794 4683 Schwarz,
832 4619 899 4671 de
935 4620 1052 4671 foro
1077 4620 1237 4686 Appii
1272 4626 1328 4670 et
1361 4622 1481 4671 trib.
1506 4622 1718 4673 tabern.
1750 4621 1940 4671 Altorf.
1967 4623 2118 4671 1746.
2167 4620 2506 4673 Itinerarium
2539 4622 2706 4672 Anto-
