3267 5259
1158 474 1359 517 christus
1386 482 1631 525 romgm.
2521 452 2640 523 171

188 648 317 713 bant
356 650 417 711 in
458 651 599 733 via,
647 656 791 713 tum
835 648 918 713 de
962 650 1245 731 tristitia,
1301 670 1499 734 quam
1543 650 1611 712 in
1657 656 1930 733 aspectu
1971 668 2106 711 non
2153 643 2432 710 obscure
2484 664 2646 732 prae

188 783 243 824 se
281 760 591 826 ferebant.
640 761 807 826 Mox
862 760 1089 827 elicitis
1119 763 1484 825 animorum
1531 760 1853 845 cogitatis,
1900 757 2410 845 sapientissimus
2440 757 2644 843 Magi-

188 883 297 937 ster
334 896 557 938 eorum
604 874 672 938 in
722 872 1053 939 credendo
1099 872 1471 937 tarditatem
1517 871 1870 957 redarguit.
1931 871 2138 935 Facto
2189 870 2426 935 deinde
2463 872 2645 935 initio

188 1008 221 1048 a
251 986 459 1071 Moyse
504 984 909 1071 reliquisque
954 985 1310 1071 prophetis,
1341 1007 1462 1071 per
1508 984 1794 1070 singulas
1826 1006 1874 1048 s.
1909 982 2172 1049 Codicis
2200 992 2422 1069 partes
2451 984 2644 1048 inter·

186 1108 437 1183 pretatus
484 1109 591 1163 est
634 1090 813 1181 illis,
846 1120 925 1163 ea
972 1120 1141 1183 quae
1188 1097 1275 1162 ad
1318 1100 1531 1184 ipsum
1578 1106 1954 1183 spectarent
1997 1096 2324 1161 vaticinia.
2393 1095 2498 1160 Ita
2559 1095 2646 1161 ad

186 1210 394 1294 locum,
439 1234 575 1298 quo
626 1210 1146 1294 contendebant,
1216 1232 1366 1275 cum
1410 1219 1800 1297 perventum
1847 1218 1964 1293 est,
2013 1209 2380 1294 composuit
2423 1216 2646 1293 gestus

188 1345 247 1387 ae
285 1334 489 1390 motus
534 1334 853 1410 tanquam
896 1326 1101 1389 iturus
1145 1323 1423 1409 longius.
1481 1322 1574 1389 At
1616 1322 1707 1387 illi
1749 1321 2204 1387 vehementius
2247 1340 2517 1405 urgere,
2579 1330 2646 1384 et

186 1448 243 1501 ut
278 1459 547 1523 vespera
590 1435 945 1501 inclinante
993 1459 1143 1502 cum
1188 1438 1347 1523 ipsis
1391 1444 1690 1501 maneret
1718 1436 1988 1521 petiere.
2023 1433 2428 1519 Cogentibus
2461 1433 2646 1519 quasi

188 1548 481 1635 discipulis
500 1554 521 1593 ¹
568 1552 788 1614 vicum
830 1550 1097 1614 intravit
1140 1570 1291 1614 cum
1334 1548 1457 1633 illis
1499 1570 1866 1613 mansurus.
1913 1524 2334 1612 Accumbens
2375 1566 2642 1610 mensae

187 1660 347 1727 Jesus
386 1686 632 1749 panem
680 1663 959 1749 accepit,
1006 1662 1313 1748 dictaque
1362 1664 1656 1727 oratione
1703 1669 2015 1726 consueto
2063 1681 2180 1725 suo
2223 1680 2404 1724 more
2451 1658 2648 1743 fregit

189 1786 237 1837 et
291 1776 632 1859 distribuit3
704 1797 901 1862 quem
968 1798 1118 1840 cum
1187 1774 1530 1841 exhiberet
1594 1777 1888 1860 utrique,
1965 1774 2176 1859 aperti
2249 1780 2399 1837 sunt
2473 1769 2644 1836 oculi

189 1890 417 1951 eorum²
460 1898 531 1953 et
572 1886 775 1953 veluti
820 1890 1069 1953 reversi
1116 1887 1200 1952 ad
1246 1910 1317 1952 se
1361 1890 1539 1973 ipsos
1586 1893 2042 1972 cognoverunt
2101 1907 2246 1949 esse
2292 1878 2642 1949 Christum.

194 1998 391 2064 Statim
435 2024 519 2066 ac
566 2001 861 2067 Christus
907 2002 1165 2087 agnitus
1212 2010 1328 2084 est,
1377 1999 1712 2087 disparuit.
1767 1999 2170 2085 Stupuerunt
2212 1997 2300 2062 illi
2347 2006 2414 2061 et
2453 1998 2644 2061 mira-

188 2111 406 2197 bantur,
486 2113 666 2201 quod
727 2115 915 2179 citius
972 2136 1106 2179 non
1164 2114 1555 2199 agnoverint
1626 2112 2004 2177 Dominum.
2071 2111 2268 2194 Hinc,
2326 2110 2644 2195 inquiunt,

191 2246 317 2309 ergo
358 2236 541 2291 tanta
584 2228 785 2291 animi
827 2225 1249 2291 inflammatio
1300 2234 1567 2291 causata
1610 2226 1677 2289 in
1721 2224 1912 2290 nobis
1945 2247 1982 2289 e
2027 2244 2332 2289 sermone
2363 2224 2429 2286 in
2461 2222 2646 2285 vial³

188 2336 317 2401 Mox
358 2340 601 2425 gemini
642 2337 733 2403 illi
781 2337 1079 2425 discipuli
1126 2340 1371 2403 reversi
1418 2337 1462 2404 J
1466 2336 1885 2424 erosolymas,
1948 2339 2145 2402 totius
2193 2338 2287 2400 rei
2335 2335 2646 2400 certiores

188 2446 449 2516 fecerunt
494 2450 872 2537 Apostolos,
942 2453 1051 2537 qui
1110 2474 1333 2516 rursus
1377 2452 1535 2537 ipsis
1585 2461 2056 2536 exposuerunt,
2105 2448 2282 2535 quod
2326 2469 2562 2513 revera
2607 2469 2647 2511 a

189 2566 421 2629 mortuis
480 2566 919 2629 resurrexerit
983 2565 1308 2629 Dominus
1354 2574 1420 2629 et
1466 2562 1712 2629 Simoni
1760 2561 2292 2650 conspiciendum
2339 2584 2410 2627 se
2454 2582 2644 2647 prae·

192 2670 389 2741 buerit.
464 2677 715 2741 Verum
776 2698 861 2741 ne
926 2676 1025 2740 his
1096 2677 1359 2764 quidem
1420 2678 1635 2742 statim
1697 2676 1928 2763 reliqui
1993 2676 2191 2740 fidem
2258 2673 2646 2757 habuerunt,

188 2785 485 2871 Apostolis
531 2789 749 2853 adhuc
795 2812 930 2853 una
975 2792 1391 2874 congregatis
1452 2799 1519 2854 et
1579 2788 1906 2875 colloquia
1964 2790 2132 2853 inter
2193 2811 2262 2853 se
2321 2788 2645 2851 miscenti-

186 2897 286 2963 bus
301 2904 343 2982 ⁴‚
384 2902 633 2967 subitus
666 2904 843 2967 stetit
872 2902 1069 2967 Jesus
1098 2904 1166 2966 in
1195 2901 1412 2967 medio
1445 2901 1756 2967 undecim
1779 2904 1823 2984 ⁵,
1873 2912 1938 2966 et
1983 2902 2148 2966 dixit
2191 2900 2335 2965 Pax
2379 2899 2596 2964 vobis!
2623 2902 2648 2943 ⁶

188 3011 275 3075 Ad
314 3036 471 3099 quos
503 3038 655 3079 cum
685 3036 928 3100 repens
974 3014 1367 3097 advenisset,
1415 3017 1739 3101 perterriti
1788 3038 2014 3079 omnes
2047 3016 2340 3101 spiritum
2375 3034 2644 3078 cernere

188 3124 287 3189 sibi
328 3126 731 3193 videbantur.
780 3127 1106 3193 Dominus
1136 3138 1209 3193 ut
1240 3130 1664 3193 certissimam
1695 3128 2215 3193 Resurrectionis
2259 3148 2416 3191 suae
2446 3124 2644 3189 fidem

188 3234 426 3323 faceret,
482 3240 771 3305 ostendit
828 3242 905 3305 iis
967 3241 1305 3305 cicatrices
1364 3240 1710 3305 vulnerum
1765 3242 1831 3303 in
1886 3239 2186 3305 manibus
2234 3249 2302 3303 et
2345 3238 2644 3325 pedibus,

188 3346 451 3437 latusque
497 3363 733 3439 sponte
784 3352 1013 3418 obtulit
1060 3354 1595 3440 conspiciendum
1645 3362 1710 3417 et
1755 3352 2178 3440 palpandum.
2251 3351 2438 3433 Quae
2497 3372 2645 3415 cum

190 3463 329 3545 egit,
393 3464 815 3552 exprobravit
856 3465 1189 3551 Apostolis
1250 3466 1802 3549 incredulitatem,
1873 3475 2070 3552 atque
2137 3468 2202 3529 in
2263 3464 2644 3529 memoriam

374 3684 409 3749 ¹)
458 3686 691 3747 Quinam
730 3685 835 3735 duo
888 3686 967 3735 illi
1025 3682 1105 3748 „35
1153 3683 1364 3750 αὖτῶν“,
1410 3692 1471 3736 ut
1516 3702 1558 3737 s.
1595 3628 1895 3749 Lucas-24,
1922 3688 2005 3736 13.
2044 3691 2098 3736 et
2131 3700 2173 3735 s.
2201 3687 2415 3736 Marcus
2454 3686 2536 3749 16,
2566 3687 2646 3735 12.

191 3768 334 3831 aiunt,
368 3770 570 3835 fuerint,
610 3774 1043 3823 controvertitur.
1093 3774 1215 3824 Non
1252 3788 1317 3823 ex
1352 3773 1651 3839 Apostolis,
1701 3773 1796 3823 sed
1842 3790 1906 3823 ex
1946 3773 2220 3840 discipulis
2256 3773 2419 3823 fuisse
2459 3772 2650 3823 suadet

191 3868 357 3905 nomen
406 3862 557 3909 unius
612 3854 821 3917 κλεᾶπας
878 3888 945 3896 -
1000 3860 1049 3909 d.
1100 3878 1149 3927 q.
1204 3860 1309 3926 leg.
1366 3860 1499 3927 disq.
1543 3860 1694 3911 Alter
1742 3866 1824 3911 est
1871 3875 2184 3926 anonymus.
2243 3888 2308 3897 --
2367 3864 2510 3910 certe
2546 3860 2646 3908 viri

196 3942 267 4002 qui
300 3958 403 3992 non
430 3945 529 3996 fuit
564 3946 871 4012 Apostolus.
932 3946 1161 4007 Quidam
1214 3946 1361 3997 nullo
1410 3962 1626 4012 prorsus
1675 3946 2022 3997 fundamento
2071 3948 2237 3997 innixi
2287 3938 2510 3997 alter-uni
2559 3945 2646 3994 vel

196 4041 230 4073 s.
258 4026 457 4093 Lucam,
492 4033 581 4083 vel
616 4032 1009 4083 Nathanaelem
1042 4032 1260 4083 habent.
1322 4032 1364 4100 ²)
1411 4033 1551 4095 Quia
1586 4034 1826 4084 ablatum
1865 4039 1981 4084 erat
2021 4034 2465 4101 impedimentum,
2505 4030 2648 4097 quod

200 4112 421 4167 obstabat
451 4120 728 4185 agnitioni.
794 4119 837 4185 ³)
876 4118 958 4169 cf.
996 4119 1069 4169 M.
1098 4119 1157 4170 C.
1184 4120 1514 4185 Rusmeyeri,
1552 4120 1674 4171 hist.
1699 4136 1890 4172 resurr.
1917 4120 2131 4171 Christi.
2169 4119 2467 4186 Gryphisw'.
2496 4119 2646 4169 1⁷35.

196 4202 331 4261 p.14.
358 4220 396 4255 s.
449 4206 489 4270 ⁴)
526 4205 657 4256 Sero
694 4208 801 4255 iam
840 4205 954 4255 eius
991 4206 1111 4270 diei,
1149 4208 1351 4273 primae
1388 4212 1511 4273 post
1546 4207 1844 4270 sabbatum,
1891 4207 2093 4257 foribus
2139 4206 2324 4257 domus
2361 4206 2454 4255 ubi
2491 4205 2646 4255 disci-

198 4287 289 4347 puli
323 4298 669 4342 convenerant
704 4298 849 4343 metu
885 4292 1213 4343 Judaeorum
1252 4293 1461 4344 clausis.
1526 4294 1569 4359 ⁵)
1608 4294 1730 4355 Quo
1764 4299 1874 4343 tum
1913 4310 2130 4343 numero
2158 4292 2456 4359 apostolica
2480 4294 2646 4343 socie-

200 4374 265 4419 tas
297 4378 665 4443 nominabatur,
705 4380 948 4445 quamvis
988 4380 1201 4430 abesset
1237 4397 1279 4431 s.
1304 4379 1553 4431 Thomas.
1591 4380 1704 4431 Imo
1741 4381 1770 4430 Ι
1809 4380 1929 4431 Cor.
1967 4382 2049 4443 15,
2086 4383 2134 4430 5.
2174 4380 2367 4430 dicitur
2403 4378 2648 4431 Christus

200 4461 473 4523 ⁸pparuisse
532 4464 665 4528 „rof-3
720 4463 945 4515 δώδεκα“
961 4502 975 4528 ,
1038 4467 1137 4517 etsi
1196 4464 1343 4517 Juda
1403 4468 1507 4517 iam
1563 4468 1852 4531 exstincto,
1915 4467 2142 4517 necdum
2197 4465 2367 4517 electo
2421 4466 2646 4519 Mathia.

201 4542 235 4676 Ξ)
274 4544 429 4599 Sensu
470 4554 785 4618 praegnanti
834 4568 965 4619 pax,
1021 4568 1178 4619 quam
1222 4554 1341 4603 Deo
1392 4554 1735 4605 reconciliato
1783 4554 2031 4605 Salvator
2079 4554 2391 4619 impertitur.
2447 4554 2648 4619 Ephes.

228 4666 241 4689 ‚
268 4635 341 4681 14.
377 4633 563 4689 coloss.
605 4644 651 4703 1,
679 4642 763 4690 20.
