3267 5259
528 388 733 439 LXXII
1360 402 1606 453 Apparatus
1635 400 1858 443 Historiae
1877 422 1916 431 -
1935 398 2186 442 chronicus.

529 579 877 631 «inniterentur
887 597 906 640 ‚·
960 578 1026 629 iis
1072 578 1218 628 nulla
1260 592 1385 629 sane
1428 576 1593 641 pietas
1628 577 1764 641 suit,
1813 577 2033 626 niaoeime
2067 577 2348 639 perspicua
2391 574 2764 637 Prophetarum
2811 572 3038 623 oracula

518 666 682 730 salsis
730 664 1227 730 interpretationibus
1272 664 1325 714 in
1367 666 1640 729 pessimum
1683 680 1882 714 sensum
1923 662 2234 727 detorquere.
2295 661 2417 712 Dici
2460 668 2628 711 autem
2675 658 2844 709 verbis
2881 657 3038 708 hami

521 758 713 819 potest,
759 769 913 817 quam
955 752 1197 802 violenter
1230 749 1426 802 Judaei
1458 756 1650 801 textum
1698 748 1932 801 Danielis
1981 754 2242 814 torqueant
2275 754 2322 798 et
2367 765 2516 813 quam
2551 745 2780 798 absurda
2819 745 3031 796 commi-

528 838 803 902 niscantur,
840 844 895 889 ut
927 838 1031 888 vim
1064 839 1319 889 rationum
1354 854 1485 902 quae
1520 836 1642 887 inde
1675 834 1861 887 deduci
1893 837 2050 887 solent
2086 834 2364 897 declinent5
2416 851 2626 899 quorum
2659 838 2888 885 attamen
2925 834 3036 882 sin-

528 927 676 993 yulas
722 924 991 977 sententias
1022 924 1223 988 falsas,
1274 940 1403 989 quae
1448 930 1552 974 tum
1600 922 1657 973 in
1691 922 1842 973 litera
1877 921 2205 988 explicanda,
2247 928 2354 973 tum
2397 924 2453 971 in
2497 920 2694 971 ratione
2737 926 3030 985 temporum

532 1012 771 1077 deficiunt
786 1050 799 1075 ,
847 1029 943 1077 quo
992 1014 1157 1061 minus
1201 1009 1537 1075 refutaremus
1571 1008 1623 1061 J.
1661 1008 2005 1059 Frisclimuthi
2051 1007 2315 1075 diligentia
2363 1010 2520 1060 otium
2554 1008 2698 1072 fecit.
2761 1007 3039 1058 Exhibitis

532 1106 746 1164 quatuor
781 1097 1217 1150 dissertationibus
1240 1125 1308 1135 —
1334 1095 1539 1148 evidens
1561 1094 1921 1147 demonstratio
1945 1094 2185 1147 Messiam
2220 1094 2490 1147 secundum
2525 1100 2805 1159 computum
2829 1093 3037 1145 Danie-

532 1186 596 1237 lis
625 1184 829 1251 pridem
864 1186 1198 1250 apparuisse,-
1228 1202 1283 1249 p.
1308 1184 1350 1235 I.
1382 1183 1525 1235 Thes.
1552 1183 1619 1234 th.
1657 1182 1743 1247 ph.
1771 1180 1927 1233 Amst.
1961 1184 2109 1233 1701.
2137 1200 2198 1247 p.
2226 1185 2343 1233 902.
2368 1199 2408 1233 s.
2446 1182 2510 1231 de
2551 1180 2712 1231 LXX.
2749 1178 3038 1231 hebdoma-

532 1272 704 1334 dibus;
761 1272 829 1325 ib.
856 1289 917 1336 p.
959 1274 1079 1322 909.
1123 1290 1165 1323 s.
1219 1270 1284 1321 de
1335 1270 1650 1321 Judaeorum
1702 1272 1947 1331 amentia,
2003 1270 2236 1323 caecitate
2289 1277 2336 1319 et
2387 1276 2592 1333 stupore
2642 1269 2778 1318 circa
2829 1275 3040 1332 tempus

535 1358 783 1410 adventus
818 1358 1063 1420 Messiae,·
1098 1359 1164 1409 ib.
1190 1360 1308 1409 918.
1344 1356 1410 1409 de
1445 1356 1665 1409 Messias
1701 1357 1952 1409 excisione
1987 1362 2034 1409 et
2071 1356 2536 1423 Hierosolymomm
2571 1354 2922 1407 devastatione
2961 1355 3038 1405 ib.

527 1464 587 1511 p.
616 1449 736 1497 929.
762 1464 803 1497 s.
828 1474 889 1482 --
906 1451 1083 1511 partes
1104 1462 1224 1496 suas
1245 1444 1350 1497 sive
1372 1445 1646 1495 communis
1686 1444 2006 1497 Christianae
2037 1460 2220 1495 causae
2257 1442 2501 1495 adversus
2523 1443 2754 1494 Judaeos
2776 1441 3036 1507 feliciter,

538 1538 585 1583 et
620 1550 720 1584 non
755 1534 958 1599 wlgari
990 1550 1099 1583 cum
1135 1531 1304 1592 laude,
1341 1532 1592 1583 sustinuit.
1653 1530 1757 1583 Sed
1793 1530 1947 1583 etiam
1982 1531 2130 1581 multi
2163 1548 2190 1581 e
2223 1530 2553 1595 scriptoribus
2581 1529 2906 1591 Christianis,
2944 1530 3041 1579 ubi

536 1619 778 1670 Danielis
812 1621 1102 1670 vaticinium
1115 1656 1128 1681 ,
1164 1618 1229 1669 de
1264 1635 1359 1685 quo
1394 1619 1475 1670 hic
1508 1618 1787 1683 disputatio
1823 1626 1910 1681 est,
1961 1617 2288 1683 interpretari
2329 1620 2495 1668 conati
2539 1622 2654 1667 sunt
2663 1635 2684 1678 ‚-
2729 1622 3042 1667 erraverunt

538 1724 689 1771 quam
738 1706 1025 1773 lonyissime
1068 1724 1103 1756 a
1146 1722 1280 1757 vero.
1352 1704 1457 1757 Aut
1502 1708 1634 1756 enim
1690 1704 1821 1755 duce
1863 1705 2191 1771 antesiynano
2235 1722 2326 1756 suo
2376 1708 2536 1770 equite
2581 1704 2780 1754 britano
2824 1702 3042 1754 Joanne

537 1792 598 1842 M
608 1794 937 1855 arshamo,
988 1792 1261 1844 Cho-onicus
1313 1792 1489 1843 Canon
1535 1792 1897 1859 Aeqyptiacus,
1941 1792 2214 1853 Ebraicus,
2278 1791 2503 1843 Graecus
2537 1797 2586 1842 et
2633 1790 3038 1855 disquisitiones.

542 1878 706 1931 Lond.
736 1882 893 1931 1672.
918 1897 1045 1931 saec.
1072 1878 1283 1932 XVIII.
1307 1878 1453 1931 hebd.
1488 1878 1622 1930 Dan.
1655 1897 1710 1945 p.
1739 1882 1858 1929 568.
1882 1897 1942 1940 s.,
1977 1878 2307 1929 contendunt.-
2341 1878 2432 1929 sub
2457 1877 2698 1928 Antiocho
2735 1877 3041 1944 Epiphanes,

535 1974 711 2017 contra
746 1982 889 2031 quem
924 1968 1307 2017 insurrexerunt
1342 1964 1647 2018 machabaei
1679 1982 1762 2017 res
1797 1984 1830 2015 a
1867 1966 2086 2027 Daniele
2126 1964 2454 2016 annuntiatas
2497 1963 2771 2031 contiyisse.
2833 1964 2942 2015 Aut
2983 1964 3042 2013 in

538 2059 691 2103 morte
714 2052 875 2105 Oniae
898 2052 1171 2105 sacerdotis
1195 2053 1495 2117 completum
1517 2052 1812 2103 vaticinium
1835 2050 2043 2115 docent,·
2075 2052 2158 2102 cui
2173 2058 2428 2117 postremo
2453 2054 2614 2102 errori
2637 2068 2693 2102 se
2715 2050 3042 2115 mancipavit

534 2144 717 2191 summi
752 2140 941 2207 ingenii
974 2147 1022 2191 et
1056 2139 1317 2191 doctrinae
1351 2141 1433 2189 vir
1469 2139 1792 2203 Hardziinus,
1840 2139 2025 2189 Chron.
2075 2138 2178 2190 Vet.
2220 2138 2348 2190 Test.
2388 2156 2434 2203 p
2491 2142 2524 2187 5
2531 2141 2614 2189 92.
2651 2155 2691 2187 s.
2753 2137 3041 2188 Enimvero

537 2233 750 2293 utraque
786 2226 1117 2291 explicatione
1151 2226 1357 2277 divinae
1396 2226 1703 2291 Prophetiae
1741 2226 1983 2276 Danielis
2017 2228 2291 2277 auctoritas
2327 2232 2372 2275 et
2397 2224 2536 2289 fides
2569 2230 2796 2292 negatur.
2864 2224 3042 2276 Verba

528 2315 809 2380 prophetae
832 2312 1067 2365 Danielis
1090 2316 1284 2377 misere,
1322 2314 1388 2364 sit
1409 2316 1559 2364 venia
1582 2312 1750 2375 verbo,
1786 2312 1987 2363 iudaice
2009 2311 2064 2363 in
2087 2313 2216 2363 bunc
2242 2329 2444 2364 sensum
2467 2318 2723 2377 torquent:
2759 2311 3040 2377 Lanqhen·

536 2402 737 2464 mantel,
776 2398 840 2452 de
878 2400 1050 2455 LXX.
1076 2399 1221 2452 hebd.
1253 2418 1355 2465 pro
1392 2400 1460 2453 R.
1497 2400 1557 2455 P.
1602 2398 1896 2462 Harduino,
1931 2402 1988 2449 in
2021 2418 2101 2465 op.
2137 2400 2226 2450 sel.
2266 2398 2438 2449 Hard.
2478 2398 2555 2450 ed.
2593 2398 2750 2451 Amst.
2785 2400 2942 2449 1708.
2974 2418 3039 2464 p.

536 2490 661 2538 880.
686 2504 726 2538 s.
776 2486 828 2537 J.
854 2486 921 2538 D.
950 2486 1235 2551 Michaelis,
1286 2486 1500 2539 Ver-such
1533 2487 1658 2537 {lber
1693 2486 1777 2538 die
1811 2478 2058 2551 siebenziq
2089 2486 2300 2537 Woclzen
2335 2485 2566 2535 Daniels.
2602 2486 2737 2537 (ἔδει.
2763 2504 2812 2538 u.
2841 2486 3038 2537 Gotha.

538 2577 685 2624 1771.
744 2574 1025 2637 VeltJiusen,
1061 2573 1445 2639 Muthmassuny
1481 2578 1529 2624 u.
1555 2572 1605 2623 d.
1632 2574 1906 2625 siebenmal
1932 2575 2012 2623 70.
2039 2572 2200 2625 Jahre
2237 2572 2328 2623 des
2361 2572 2564 2623 Daniel.
2601 2573 2842 2623 Hannov.
2873 2575 3042 2627 1774.

540 2660 834 2727 Anonymus
881 2662 1087 2727 anylus,
1136 2678 1169 2711 a
1206 2662 1327 2725 free
1372 2663 1579 2727 inquiry
1626 2661 1731 2711 into
1768 2659 1983 2710 Daniels
2029 2660 2190 2711 vision
2225 2676 2282 2711 or
2313 2660 2574 2726 propheey
2610 2660 2679 2724 os
2703 2660 2784 2711 the
2825 2666 3042 2727 severity

539 2748 719 2798 weeks.
759 2746 919 2801 Lond.
961 2750 1113 2799 1778.
1148 2766 1191 2798 s.
1229 2748 1320 2799 Fr.
1358 2747 1666 2809 Lb'venham,
1707 2748 1890 2813 inquis.
1923 2750 2032 2797 cn't.
2071 2753 2114 2797 et
2151 2763 2288 2813 eaeey.
2328 2747 2384 2796 in
2417 2746 2640 2811 diffie-ult
2669 2746 2852 2812 proph.
2895 2748 3044 2797 Dan.

542 2832 593 2887 0,
630 2834 726 2884 IX.
764 2834 1075 2901 Wirceburyi
1108 2836 1257 2885 1787.
1309 2832 1544 2898 C'orrodi,
1590 2834 1728 2887 Vers.
1767 2850 1810 2885 e.
1851 2834 1963 2885 Bel.
2001 2832 2053 2883 d.
2101 2833 2278 2885 Gesck.
2315 2832 2368 2883 d.
2394 2832 2501 2884 iiid.
2527 2852 2575 2883 u.
2603 2832 2772 2885 christ.
2801 2834 3045 2885 Bibelca-

540 2938 683 2971 nons.
712 2920 868 2972 Halle
898 2923 1049 2972 1792.
1077 2922 1119 2971 Ι.
1146 2923 1231 2971 82.
1258 2924 1341 2971 92.
1367 2940 1407 2971 s.
1451 2924 1514 2975 L.
1542 2920 1826 2984 Bet-cholda
1853 2920 1992 2971 Dan.
2015 2926 2064 2971 it.
2089 2938 2140 2971 u.
2161 2922 2289 2972 erkl.
2315 2918 2429 2971 Erl.
2456 2923 2707 2971 1806—8.
2745 2920 2821 2983 ΙΙ,
2840 2924 2969 2971 565.
2997 2940 3041 2975 s.

541 3006 817 3069 Eichliorn,
846 3008 976 3075 Altq.
1006 3008 1140 3059 Bibl.
1165 3008 1217 3059 d.
1242 3008 1359 3059 bibl.
1387 3007 1488 3061 Lit.
1516 3008 1619 3058 111.
1649 3010 1767 3070 781,
1791 3026 1841 3057 n.
1869 3010 1986 3058 687.
2025 3007 2252 3070 Ammon,
2291 3007 2356 3059 de
2379 3008 2634 3059 vaticiniis
2657 3014 2780 3073 post
2805 3014 3044 3059 euentum

528 3094 789 3158 formatis.
827 3094 939 3145 Erl.
965 3097 1112 3146 1812.
1162 3094 1319 3157 Jahn,
1344 3094 1580 3159 Append.
1606 3095 1784 3146 Herm.
1825 3094 1994 3145 Vienn.
2021 3098 2168 3145 1813.
2205 3095 2282 3157 ΙΙ,
2313 3098 2427 3145 104.
2453 3114 2492 3146 s.
2541 3094 2812 3158 Fritzscloe,
2843 3095 3042 3146 Conana.

540 3182 595 3233 in
630 3182 724 3233 Ev.
766 3180 945 3233 Matth.
983 3182 1125 3247 Lips.
1158 3185 1312 3233 1826.
1346 3200 1399 3247 p.
1434 3184 1546 3233 706.
1596 3181 1835 3244 Kuinoel‚
1873 3181 1944 3232 ad
1973 3180 2153 3234 Mauh.
2181 3185 2265 3245 24,
2291 3184 2369 3233 15.
2398 3200 2454 3247 p.
2493 3184 2611 3233 706.
2661 3182 3042 3250 Rosenmiiller‚

542 3268 747 3320 Daniel.
776 3268 917 3335 Lips.
945 3272 1101 3323 1832.
1129 3286 1192 3333 p.
1218 3272 1344 3322 296.
1370 3272 1490 3319 322.
1516 3286 1557 3323 s.
1607 3267 1952 3336 Redepenni9‚
1990 3271 2045 3320 in
2082 3268 2229 3320 Stud.
2255 3286 2305 3319 u.
2333 3268 2526 3320 Kritilc.
2559 3270 2710 3322 1833.
2721 3269 2774 3332 f.
2799 3272 2852 3319 3.
2879 3272 3041 3320 1835.

531 3356 582 3419 f.
622 3359 663 3406 1.
704 3354 756 3406 Ο.
794 3355 859 3406 de
902 3356 1176 3421 Lenqerke,
1212 3354 1264 3405 d.
1304 3354 1366 3406 Β.
1406 3355 1595 3407 Daniel
1630 3372 1679 3407 v.
1714 3374 1764 3407 u.
1803 3374 1943 3422 ausq.
1981 3356 2224 3422 K'o'niqsb.
2263 3359 2422 3406 1835.
2451 3374 2508 3421 p.
2545 3358 2664 3409 430.
2700 3374 2741 3407 s.
2788 3355 2840 3405 J.
2885 3355 2936 3406 0.
2969 3357 3043 3408 Κ.

544 3442 841 3510 Hoffmann,
879 3442 964 3495 die
993 3446 1073 3495 70.
1121 3442 1369 3493 Jahresw,
1406 3442 1498 3493 des
1532 3442 1640 3498 Jer.
1665 3460 1715 3493 u.
1740 3441 1792 3495 d.
1823 3446 1909 3494 70.
1935 3442 1988 3497 d.
2016 3444 2220 3495 Daniel.
2259 3442 2457 3494 Niirnb.
2495 3446 2650 3496 1836.
2707 3442 3046 3511 Weissaquny

544 3547 593 3579 u.
620 3528 901 3595 Ersulluny
926 3528 1109 3579 Nb'rdl.
1136 3531 1279 3579 1841.
1320 3528 1362 3593 I,
1388 3531 1509 3580 309.
1558 3526 1947 3594 Schvnflbeweis.
1981 3529 2164 3581 Niirdl.
2196 3532 2343 3580 1855.
2383 3530 2456 3579 ΙΙ.
2494 3532 2542 3593 2,
2584 3532 2707 3580 581.
2757 3529 2942 3593 Rb‘sck,
2988 3534 3044 3580 in

543 3614 687 3667 Stud.
726 3634 777 3665 u.
814 3616 952 3666 Krit.
992 3618 1138 3666 1838.
1179 3615 1407 3678 Maurer,
1448 3616 1632 3667 Comm.
1669 3634 1746 3683 qr.
1783 3634 1853 3667 cr.
1888 3616 1943 3668 in
1988 3616 2044 3667 V.
2076 3616 2132 3667 T.
2169 3616 2315 3682 Lips.
2345 3619 2496 3667 1838.
2523 3616 2600 3680 II,
2629 3620 2688 3666 15
2699 3618 2742 3667 7.
2766 3632 2808 3667 s.
2847 3618 2971 3668 276.
3001 3636 3044 3671 s.

557 3701 810 3765 Wieseler,
848 3720 891 3753 z.
918 3702 1059 3753 Ausl.
1084 3722 1133 3753 u.
1159 3703 1297 3753 Krit.
1322 3702 1416 3755 der
1439 3720 1579 3768 apoc.
1618 3703 1721 3755 Lit.
1749 3702 1800 3754 d.
1826 3721 1874 3754 a.
1899 3723 1948 3755 u.
1973 3702 2044 3754 N.
2071 3704 2136 3753 B.
2161 3702 2294 3755 (ἔδει.
2325 3706 2502 3767 1839,
2541 3706 2630 3769 qui
2663 3709 2829 3753 tamen
2861 3720 3047 3755 recan-

540 3792 667 3841 tavit
700 3790 1018 3855 aliquatenus
1052 3789 1107 3840 in
1143 3806 1323 3841 recens.
1361 3807 1437 3854 op.
1472 3789 1636 3841 Times
1671 3789 1740 3855 of
1763 3790 1968 3853 Daniel,
2007 3792 2061 3841 in
2099 3790 2234 3855 Gott-
2279 3790 2393 3843 Get.
2427 3790 2548 3840 Anz.
2575 3792 2734 3840 1846.
2763 3808 2824 3853 p.
2857 3792 2969 3844 131.
2997 3810 3042 3844 s.

544 3876 748 3938 Dwald,
785 3876 869 3927 die
904 3877 1193 3941 Prophetes·
1228 3876 1319 3927 des
1353 3876 1415 3927 A.
1443 3875 1505 3927 Β.
1534 3877 1714 3943 Stutty.
1742 3880 1886 3927 1841.
1925 3878 1997 3940 ΙΙ,
2023 3880 2146 3928 507.
2172 3895 2212 3927 s.
2259 3876 2319 3927 F.
2350 3877 2538 3944 Reisig,
2576 3876 2631 3927 in
2665 3894 2785 3929 ann.
2811 3874 2962 3929 Stud.
2991 3897 3044 3929 u.

542 3964 680 4015 Krec.
728 3966 879 4015 1832.
926 3964 971 4024 1,
1024 3966 1142 4014 145.
1207 3964 1348 4014 Idem
1384 3962 1480 4013 aas
1518 3963 1661 4014 Buca
1699 3964 1905 4026 Daniel,
1941 3963 2110 4029 Leipz.
2155 3966 2300 4016 1850.
2329 3982 2388 4029 p.
2424 3967 2540 4015 153.
2563 3982 2604 4013 ε.
2665 3963 2942 4027 Deliemk,
2990 3968 3048 4017 in

542 4052 785 4117 Herzoqs.
832 4051 897 4105 R.
944 4050 1009 4101 E.
1046 4051 1153 4111 III,
1192 4053 1311 4102 283.
1348 4069 1389 4101 s.
1440 4050 1662 4113 Reickel,
1699 4050 1784 4101 die
1823 4053 1902 4100 70.
1940 4050 2164 4102 Jahrsw.
2201 4050 2255 4101 in
2289 4050 2436 4101 Stud.
2473 4068 2524 4105 u.
2561 4050 2702 4101 Krit.
2725 4054 2880 4102 1858.
2907 4052 2960 4117 f.
2993 4056 3044 4103 4.

544 4138 717 4199 Bleek,
754 4138 839 4190 die
862 4155 1006 4190 mess.
1047 4138 1219 4188 Weiss.
1256 4140 1311 4187 in
1338 4137 1403 4190 B.
1429 4137 1633 4200 Daniel,
1671 4140 1728 4187 in
1762 4136 1941 4188 Jahrb.
1957 4137 2009 4200 f.
2035 4136 2087 4187 d.
2119 4137 2295 4188 Theol.
2327 4140 2482 4187 1860.
2523 4137 2568 4200 Ι,
2593 4141 2714 4189 451.
2737 4156 2780 4191 s.
2832 4138 3043 4189 Einleit.

539 4243 596 4288 p.
622 4226 742 4275 584.
767 4228 887 4275 592.
912 4244 954 4280 s.
1004 4224 1193 4287 Liielee,
1239 4224 1457 4275 Versuch
1492 4225 1632 4275 einer
1665 4224 1831 4274 vollst.
1867 4222 2007 4274 Einl.
2041 4224 2098 4274 in
2133 4223 2218 4275 die
2255 4222 2450 4291 Offenb.
2487 4224 2539 4275 J.
2579 4224 2657 4275 ed.
2683 4224 2758 4275 ΙΙ.
2784 4243 2840 4289 p.
2865 4228 2976 4277 411.
3001 4246 3046 4277 s.

544 4310 736 4377 Meyer,
778 4310 959 4363 Oomm.
984 4313 1041 4362 in
1063 4310 1243 4362 Matala.
1262 4328 1319 4376 p.
1348 4313 1469 4360 443.
1493 4328 1533 4361 s.
1586 4310 1851 4375 Her-esem,
1893 4310 2070 4361 Gesch.
2109 4310 2162 4363 d.
2197 4310 2337 4363 Vozk.
2373 4311 2542 4363 Israel
2575 4329 2620 4362 υ.
2670 4310 2777 4363 Vol.
2803 4312 2858 4363 d.
2881 4314 3044 4365 zweit.

551 4396 792 4462 Tempels.
818 4397 991 4464 Leips.
1018 4400 1162 4449 1863.
1200 4397 1276 4460 ΙΙ,
1300 4400 1422 4448 331.
1472 4398 1583 4447 Hos
1620 4414 1808 4460 omnes,
1845 4399 1934 4462 qui
1965 4403 2114 4448 extra
2135 4414 2326 4448 annum
2348 4398 2526 4449 mortis
2560 4398 2791 4464 vivificae
2819 4400 3046 4462 Domini,

546 4484 914 4548 implementum
949 4484 1259 4535 celeberrimi
1292 4483 1523 4535 vaticinii
1558 4484 1795 4535 Danielis
1829 4484 2071 4534 collocant
2108 4501 2173 4535 ex
2196 4486 2501 4551 aryumentis
2525 4502 2653 4551 quae
2679 4484 3044 4550 produximus,

546 4586 722 4622 errare
756 4570 929 4635 liquet,
964 4576 1018 4621 ut
1052 4588 1153 4621 non
1187 4586 1315 4633 opus
1347 4572 1413 4620 sit
1446 4571 1755 4635 singulorum
1792 4571 1994 4637 longam
2031 4565 2275 4638 ἀνάκρισιν
2313 4571 2586 4623 instituere.
