3267 5259
606 432 693 498 50
1270 446 1388 487 mat.
1418 445 1524 487 Rev.
1553 445 1643 487 div.
1673 444 1727 488 n.
1757 446 1806 487 r.
1837 444 2004 487 renos.
2034 445 2071 487 1.
2090 456 2187 497 cap.
2217 446 2418 497 primun.

610 620 773 687 Jairi
824 619 997 684 filiae
1058 620 1431 684 ammissum
1488 621 1814 705 spiritum,
1879 642 2026 684 cum
2081 620 2330 705 ingenti
2385 620 2782 685 adstantium
2835 630 3074 707 stupore

606 732 901 797 redonat.
990 732 1295 817 Denique
1366 731 1621 797 duobus
1691 733 1908 797 coecis
1974 742 2125 818 post
2191 754 2261 797 se
2331 732 2761 797 clamantibus
2833 732 3076 797 videndi

606 844 1005 927 facultatem,
1038 844 1468 909 daemoniaco
1504 854 1722 909 autem
1755 855 1936 910 muto
1968 846 2314 909 sanitatem
2345 846 2711 931 impertitus
2744 853 2843 909 est
2866 849 2903 908 ¹.
2945 845 3076 909 Hoc

604 960 814 1043 primo
870 980 1041 1023 anno
1110 958 1335 1023 scribit
1388 981 1437 1021 s.
1528 957 2002 1044 Epiphanius²z
2066 958 2283 1041 ,Jesus
2337 956 2630 1022 Christus
2682 957 3076 1043 promulgare

607 1070 895 1134 divinum
939 1069 1215 1135 verbum
1260 1069 1609 1154 adgressus
1655 1080 1772 1153 est,
1836 1092 1916 1135 ac
1965 1092 2206 1134 annum
2251 1069 2428 1134 illum
2475 1080 2822 1156 acceptum
2843 1072 2866 1113 ³
2905 1070 2970 1133 in
3011 1092 3078 1133 ea

604 1184 938 1268 praeconii
983 1185 1321 1247 sanctione
1355 1184 1695 1265 consumit,
1727 1182 1902 1247 nullo
1947 1204 2165 1268 neque
2209 1182 2616 1247 Judaeorum
2659 1204 2877 1268 neque
2923 1181 3078 1247 Gen-

604 1293 839 1377 tilium,
888 1317 1103 1382 neque
1151 1294 1728 1377 Samaritanorum,
1775 1317 1990 1381 neque
2037 1294 2302 1359 alterius
2345 1296 2604 1380 generis
2646 1297 3078 1380 repugnante!

604 1522 663 1601 ξ.
702 1523 800 1587 12.
869 1518 1227 1585 Alterum
1275 1520 1565 1585 Christi
1610 1520 1944 1603 Pascha,
1988 1522 2294 1585 curatio
2335 1519 2793 1606 paralytici,
2834 1522 3078 1584 variae

1106 1635 1591 1715 sanationes,
1641 1632 1932 1697 electio
1980 1631 2568 1718 Apostolorum.

814 1804 980 1870 Cum
1036 1806 1155 1870 sub
1206 1807 1453 1870 exitum
1498 1807 1739 1871 mensis
1783 1806 1999 1869 Martii
2045 1805 2131 1870 ad
2177 1804 2470 1870 solennia
2523 1804 2820 1869 Paschae
2875 1827 3080 1869 ascen-

606 1916 808 1981 disset
846 1918 888 1983 J
894 1942 1040 1982 esus
1081 1918 1123 1983 J
1128 1918 1547 2004 erosolymas,
1609 1917 2042 2004 paralyticum
2077 1916 2448 2003 quemdam,
2478 1919 2607 1981 iam
2645 1918 2909 2002 triginta
2947 1928 3078 1981 octo

604 2052 809 2094 annos
852 2054 1049 2114 aegre
1091 2029 1593 2104 decumbentem
1636 2030 1722 2095 ad
1753 2030 2160 2117 probaticam
2197 2032 2557 2116 piscinam⁴
2605 2028 2881 2094 sabbato
2922 2031 3080 2092 inve-

602 2188 791 2239 Matth.
830 2190 879 2251 9,
907 2190 989 2239 20.
1016 2188 1181 2237 Marc.
1216 2192 1265 2251 5,
1302 2191 1383 2239 25.
1410 2190 1542 2239 Luc.
1571 2192 1620 2251 8,
1656 2192 1739 2240 43.
1775 2190 1996 2239 Morbus
2023 2185 2274 2256 αἷμοῤῥοίς
2319 2188 2407 2239 vel
2455 2184 2767 2257 αἱμοῤῥαγία,
2794 2216 2860 2223 -
2888 2188 2937 2237 d.
2973 2205 3018 2252 q.
3051 2186 3080 2235 1.
3187 2218 3189 2227 ‹

603 2275 761 2325 Conr.
810 2274 1079 2337 Johrenii,
1128 2275 1253 2325 diss.
1320 2275 1385 2325 de
1446 2276 1646 2326 morbis
1707 2275 1918 2325 biblicis
1983 2276 2048 2325 N.
2104 2276 2182 2324 Τ.“
2219 2292 2272 2340 p.
2327 2277 2374 2323 2.
2414 2290 2457 2324 s.
2517 2274 2737 2336 XVcdel,
2790 2275 2858 2323 de
2904 2274 3084 2323 semina

603 2360 885 2411 duodecim
932 2376 1193 2411 annorum
1238 2362 1498 2428 profluvio
1554 2364 1829 2427 sanguinis
1875 2362 2171 2412 laborante.
2229 2362 2351 2411 Jen.
2394 2363 2540 2411 1719.
2589 2360 2765 2422 Khell,
2824 2360 2920 2411 ecl.
2965 2360 3081 2408 Obs.

602 2448 683 2509 11,
727 2451 771 2498 1.
810 2465 861 2513 p.
904 2450 949 2497 1.
988 2464 1029 2498 s.
1056 2450 1203 2497 —in
1254 2448 1607 2499 adultioribus
1647 2450 1950 2515 cumprimis
2005 2450 2050 2497 si
2098 2447 2380 2497 immodice
2436 2448 2592 2499 duret
2635 2446 2965 2512 periculosus
3012 2452 3084 2493 est

602 2536 845 2584 maxime.
900 2534 1227 2585 Admiranda
1260 2550 1393 2585 sane
1426 2551 1525 2597 res,
1561 2536 1705 2601 quod
1737 2535 2014 2585 duodecim
2053 2550 2312 2585 annorum
2343 2534 2444 2583 hoc
2477 2534 2674 2583 malum
2704 2534 2910 2582 tamdiu
2937 2535 3080 2581 vitam

604 2621 898 2671 concedere
954 2623 1189 2687 potuerit
1244 2623 1368 2673 huic
1428 2623 1672 2672 feminae.
1746 2622 1946 2671 Divina
2001 2622 2205 2686 absque
2261 2620 2424 2671 dubio
2479 2620 2582 2669 fuit
2631 2620 2907 2682 voluntas,
2959 2620 3082 2668 hanc

604 2708 909 2757 conservari
959 2722 1173 2773 aegram
1212 2711 1495 2774 omniaque
1534 2709 1924 2758 medicamenta
1952 2708 2079 2757 licet
2102 2708 2316 2757 dextere
2347 2706 2604 2769 adhibita,
2629 2707 2798 2757 fuisse
2823 2707 3082 2765 frustrata3

603 2798 664 2842 ut
702 2794 941 2843 Christus
978 2795 1297 2846 miraculose
1335 2796 1575 2845 morbum
1612 2795 1985 2857 incurabilem,
2026 2794 2272 2843 redderet
2312 2793 2620 2843 curabilem.
2684 2793 2748 2842 In
2783 2792 2888 2843 fine
2924 2793 3082 2841 adhuc.

610 2884 662 2929 et
705 2879 809 2929 hoc
852 2881 1145 2929 notandum
1200 2881 1445 2930 duximus
1488 2882 1809 2941 Eusebium,
1863 2882 1999 2930 Hist.
2037 2881 2166 2930 eccl.
2202 2880 2323 2943 VII,
2362 2882 2442 2929 18.
2479 2896 2530 2945 p.
2567 2882 2686 2929 265.
2735 2886 2790 2930 et
2832 2881 3082 2931 Asterium

602 2965 924 3015 Amasenum
980 2983 1062 3032 ep.
1112 2968 1168 3016 in
1221 2968 1419 3030 Pont0,
1478 2968 1621 3033 apud
1667 2967 1916 3017 Photium
1965 2967 2082 3017 cod.
2133 2968 2250 3016 271.
2303 2966 2384 3016 ed.
2433 2966 2600 3031 Mign.
2651 2966 2753 3031 Op.
2804 2967 2894 3027 IV,
2951 2968 3081 3025 ⁴222..

604 3066 821 3101 narrare
864 3052 1005 3102 hanc
1047 3054 1297 3103 feminam
1341 3056 1397 3103 in
1446 3056 1583 3120 grati
1618 3055 1780 3103 animi
1827 3054 2208 3103 monimentum
2241 3052 2452 3103 Medico
2499 3068 2597 3104 suo
2643 3052 2828 3103 divino
2870 3058 3080 3101 statuam

602 3140 843 3203 posuisse
872 3140 928 3188 in
960 3140 1091 3189 urbe
1128 3140 1394 3190 Paneade.
1444 3141 1809 3189 Indubitatum
1851 3141 2052 3190 factum
2081 3140 2151 3189 ab
2183 3140 2398 3189 oculato
2429 3143 2566 3189 teste
2595 3140 2836 3189 Eusebio
2869 3139 3082 3188 relatum

603 3225 815 3277 levibus
852 3227 1171 3292 quibusdam
1216 3229 1535 3277 coniecturis
1580 3226 1910 3276 labefactare
1955 3232 2182 3275 conatus
2230 3232 2312 3275 est
2354 3226 2682 3291 Basnagius,
2717 3225 2954 3275 Annales
2987 3224 3082 3290 pol.

605 3312 735 3362 eccl.
764 3328 811 3362 a.
838 3313 905 3361 D.
932 3316 1017 3363 31.
1042 3330 1093 3363 n.
1122 3315 1204 3363 67.
1224 3330 1275 3379 p.
1298 3316 1414 3364 307.
1442 3328 1484 3363 s.
1512 3314 1710 3379 aliique
1737 3312 2037 3375 acatholici,
2063 3326 2198 3378 quos
2223 3312 2418 3361 refellit
2441 3312 2754 3363 Honoratus
2781 3328 2816 3362 a
2840 3312 2890 3362 S.
2909 3312 3082 3371 Maria,

602 3399 869 3448 animadv,
904 3400 962 3449 in
997 3416 1105 3465 reg.
1147 3404 1201 3449 et
1234 3414 1389 3449 usum
1420 3400 1659 3449 critices.
1685 3400 1756 3448 II.
1783 3399 1817 3448 l.
1843 3400 1934 3447 IV.
1963 3402 2010 3460 2,
2037 3401 2085 3448 3.
2114 3398 2196 3448 ed.
2221 3398 2270 3448 V
2273 3414 2354 3448 en.
2384 3400 2533 3449 1751.
2559 3414 2610 3464 p.
2636 3400 2752 3449 156.
2773 3416 2814 3449 s.
2839 3399 3084 3448 Exstabat

601 3483 698 3533 illa
734 3489 913 3535 statua
948 3502 1115 3552 prope
1158 3486 1369 3535 domum
1417 3487 1653 3536 eiusdem
1699 3486 1934 3535 mulieris
1983 3485 2282 3535 Caesareae
2325 3484 2558 3550 Philippi
2587 3513 2654 3521 —
2680 3485 2743 3535 V.
2779 3490 2886 3535 not.
2919 3500 3082 3550 geogr.

602 3587 653 3635 p.
678 3572 850 3620 XCIV
885 3600 952 3607 —
987 3588 1158 3637 usque
1196 3572 1263 3622 ad
1299 3572 1507 3623 Juliani
1544 3577 1824 3639 apostatae
1859 3578 2114 3637 tempora,
2155 3572 2246 3637 qui
2283 3586 2348 3621 ea
2382 3576 2601 3633 remota,
2635 3586 2790 3621 sumn
2824 3572 2898 3621 ibi
2935 3571 3082 3621 eollo-

606 3658 717 3705 cari
760 3658 930 3707 iussit.
982 3658 1061 3707 Cf.
1098 3658 1406 3721 Tillemont‚
1446 3660 1728 3709 Memoires
1771 3674 1909 3725 pour
1955 3659 2123 3707 servir
2159 3673 2192 3708 a
2227 3657 2262 3707 l'
2300 3659 2369 3708 H.
2400 3658 2466 3707 E.
2491 3658 2613 3707 VII.
2650 3659 2992 3708 Persecution
3027 3657 3084 3705 ds

604 3740 639 3791 l'
664 3742 849 3808 Eglise
898 3759 997 3809 par
1044 3744 1225 3795 Julien
1264 3760 1311 3795 a.
1340 3750 1437 3795 art.
1464 3746 1635 3795 XVII.
1667 3763 1717 3811 p.
1745 3747 1862 3795 362.
1923 3744 2007 3793 De
2043 3743 2146 3793 hac
2182 3744 2425 3810 pluribus
2461 3744 2734 3795 dixerunt:
2773 3746 2826 3795 J.
2853 3744 3083 3801 Smidiua

602 3829 736 3895 disp.
776 3830 841 3879 de
886 3836 1069 3880 statua
1104 3831 1504 3883 Haeorhousae.
1555 3833 1704 3898 Lips.
1740 3832 1888 3882 1698.
1923 3832 2011 3881 Fr.
2046 3833 2332 3893 Petraeus,
2371 3831 2438 3881 de
2482 3830 2721 3881 mulieris
2759 3828 2863 3900 αἱμ.
2903 3836 3082 3881 statua.

600 3917 723 3966 Jen.
763 3918 913 3966 1720.
970 3917 1247 3980 Molanus,
1284 3918 1350 3967 de
1392 3918 1635 3969 Historia
1681 3934 1721 3968 s.
1756 3919 2044 3983 imaginum
2091 3922 2145 3967 et
2187 3920 2530 3983 picturarum.
2577 3916 2658 3978 11,
2697 3920 2746 3966 6.
2783 3934 2834 3983 p.
2869 3920 2950 3967 41.
2997 3917 3084 3966 Th.

602 4002 868 4064 Hasaeus‚
906 4002 973 4053 de
1012 4004 1337 4053 monimento
1374 4004 1726 4065 Paneadensi‚
1763 4004 1820 4053 in
1855 4004 1975 4069 syll.
2000 4004 2145 4055 Dius.
2171 4004 2242 4067 ΙΙ,
2269 4006 2387 4054 314.
2437 4002 2755 4066 Heinichen,
2796 4018 2993 4054 excurs.
3027 4003 3083 4051 X.

600 4089 670 4139 ad
704 4090 833 4139 Eua.
862 4090 931 4139 H.
957 4091 1023 4139 E.
1049 4090 1149 4151 111,
1179 4092 1297 4140 397.
3105 4076 3122 4091 ⁰

811 4176 849 4241 ¹)
888 4177 1040 4238 Quae
1068 4176 1279 4243 sing-ula
1313 4177 1475 4227 latius
1514 4182 1765 4227 enarrata
1798 4177 1904 4243 legi
1941 4181 2166 4243 possunt
2201 4176 2346 4243 apud
2381 4192 2452 4228 ss.
2483 4178 2584 4227 Ev.
2619 4192 2810 4244 nempe
2845 4194 2885 4227 s.
2909 4175 3084 4227 Matth.

602 4264 650 4323 9,
682 4265 866 4313 1—35.
891 4263 1057 4313 Marc.
1109 4265 1157 4325 5,
1185 4265 1405 4313 22-43,
1432 4264 1565 4312 Luc.
1592 4265 1640 4325 8,
1667 4266 1888 4313 41-56,
1938 4264 2052 4313 Nec
2089 4263 2246 4329 plura
2281 4264 2384 4315 hoc
2421 4278 2562 4314 anno
2599 4266 2686 4327 τῆς
2723 4262 2990 4331 κηρύξεως,
3027 4262 3084 4310 de

600 4348 759 4397 rebus
797 4364 831 4397 a
867 4348 1076 4399 Christo
1116 4352 1281 4415 gestis
1316 4352 1371 4399 in
1408 4366 1449 4400 s.
1475 4350 1788 4415 Evangeliis
1825 4350 1998 4400 relata
2033 4356 2172 4401 sunt.
2235 4350 2276 4414 2)
2316 4350 2479 4400 Haer.
2515 4351 2632 4411 XX,
2662 4352 2709 4399 2.
2736 4368 2788 4416 p.
2815 4354 2898 4401 48.
2951 4351 2992 4413 ³)
3031 4350 3084 4396 V.

600 4432 668 4482 H.
689 4435 753 4483 V.
774 4436 835 4483 T.
857 4452 907 4500 p.
928 4438 977 4484 6.
1034 4438 1076 4501 ⁴)
1110 4438 1173 4486 In
1200 4452 1360 4502 quam
1384 4438 1716 4487 victimarum
1749 4442 1802 4486 et
1833 4439 2012 4486 ovium
2036 4437 2308 4486 defluebat
2332 4452 2504 4499 cruor,
2537 4436 2606 4487 ad
2638 4432 2715 4487 ἐπὶ
2741 4438 2802 4505 τῇ
2832 4434 3084 4505 προβατικῇ

601 4520 791 4585 supple
826 4518 973 4585 πύλη,
996 4517 1097 4579 ΠΒΒ
1119 4516 1243 4587 ᾬΨς
1281 4523 1423 4573 unde
1460 4524 1509 4573 ei
1540 4540 1732 4575 nomen
1769 4524 2074 4589 impositum
2105 4522 2270 4573 fuisse
2301 4524 2592 4588 opinantur
2618 4523 2693 4572 M.
2717 4524 2936 4585 Amold‚
2963 4523 3078 4571 diss.

601 4607 666 4657 de
702 4608 909 4675 piscina
942 4606 1268 4671 Bethesdea,
1304 4610 1359 4657 in
1402 4610 1559 4660 Thes.
1596 4611 1668 4660 th.
1707 4610 1793 4676 ph.
1820 4609 1891 4672 ΙΙ,
1919 4613 2036 4660 374.
2063 4611 2130 4660 D.
2168 4610 2450 4672 Vi'endler,
2488 4609 2553 4659 de
2588 4610 2706 4659 ead.
2731 4611 2802 4660 ib.
2828 4628 2878 4677 p.
2905 4610 3020 4660 378.
3045 4624 3083 4658 s-
