3267 5259
1167 454 1367 497 christus
1393 453 1646 495 ascendens.
2538 442 2661 507 179

206 634 251 675 ut
280 626 437 689 Deus,
492 628 655 678 aliter
692 634 751 679 ut
786 630 962 681 homo.
1018 631 1083 681 In
1138 634 1395 697 quantum
1442 630 1589 679 Deus
1645 631 1771 695 quia
1824 628 1926 679 hoc
1974 634 2056 679 est
2102 629 2290 690 „simul
2339 607 2463 679 cuni
2503 630 2664 679 Patre

206 710 373 763 habere
406 714 631 779 gloriam
670 714 982 779 divinitatis,
1021 721 1076 767 et
1108 716 1494 767 beatitudinem
1532 720 1585 765 et
1620 716 1956 765 iudiciariam
1985 720 2363 781 potestatem“;
2405 732 2544 777 „non
2569 732 2664 782 per

205 799 401 864 aliquam
420 804 821 865 assumtionem,
848 803 943 853 sed
963 810 1235 854 aeternam
1261 804 1565 867 originem.“
1604 803 1677 852 In
1703 806 2018 869 quantum
2041 802 2452 852 homo—dicit
2469 803 2663 853 s.Tho-

206 901 311 949 mas,
344 893 435 937 art.
460 891 509 937 3.
550 906 603 954 p.
634 892 789 940 1195.
832 919 891 927 —
932 890 1225 941 secundum
1264 891 1488 955 gratiam
1525 889 1869 954 habitualem,
1921 904 2058 955 quae
2094 889 2454 941 abundantior
2491 896 2572 940 est
2606 892 2662 939 in

206 972 383 1023 Christo
416 990 547 1041 prae
590 977 839 1027 omnibus
877 979 1163 1041 creaturis,
1198 978 1255 1027 in
1292 981 1499 1027 tantum
1538 976 1680 1041 quod
1716 978 1836 1042 ipsa
1869 982 2066 1027 natura
2099 976 2334 1026 humana
2366 976 2422 1025 in
2453 976 2662 1027 Christo

208 1071 271 1108 est
300 1062 494 1112 beatior
528 1066 725 1115 ceteris
764 1068 1051 1129 creaturis,
1109 1070 1162 1115 et
1211 1080 1373 1129 super
1418 1078 1599 1113 omnes
1648 1062 1782 1113 alias
1829 1068 2100 1113 creaturas
2136 1063 2338 1113 habens
2376 1064 2576 1129 regiam
2613 1068 2667 1113 et

206 1148 499 1199 iudiciariam
536 1156 909 1216 potestatem.“
969 1152 1049 1202 cf.
1089 1154 1154 1202 ei.
1196 1152 1425 1217 angelici
1460 1150 1619 1200 Doct.
1658 1166 1862 1213 comm„
1909 1150 1965 1199 in
2003 1166 2086 1215 ep.
2125 1150 2194 1199 ad
2229 1150 2396 1199 Hebr.
2428 1153 2472 1213 1,
2498 1152 2545 1199 3.
2580 1150 2662 1199 ed.

206 1234 343 1299 Neap.
369 1238 515 1286 1850.
554 1237 648 1300 VI,
676 1240 724 1287 7.
762 1238 883 1288 Hoc
922 1242 1003 1289 est
1040 1240 1220 1304 itaque
1256 1240 1543 1302 interprete
1580 1252 1622 1285 s.
1661 1238 1822 1286 Petro
1859 1236 2045 1286 sedere
2083 1236 2151 1285 ad
2189 1236 2426 1287 dextram
2463 1237 2662 1287 Patris:

207 1321 435 1371 sublatum
490 1338 613 1373 esse
669 1324 940 1375 Christum
997 1324 1067 1374 ad
1122 1339 1381 1375 summum
1425 1323 1644 1373 honoris
1693 1324 1924 1388 apicem,
1981 1324 2058 1372 ita
2097 1328 2158 1373 ut
2194 1324 2374 1373 omnia
2409 1323 2510 1373 sub
2549 1325 2664 1373 eius

208 1408 393 1472 imperio
426 1410 551 1459 sint.
588 1410 673 1460 De
711 1427 776 1461 eo
812 1412 977 1476 igitur
1015 1411 1291 1461 dominatu
1324 1408 1747 1475 intelligendum,
1787 1410 1928 1475 quod
1965 1409 2054 1459 ille
2093 1425 2220 1475 qua
2253 1409 2438 1459 homo
2475 1415 2570 1473 est,
2607 1412 2664 1459 in

210 1492 485 1545 humilitatis
538 1498 839 1561 proemium
894 1499 1120 1563 accepit.
1198 1498 1341 1547 Hinc
1392 1497 1579 1547 Ariani
1634 1500 1689 1545 et
1737 1496 2063 1546 Eunomiani
2117 1510 2152 1545 a
2203 1512 2329 1547 vero
2383 1496 2664 1562 plurimum

208 1580 512 1644 aberrarunt,
564 1584 657 1649 qui
704 1600 733 1633 e
770 1586 1009 1635 sessione
1044 1584 1171 1634 Filii
1207 1584 1275 1634 ad
1322 1583 1561 1633 dextram
1595 1584 1797 1645 Patris,
1836 1583 2231 1634 submissiorem
2279 1582 2502 1648 gradum
2539 1598 2660 1633 esse

210 1666 373 1717 Verbi
427 1668 693 1720 dixerunt.
754 1670 913 1721 Unde
970 1673 1024 1720 in
1080 1670 1321 1736 symbolo
1368 1670 1501 1720 haec
1550 1671 1730 1719 omnia
1775 1670 2078 1719 tribuuntur
2115 1669 2324 1719 Christo
2371 1669 2666 1719 secundum

208 1752 507 1805 humanam
532 1762 863 1819 naturam,
890 1772 1050 1823 quam
1070 1758 1241 1807 Filius
1266 1757 1369 1807 Dei
1393 1757 1495 1806 sibi
1520 1758 1725 1806 unitam
1748 1757 1804 1805 in
1829 1756 2032 1822 gloriae
2051 1758 2227 1806 Patris
2255 1758 2474 1805 dextera
2499 1757 2660 1806 collo-

208 1843 347 1905 ean't3
379 1844 515 1891 sicut
539 1846 703 1893 etiam
738 1846 795 1893 in
819 1844 956 1895 festo
981 1844 1324 1895 Ascensionis
1349 1844 1416 1892 D.
1444 1844 1507 1893 N.
1533 1843 1584 1892 J.
1614 1842 1673 1891 C.
1699 1843 1977 1907 profitetur
2000 1842 2262 1891 Ecclesia.
2303 1842 2460 1903 Quod
2485 1844 2659 1908 ipsum

210 1928 369 1977 cecinit
391 1932 549 1979 etiam
571 1929 838 1992 Sedulius,
860 1931 1051 1982 Pasch.
1068 1946 1227 1981 carm.
1241 1932 1305 1979 V.
1321 1930 1403 1979 ed.
1416 1928 1589 1994 Lugd.
1602 1945 1656 1995 p.
1671 1931 1787 1983 213.
1830 1929 2116 1989 „Dextram
2135 1930 2300 1977 subiit
2317 1929 2494 1978 Patris
2513 1944 2663 1977 mun·

211 2013 405 2081 dumque
424 2017 739 2082 gubernat.“
782 2017 1047 2067 Christum
1070 2018 1281 2067 interim
1301 2016 1371 2067 ad
1389 2017 1565 2066 Patris
1592 2015 1864 2065 dexteram
1889 2014 2160 2065 sedentem
2187 2015 2334 2080 fungi
2355 2014 2664 2065 Mediatoris

212 2100 356 2151 officio
390 2103 547 2153 docet
584 2118 626 2152 s.
654 2103 875 2167 Paulus,
901 2106 958 2153 in
983 2120 1065 2169 ep.
1094 2104 1163 2154 ad
1186 2103 1352 2153 Hebr.
1379 2106 1428 2163 4,
1459 2105 1539 2152 14.
1580 2105 1625 2163 7,
1654 2104 1737 2151 24.
1778 2104 1858 2164 10,
1887 2103 1967 2150 11.
2017 2102 2169 2150 Haec
2207 2107 2288 2151 est
2317 2108 2577 2166 perpetua
2613 2107 2667 2151 et

212 2196 424 2239 constans
460 2188 513 2238 S.
540 2188 595 2239 S.
621 2190 843 2239 Patrum
879 2195 989 2239 tam
1027 2190 1355 2240 Graecorum
1391 2204 1549 2255 quam
1583 2189 1896 2237 Latinorum
1935 2189 2226 2250 sententia,
2265 2204 2490 2253 quorum
2513 2189 2660 2239 testi—

212 2276 359 2323 monia
408 2276 638 2325 collecta
686 2275 901 2326 exhibet
944 2278 1007 2326 L.
1043 2276 1453 2338 Thomassinus,
1504 2276 1736 2341 dogmat.
1783 2273 1944 2324 theol.
1995 2273 2060 2323 de
2099 2275 2464 2325 incarnatione
2501 2274 2666 2324 Verbi

212 2358 444 2419 1.1o‚12.
474 2364 555 2411 13.
594 2362 679 2411 ed.
716 2363 853 2411 Ven.
883 2364 1033 2413 1730.
1072 2380 1122 2429 p.
1151 2364 1303 2412 1644.
1338 2378 1381 2412 s.
1428 2368 1481 2412 et
1525 2364 1591 2412 D.
1628 2364 1909 2423 Petavius,
1957 2361 2023 2410 de
2077 2362 2282 2411 incarn.
2332 2362 2463 2423 XII,
2504 2363 2585 2410 15.
2623 2376 2664 2410 s.

214 2444 263 2502 V,
294 2447 366 2495 81.
388 2464 427 2497 s.
462 2448 749 2509 Quomodo
786 2450 842 2497 in
878 2448 931 2498 S.
960 2448 1011 2498 S.
1052 2450 1219 2501 sessio
1258 2448 1455 2499 Christi
1492 2449 1828 2499 describatur
1864 2448 2080 2497 uberius
2131 2447 2348 2497 docent:
2405 2448 2664 2511 Noesselt,

214 2531 315 2581 diss.
347 2534 407 2583 de
442 2534 655 2585 Christo
690 2534 905 2586 homine
942 2543 1225 2601 regnante,
1280 2538 1338 2585 in
1384 2551 1565 2601 opusc.
1612 2536 1684 2597 ΙΙ,
1723 2536 1864 2585 XIV.
1901 2551 1952 2600 p.
1980 2536 2098 2585 365.
2126 2548 2168 2583 s.
2219 2538 2378 2599 atque
2417 2534 2538 2583 Chr.
2577 2534 2664 2583 Fr.

214 2617 465 2683 Fritzscbe,
502 2638 692 2672 comm.
731 2622 797 2671 de
834 2622 969 2672 Jesu
1004 2622 1125 2672 Chr.
1158 2622 1229 2672 ad
1252 2622 1357 2671 Dei
1393 2622 1631 2673 dextram
1669 2622 1904 2671 sedente.
1941 2620 2065 2670 Hal.
2092 2622 2242 2670 1843.
2279 2637 2330 2685 p.
2358 2624 2405 2670 5.
2433 2636 2474 2671 s.
2517 2622 2597 2670 16.
2623 2634 2665 2669 s.

389 2778 581 2843 Agnita
614 2778 852 2827 brevitas
890 2782 944 2827 et
980 2778 1223 2827 celeritas
1249 2794 1451 2840 cursus,
1491 2793 1646 2843 quem
1675 2776 1924 2827 Salvator
1956 2777 2316 2826 divinissimus
2344 2790 2378 2825 a
2399 2776 2665 2841 baptismo

215 2862 269 2911 ad
300 2870 501 2914 mortem
546 2866 779 2930 peregit,
826 2864 1047 2915 multum
1091 2865 1257 2915 habet
1290 2864 1552 2915 utilitatis.
1608 2866 1694 2914 Ea
1729 2866 1965 2914 brevitas
2003 2868 2057 2913 et
2093 2864 2338 2913 celeritas
2377 2862 2498 2912 coll.
2535 2863 2666 2911 Luc.

215 2952 253 3001 4.
274 2952 345 2999 43.
378 2951 567 3001 Joaun.
604 2954 657 3014 4,
684 2953 767 3001 34.
794 2966 835 3001 s.
872 2952 1047 3017 ipsum
1082 2951 1243 3017 plane
1279 2952 1485 3001 decuit:
1528 2952 1820 3017 eademque
1856 2951 2002 3012 facit,
2041 2956 2101 3000 ut
2125 2948 2389 3015 discipuli,
2427 2948 2520 2997 ubi
2545 2950 2668 2997 titu-

216 3033 405 3099 harant,
450 3039 695 3089 excusari
743 3038 999 3101 debeant3
1056 3045 1110 3088 et
1142 3040 1247 3088 Dei
1296 3041 1465 3089 virtus
1501 3037 1782 3087 excellenti
1820 3037 1942 3087 dein
1979 3053 2160 3087 eorum
2197 3037 2465 3102 profectu,
2519 3040 2670 3084 tanto

216 3124 355 3185 magis
388 3125 707 3175 celebranda
742 3126 940 3175 veniat.

2264 4694 2362 4745 12*
