3267 5259
1240 462 1497 515 nagnam
1522 462 1670 505 mm.
2555 450 2684 515 233

214 638 435 699 διδόναι.ι
494 640 711 699 Utitur
738 662 796 717 p.
828 661 881 699 a.
914 642 1003 699 ΙΙ.
1036 662 1091 699 a.
1160 642 1365 719 Neque
1408 640 1629 715 fugiat,
1682 643 1834 719 quod
1888 643 2160 701 observat
2208 642 2264 700 J.
2307 642 2417 699 Th.
2449 642 2679 713 Beelen,

212 765 441 819 gramm.
482 764 675 819 graec.
712 746 792 803 N.
834 745 901 803 Τ.
942 746 1088 804 Lov.
1126 748 1313 802 1857.
1345 764 1403 819 p.
1449 749 1615 815 365„
1659 747 1780 803 iam
1821 745 2016 821 ipsum
2063 741 2338 821 ,μέλλεινι
2383 747 2682 803 notionem

210 850 385 907 fut-uri
412 849 655 908 habere.
716 849 865 907 Cum
894 849 1051 907 idem
1080 848 1463 923 Evangelista
1490 868 1629 907 mox
1660 850 1892 927 quando
1931 850 2000 907 de
2031 850 2372 921 Nicodem0,
2407 856 2466 907 et
2502 852 2574 907 de
2601 870 2679 922 se,

212 973 323 1011 rem
364 952 505 1011 olim
550 958 777 1027 gestam
816 956 941 1027 agit
986 958 1039 1022 7,
1076 957 1175 1011 50.
1230 958 1499 1011 accurate
1551 950 1728 1012 dicat‘
1758 955 1882 1031 ,qui
1925 956 2094 1011 venit
2135 954 2208 1011 ad
2255 954 2448 1029 ipsum
2493 958 2679 1012 nocte‘

213 1056 257 1129 ,ὁ
284 1053 493 1113 ἐλθὼν.ι
548 1056 699 1115 Coll.
736 1062 835 1127 19,
872 1061 974 1115 39.
1034 1057 1125 1114 De
1152 1075 1212 1113 se
1251 1062 1447 1115 autem
1477 1055 1704 1115 locutus
1738 1062 1838 1129 21,
1876 1062 1977 1115 20.
2007 1058 2126 1115 ait:
2159 1057 2284 1135 ,qui
2313 1058 2584 1116 recubuit
2615 1060 2681 1117 in

210 1180 371 1219 coena
400 1180 579 1235 super
610 1166 813 1237 pectus
840 1160 879 1219 J
879 1180 983 1219 esu
1012 1157 1332 1237 ,ἀνέπεσενέ
1378 1162 1523 1219 Aor.
1558 1165 1615 1218 2.
1649 1161 1796 1219 indi.
1833 1180 1938 1235 pro
1967 1166 2155 1236 praet.
2188 1160 2496 1239 plusquam
2527 1162 2675 1237 perf.

212 1266 355 1322 Adeo
386 1264 725 1339 diligenter,
772 1266 1021 1325 servatis
1050 1264 1289 1323 omnino
1318 1269 1648 1341 temporum
1678 1264 2028 1323 differentiis
2059 1285 2150 1323 res
2179 1270 2388 1323 narrat
2415 1266 2471 1323 d.
2503 1265 2540 1323 J
2541 1286 2682 1324 oan-

212 1388 331 1437 nes3
384 1369 623 1427 tametsi
668 1368 873 1427 multis
918 1368 1090 1427 annis
1140 1374 1271 1445 post
1320 1388 1413 1427 res
1466 1374 1655 1443 gestas
1705 1369 2024 1444 scripserit.
2097 1368 2316 1432 Quodsi
2369 1370 2442 1427 ad
2494 1368 2684 1427 locum

212 1478 459 1531 nostrum
499 1478 600 1545 11,
640 1479 699 1531 2.
732 1472 864 1533 coll.
901 1479 999 1544 12,
1038 1478 1096 1532 3.
1127 1473 1487 1549 respicimus,
1522 1472 1904 1531 confiteamur
1943 1478 2173 1549 oportet
2209 1474 2462 1549 prolapsi
2492 1473 2683 1552 quali-

212 1596 440 1655 cumque
469 1596 619 1653 opus
642 1596 765 1635 non
784 1577 993 1647 fuisse3
1020 1583 1089 1635 ut
1110 1596 1159 1635 c.
1192 1583 1220 1635 1
1236 1584 1289 1635 1.
1315 1577 1581 1636 mulieris
1602 1577 1824 1635 factum
1855 1577 2299 1653 praeindicaret,
2326 1579 2478 1655 quod
2502 1596 2550 1636 c.
2584 1583 2680 1636 12.

210 1683 457 1758 sequenti
504 1682 847 1739 immediate
892 1683 963 1739 de
1005 1683 1237 1755 integro
1288 1687 1415 1739 erat
1458 1682 1875 1757 descripturus.
1947 1682 2093 1739 Cum
2136 1681 2548 1755 Evangelistae
2563 1726 2577 1753 ,
2626 1687 2686 1739 et

212 1787 355 1843 inter
382 1786 487 1843 hos
525 1806 573 1843 s.
606 1786 878 1857 Joannes,
920 1784 1235 1843 nominant
1261 1784 1493 1855 Judam,
1536 1787 1587 1843 si
1618 1784 1688 1843 de
1719 1784 2086 1860 proditore
2116 1790 2322 1859 agant,
2355 1806 2428 1843 ne
2459 1786 2683 1843 intelli-

209 1894 429 1962 geretur
470 1889 819 1947 'I'haddaeus
837 1933 851 1960 ,
898 1889 935 1947 J
936 1891 1101 1948 acobi
1144 1889 1329 1947 frater
1347 1933 1361 1960 ,
1418 1888 1644 1946 addunt
1689 1885 1718 1943 ὁ
1761 1883 1854 1945 καὶ
1895 1884 2172 1964 παραδοὺς
2215 1885 2372 1945 αὑτόν
2390 1932 2408 1965 ,
2470 1890 2574 1967 qui
2619 1894 2681 1947 et

211 1994 439 2051 tradidit
466 2012 639 2051 eum:
678 1993 883 2069 procul
912 1994 1092 2051 dubio
1122 1993 1177 2052 d.
1209 1994 1247 2050 J
1248 2012 1479 2063 oannes,
1514 2012 1589 2051 ne
1618 2010 1782 2051 soror
1812 1992 2024 2050 Lazari
2055 1992 2511 2051 confunderetur
2551 2012 2685 2051 cum

209 2096 437 2155 muliere
466 2098 821 2173 peccatrice,
870 2098 1274 2155 subiunxisset
1300 2097 1503 2155 statim
1532 2115 1654 2155 non
1683 2116 1810 2154 eam
1842 2116 1960 2153 esse
1977 2142 1992 2167 ,
2039 2114 2188 2175 quae
2218 2101 2392 2154 antea
2429 2102 2685 2155 unxerat

210 2202 363 2275 pedes
384 2201 653 2259 Domini.
697 2202 901 2279 Neque
924 2201 1289 2277 intelligitur
1314 2220 1420 2259 cur
1447 2202 1630 2260 verba
1667 2206 1762 2271 11,
1787 2206 1844 2259 2.
1889 2200 2100 2273 ‚Maria
2128 2206 2324 2259 autem
2355 2207 2500 2272 erat,
2533 2221 2682 2279 quae

210 2306 373 2363 unxit
400 2306 730 2365 Dominum
758 2309 1079 2381 unguento‘
1124 2305 1495 2375 inseruisset;
1543 2306 1660 2363 nisi
1707 2306 1910 2363 docere
1954 2303 2180 2383 aliquid
2223 2304 2520 2375 voluisset,
2568 2326 2682 2383 quo

212 2410 409 2467 mulier
450 2412 571 2469 ista
615 2409 807 2468 veluti
851 2415 993 2469 nota
1034 2411 1288 2488 quadam
1332 2408 1617 2486 peculiari
1666 2413 1964 2487 tamquam
2007 2408 2122 2467 sibi
2153 2409 2328 2483 priva
2355 2413 2415 2466 et
2445 2409 2685 2485 propria

210 2513 663 2588 distingueretur
704 2515 779 2572 ab
810 2514 944 2571 aliis
986 2514 1535 2591 depingereturque.
1596 2514 1686 2571 Ea
1730 2512 2016 2571 nimirum
2047 2514 2142 2570 cui
2171 2512 2280 2570 soli
2323 2512 2684 2585 singularem

211 2620 671 2693 praerogativam
730 2638 981 2677 asserere
1039 2620 1407 2689 intendebat,
1470 2618 1624 2696 quod
1685 2618 1799 2693 ipsi
1868 2636 2006 2693 prae
2079 2616 2286 2675 ceteris
2360 2618 2684 2695 quibusque

210 2722 428 2779 feminis
488 2724 699 2781 datum
751 2727 933 2780 esset:
996 2722 1298 2781 Christum
1350 2722 1716 2781 Salvatorem
1768 2740 2020 2795 ungere;
2081 2721 2143 2779 id
2195 2723 2347 2799 quod
2399 2723 2469 2779 de
2521 2722 2687 2779 nulla

210 2844 427 2899 prorsus
472 2826 597 2884 alia
642 2826 709 2884 in
751 2826 811 2885 S.
843 2825 1169 2902 Scripturis
1198 2846 1445 2905 usquam
1489 2828 1778 2885 traditum
1807 2830 1913 2884 est.
1973 2824 2132 2888 Quin
2166 2826 2285 2884 imo
2329 2846 2375 2883 s.
2409 2826 2444 2883 J
2445 2844 2678 2897 oannes,

210 2936 269 2987 ut
298 2930 561 3005 pluribus
596 2931 741 2989 locis
770 2932 845 2989 ab
874 2950 941 2988 eo
970 2930 1193 2989 factum
1222 2931 1752 3006 compertissimum
1783 2935 1895 3001 est,
1937 2930 2174 3006 supplet
2212 2930 2272 2987 id
2304 2932 2456 3008 quod
2489 2930 2686 2989 Evan-

210 3034 403 3105 gelista
424 3036 637 3106 Lucas,
671 3036 824 3111 apud
847 3054 1021 3113 quem
1050 3034 1237 3093 solum
1258 3054 1327 3091 ea
1348 3035 1551 3092 unctio
1580 3038 1720 3092 nota
1748 3039 1852 3105 est,
1877 3035 2140 3093 indicare
2171 3036 2677 3110 praetermiserat3

210 3156 327 3194 cum
368 3138 489 3197 iam
540 3140 819 3197 distincte
864 3140 1142 3197 describit
1188 3138 1441 3196 Mariam
1482 3138 1911 3211 Magdalenam,
1959 3144 2028 3197 ut
2071 3138 2292 3197 Christi
2339 3138 2678 3209 uncti-icem,

210 3260 343 3317 quae
370 3243 517 3301 alias
546 3243 759 3318 ignota
785 3243 957 3301 foret.

400 3346 775 3425 Quamquam
804 3352 1170 3421 argumenta,
1218 3346 1431 3425 quibus
1464 3348 1856 3422 pugnavimus
1885 3348 2012 3403 vim
2041 3348 2329 3404 invictam
2359 3366 2478 3403 non
2505 3347 2685 3405 habe·-

210 3456 356 3533 rent„
416 3456 619 3509 tamen
678 3469 813 3509 cum
864 3452 921 3509 b.
976 3470 1156 3508 unam
1216 3450 1389 3524 longe
1447 3449 1680 3527 lateque
1739 3470 1844 3526 per
1895 3451 2109 3508 Orbem
2162 3450 2376 3508 diffusa
2431 3449 2690 3509 Ecclesia

213 3553 521 3626 praedicat,
569 3554 867 3613 sufficeret
908 3558 979 3611 ut
1021 3558 1320 3613 statuatur
1362 3556 1506 3612 haec
1548 3556 1680 3630 ipsa
1721 3554 1938 3612 mulier
1989 3556 2285 3630 peccatrix
2299 3600 2316 3625 ,
2375 3544 2689 3634 eademque

212 3656 389 3714 Maria
434 3678 601 3717 soror
654 3658 864 3717 Lazari
910 3657 1257 3731 Magdalena
1300 3658 1726 3732 cognominata.
1789 3660 2010 3734 Operae
2054 3659 2312 3734 pretium
2357 3665 2444 3716 est
2487 3660 2687 3717 videre

214 3759 353 3817 hanc
380 3761 737 3820 sententiam
766 3762 841 3819 ab
870 3761 1297 3839 antiquissimis
1326 3762 1689 3837 temporibus
1719 3768 1916 3821 ortum
1947 3764 2182 3821 habere.
2245 3763 2440 3821 Unam
2470 3763 2686 3821 consti-

214 3868 409 3921 tuunt:
454 3865 892 3936 Tertullianus,
941 3866 1011 3923 de
1054 3865 1343 3940 pudicitia
1386 3885 1445 3923 n.
1488 3871 1583 3923 11.
1618 3887 1676 3942 p.
1714 3870 1856 3924 153.
1918 3866 2184 3925 Clemens
2215 3867 2334 3937 Al„
2369 3868 2682 3941 paedagog.

213 3965 291 4036 II,
325 3974 379 4026 8.
412 3988 472 4045 p.
508 3974 655 4028 205.
710 3970 1004 4043 Origenes,
1050 3971 1117 4027 in
1155 3970 1369 4027 Matth.
1403 3976 1448 4027 t.
1482 3970 1635 4027 XII.
1673 3970 1746 4027 ad
1785 3976 1881 4040 16,
1920 3976 1976 4027 1.
2001 3992 2049 4029 s.
2081 3972 2170 4027 ed.
2207 3970 2415 4029 Huetii
2449 3971 2500 4041 I,
2541 3974 2684 4028 269.

212 4068 262 4128 S.
290 4073 651 4143 Ambrosius,
700 4072 917 4149 Expos.
960 4073 1071 4131 Ev.
1112 4092 1222 4131 sec.
1268 4074 1411 4131 Luc.
1455 4074 1563 4144 VI,
1620 4079 1716 4131 14.
1760 4093 1818 4149 p.
1859 4078 2042 4132 1387.
2113 4074 2319 4131 Eidem
2363 4074 2686 4132 sententiae

214 4175 603 4249 suffragantur
630 4198 677 4233 s.
711 4177 1131 4254 Hieronymus,
1166 4178 1238 4235 ad
1270 4178 1531 4235 Marcell.
1564 4196 1654 4253 ep.
1686 4176 1857 4248 LIX,
1887 4182 1946 4235 4.
1973 4198 2030 4253 p.
2067 4182 2210 4235 329.
2243 4179 2316 4235 ad
2347 4178 2681 4236 Pammach.

216 4279 381 4350 praef.
427 4280 495 4338 in
540 4281 683 4338 Osee
721 4300 779 4355 p.
816 4286 916 4339 21.
970 4278 1031 4339 ὃ.
1062 4283 1449 4355 Augustinus,
1498 4286 1567 4339 ut
1608 4302 1654 4338 s.
1689 4282 2042 4341 notavimus.
2104 4280 2162 4338 S.
2198 4280 2458 4358 Cyrillus
2489 4282 2684 4354 Alex„

216 4380 273 4435 in
306 4382 513 4442 Joann.
565 4389 665 4455 11,
714 4390 767 4441 1.
822 4384 966 4456 VII,
1018 4390 1118 4443 38.
1190 4384 1304 4443 His
1348 4386 1708 4459 adiungendi
1749 4390 1890 4442 sunt
1925 4384 1984 4441 S.
2017 4366 2228 4443 Petrus
2277 4384 2684 4461 Chrysologus,

216 4502 371 4543 serm.
406 4487 644 4546 XCIII.
690 4488 761 4545 de
790 4489 1181 4547 conversione
1213 4489 1470 4562 Magdal.
1503 4510 1560 4563 p.
1611 4492 1751 4546 144.
1793 4510 1840 4546 s.
1903 4488 2329 4547 Chrodobertus
2358 4490 2469 4565 Ep.
2502 4489 2686 4548 Turo-

220 4592 415 4664 nensis,
449 4592 515 4651 in
534 4597 655 4651 not.
682 4591 935 4657 Quesnel
958 4612 1016 4668 p.
1042 4612 1131 4667 ep.
1160 4598 1261 4651 83.
1284 4614 1331 4651 s.
1368 4593 1579 4651 Leonis
1601 4593 1690 4650 ed.
1717 4594 1906 4667 Lugd.
1930 4594 2020 4665 ΙΙ,
2049 4598 2192 4651 489.
2220 4613 2274 4651 a.
2308 4600 2490 4653 1700.
2539 4594 2685 4652 Ven.
