3267 5259
992 418 1213 473 Εμὶιιοιιο
1240 424 1286 463 S.
1308 419 1433 466 ruli
1459 422 1541 475 Ap.
1569 422 1625 463 aa
1653 420 1911 467 corinthios.
2562 412 2687 477 401

206 593 483 660 Uberius
552 617 740 659 suam
783 596 852 659 in
894 594 1037 662 illos
1086 598 1425 661 caritatem
1489 597 1936 680 commendat3
2011 606 2235 663 monet
2292 606 2365 661 ut
2425 620 2688 663 omnem

204 729 477 792 pravum
542 707 853 773 affectum
900 707 1252 793 deponant,
1299 730 1616 796 suamque
1666 708 2028 774 doctrinam
2075 717 2142 772 et
2185 707 2449 773 vivendi
2491 712 2686 775 ratio-

202 842 348 884 nem
394 818 702 907 probent.
772 820 857 887 Se
902 821 1139 887 nullius
1186 844 1475 909 unquam
1519 822 1698 889 bona
1743 822 2120 903 affectasse,
2167 844 2420 888 summo
2467 832 2690 887 tamen

198 932 541 1017 perfusum
588 954 733 999 esse
780 933 1022 1019 gaudio
1068 934 1387 1001 relatione
1433 934 1583 1019 Titi,
1632 937 1744 1021 qui
1773 934 2034 1000 rediens
2065 934 2377 1001 Corintho
2411 935 2691 1021 plurima

202 1044 281 1109 de
325 1046 621 1131 ipsorum
666 1048 911 1132 pietate
958 1045 1295 1131 narrabat;
1372 1056 1571 1133 atque
1618 1047 1840 1113 durius
1888 1046 2196 1113 scribenti
2241 1050 2434 1113 unice
2488 1048 2687 1115 fuisse

200 1158 265 1221 in
310 1158 616 1224 consilio:
660 1169 733 1223 ut
762 1158 906 1224 illos
936 1160 1157 1247 probis
1188 1158 1485 1225 sensibus
1514 1160 1857 1243 imbueret,
1889 1183 2023 1225 non
2053 1170 2125 1225 ut
2151 1162 2407 1225 tristitia
2438 1160 2686 1246 afflige-

198 1280 297 1335 ret
319 1275 357 1336 ¹.
391 1271 727 1337 Provocat
756 1272 1124 1339 Corinthios
1156 1272 1331 1339 claro
1360 1273 1800 1339 Macedonum
1833 1272 2137 1359 exemplo
2163 1273 2249 1338 ad
2279 1272 2494 1359 largas
2521 1274 2688 1339 elee-

198 1405 511 1469 mosynas
554 1386 622 1449 in
666 1407 993 1472 pauperes
1040 1386 1476 1452 conferendas
1497 1389 1541 1451 ².
1614 1387 1728 1452 Ad
1771 1387 1869 1451 sui
1923 1385 2292 1472 apologiam
2353 1408 2689 1471 regressus

197 1496 556 1581 Apostolus
576 1500 603 1541 ³
645 1496 1119 1563 obiectionibus
1168 1498 1726 1583 calumniatorum,
1776 1501 1960 1585 quasi
2006 1521 2156 1565 cum
2188 1499 2326 1565 aliis
2357 1498 2689 1584 Apostolis

198 1632 277 1673 ne
313 1609 763 1675 conferendus
804 1610 1067 1697 quidem
1100 1611 1451 1696 videretur,
1484 1611 1867 1699 respondet3
1913 1633 2046 1698 qua
2077 1614 2421 1677 occa-sione
2456 1611 2538 1676 de
2570 1634 2686 1676 suo

198 1722 593 1809 Apostolatu
630 1723 833 1788 multa
864 1723 1107 1807 scribit,
1154 1747 1470 1812 suamque
1502 1726 1567 1789 in
1602 1724 1970 1791 Corinthios
2004 1726 2344 1790 caritatem
2376 1723 2688 1807 declarat,

200 1847 396 1922 atque
442 1836 1007 1923 pseudodoctores
1053 1839 1182 1902 suis
1214 1840 1421 1923 pingit
1452 1838 1776 1905 coloribus
1797 1841 1841 1901 ⁴.
1889 1838 2168 1902 Veniam
2201 1836 2685 1925 quodammodo

198 1959 536 2035 precatur,
599 1950 776 2036 quod
821 1952 914 2014 rei
960 1952 1349 2017 necessitate
1400 1950 1774 2037 compulsus
1825 1952 2112 2015 muneris
2159 1952 2257 2014 sui
2305 1948 2684 2034 dignitatem

196 2072 488 2146 tueatur3
538 2072 604 2126 et
648 2084 718 2127 se
768 2074 995 2129 contra
1042 2062 1515 2130 obtrectatores
1560 2065 1638 2128 iis
1681 2066 1749 2129 in
1793 2062 2010 2147 rebuS,
2057 2064 2124 2127 in
2157 2062 2392 2148 quibus
2423 2062 2684 2148 gloriari

200 2184 524 2260 poterant,
586 2198 735 2241 cum
790 2176 1123 2262 Apostolis
1170 2198 1594 2263 comparans:
1641 2198 1906 2262 prorsus
1951 2173 2130 2239 nulla
2173 2196 2244 2241 re
2291 2174 2686 2259 inferiorem,

200 2287 399 2353 veluti
447 2290 647 2375 stirpe
696 2312 775 2353 ac
820 2312 1065 2375 genere
1114 2312 1324 2377 aeque
1372 2290 1641 2374 clarum,
1688 2290 2013 2354 aerumnis
2047 2298 2264 2353 autem
2296 2310 2415 2374 pro
2451 2286 2686 2353 Christi

198 2404 463 2467 nomine
511 2405 720 2487 passis
753 2413 820 2467 et
848 2402 1181 2469 laboribus
1214 2402 1560 2467 exantlatis
1592 2405 1997 2488 superiorem
2031 2402 2353 2466 exstitisse
2383 2400 2629 2465 indicat
2645 2404 2686 2465 ⁵.

199 2512 405 2579 Suum
448 2515 729 2601 proinde
773 2538 1011 2581 munus
1042 2516 1323 2581 efferens
1356 2516 1607 2581 divinas
1653 2514 2086 2581 revelationes
2117 2514 2239 2579 sibi
2271 2514 2480 2579 factas
2513 2536 2686 2579 com-

198 2636 545 2710 memorat;
589 2626 763 2694 nolle
808 2638 1030 2693 tamen
1088 2650 1157 2693 se
1205 2628 1515 2695 coelestia
1557 2630 1698 2693 visa
1742 2629 2006 2711 iactare,
2052 2649 2136 2692 ne
2182 2629 2392 2691 inanis
2438 2626 2685 2712 gloriae

200 2740 414 2805 studio
465 2740 673 2806 elatus
734 2740 881 2828 plus
942 2741 1065 2805 sibi
1124 2740 1559 2825 adscriberet,
1624 2763 1820 2828 quam
1882 2740 2268 2805 christianae
2329 2738 2688 2804 modestiae

200 2855 361 2919 ratio
409 2863 779 2939 pateretur:
826 2856 1063 2941 partim
1122 2853 1270 2920 ideo
1326 2854 1505 2940 quod
1564 2853 1859 2919 adiectus
1904 2854 1986 2917 sit
2031 2855 2089 2917 ei
2137 2852 2402 2917 aculeus
2449 2853 2682 2935 carnis,

86 3169 99 3180 ,
198 3120 311 3171 Deo
350 3120 519 3171 refert
553 3119 867 3185 dignitatem
891 3120 1273 3185 Apostolicam‚
1312 3126 1493 3171 cetera
1529 3135 1672 3171 vana
1707 3136 1824 3171 esse
1851 3120 2043 3169 omnia.
2084 3120 2303 3169 11—21.
2353 3119 2691 3183 Quapropter

198 3208 357 3257 etiam
406 3206 653 3257 hortatur
701 3206 1005 3259 Corinthios
1020 3242 1033 3269 ,
1084 3212 1145 3257 ut
1190 3211 1445 3272 acceptae
1482 3207 1688 3272 gratiae
1725 3206 2108 3272 respondeant,
2157 3206 2366 3269 fug-iant
2413 3204 2686 3269 gentilium

198 3294 399 3359 flag-itia
433 3298 491 3344 et
525 3293 727 3344 sordes.
766 3296 815 3357 6,
856 3295 1039 3344 1-18,

406 3381 445 3445 ¹)
498 3380 559 3432 O.
598 3381 647 3431 7.
719 3378 761 3445 ²)
811 3380 887 3431 Ut
934 3380 1077 3446 quod
1126 3385 1301 3446 optat,
1355 3380 1569 3431 facilius
1624 3382 1873 3447 impetret
1918 3378 2122 3429 blanda
2169 3378 2406 3429 oratione
2461 3377 2689 3429 lectores

200 3466 479 3517 demulcet.
531 3466 592 3516 C.
628 3468 679 3517 8.
728 3467 903 3517 Deum
948 3466 1095 3532 large
1140 3468 1197 3517 in
1232 3466 1502 3517 beneficos
1542 3473 1916 3532 congestarum
1961 3480 2080 3517 esse
2126 3465 2284 3527 dona,
2329 3480 2373 3514 c.
2412 3466 2461 3527 9,
2501 3466 2688 3515 1-11.

196 3556 427 3619 ipsorum
455 3558 637 3605 autem
662 3553 983 3604 liberalitate
1008 3556 1197 3603 mirum
1220 3554 1277 3603 in
1301 3554 1515 3604 modum
1540 3568 1758 3604 causam
1781 3554 1886 3603 Dei
1911 3554 2239 3618 promoveri,
2278 3553 2366 3601 cui
2401 3552 2688 3617 singularis

198 3639 443 3691 habenda
490 3646 577 3691 est
618 3642 793 3706 gratia
837 3641 904 3690 ob
951 3640 1222 3691 ineffabile
1267 3656 1423 3691 suum
1465 3656 1686 3701 munus,
1735 3639 1879 3705 quod
1927 3638 2126 3689 nullius
2172 3638 2383 3689 dicendi
2430 3638 2684 3687 facultate

198 3728 453 3793 explicari
502 3733 683 3793 queat.
733 3728 955 3777 12—15.
1027 3726 1069 3792 ³)
1116 3726 1175 3778 C.
1216 3729 1435 3779 10—13.
1508 3728 1549 3793 ⁴)
1588 3728 1866 3793 Turpiter,
1913 3728 1990 3777 ait
2035 3729 2116 3789 10,
2158 3728 2308 3777 1—6.
2357 3740 2450 3775 eos
2496 3724 2610 3775 faui
2657 3738 2690 3773 a

198 3815 385 3879 quibus
444 3816 679 3880 ignavus
734 3814 987 3879 habetur3
1042 3830 1163 3865 cum
1210 3819 1389 3865 tamen
1446 3814 1516 3864 ad
1574 3816 1792 3881 quosvis
1847 3815 1926 3863 rei
1980 3812 2299 3863 christianae
2353 3812 2688 3862 adversarios

200 3900 593 3967 impugnandos
628 3906 849 3967 paratus
886 3902 982 3965 sit3
1020 3917 1121 3951 nec
1157 3901 1321 3951 alium
1344 3916 1403 3951 se
1439 3902 1732 3964 absentem,
1769 3900 1934 3952 alium
1970 3904 2308 3967 praesentem
2343 3914 2435 3948 ore
2460 3906 2516 3948 et
2535 3898 2690 3947 vultu

196 3990 442 4051 gessisse.
506 3988 859 4053 Perspicuum
894 3988 1141 4039 omnibus
1180 4003 1323 4051 esse,
1370 3987 1503 4037 nihil
1538 3987 1852 4054 Apostolum
1889 3988 2034 4037 ultra
2069 3986 2282 4037 modum
2317 3984 2558 4051 gloriari,
2597 3988 2691 4033 aut

196 4073 399 4125 alienas
436 4072 629 4125 laudes
652 4074 757 4125 sibi
782 4088 1049 4141 arrogare,
1086 4090 1271 4125 verum
1294 4074 1365 4124 ad
1388 4075 1548 4124 unius
1573 4074 1676 4123 Dei
1713 4073 1926 4123 laudem
1961 4074 2158 4123 referre
2194 4070 2454 4138 quidquid
2478 4070 2684 4135 gratiae

196 4160 451 4211 divinitus
498 4162 725 4226 aceepit.
776 4163 865 4223 10,
904 4162 1090 4212 7-18.
1134 4161 1199 4211 V.
1232 4161 1284 4211 J.
1321 4160 1379 4211 C.
1416 4159 1646 4223 Gubitii,
1695 4159 1761 4209 de
1807 4160 1879 4227 τῷ
1925 4156 2070 4226 βαρεῖ
2106 4156 2186 4207 καὶ
2225 4154 2416 4225 ἰσχυρῷ
2462 4156 2528 4206 Π.
2567 4156 2688 4205 Cor.

198 4248 275 4311 10,
302 4251 387 4298 10.
437 4246 686 4309 Paulino,
722 4248 781 4297 in
815 4247 975 4299 Thes.
999 4264 1051 4297 n.
1088 4264 1140 4313 p.
1165 4248 1284 4297 883.
1310 4261 1351 4296 s.
1402 4247 1623 4309 winsi-i,
1653 4248 1783 4311 spic.
1820 4246 2028 4297 observ.
2063 4247 2118 4295 in
2153 4244 2253 4295 loc.
2281 4244 2433 4294 Paul.
2468 4243 2538 4293 11.
2566 4242 2686 4293 Cor.

198 4337 274 4395 10,
304 4337 497 4384 1-12,
538 4334 653 4383 Erl.
682 4335 832 4385 1829.
872 4334 1165 4397 Fritzsche,
1193 4333 1317 4385 diss.
1344 4334 1413 4395 11,
1442 4336 1524 4385 33.
1568 4334 1858 4384 Praeterea
1893 4332 1940 4383 si
1965 4332 2092 4398 quid
2117 4331 2182 4379 de
2210 4348 2268 4381 se
2303 4330 2594 4396 praedicet,
2633 4330 2686 4379 id

196 4436 227 4469 a
260 4436 319 4471 se
356 4421 613 4487 spectari,
648 4436 719 4471 ne
756 4426 1041 4487 corruptae
1071 4420 1373 4487 aliquorum
1400 4420 1796 4470 Corinthiorum
1830 4424 2034 4469 mentes
2071 4418 2396 4483 degenerent
2420 4431 2454 4468 a
2488 4417 2688 4483 simpli-

196 4510 369 4572 citate,
400 4522 540 4573 quae
564 4522 660 4559 eos
686 4506 857 4570 decet,
881 4509 973 4573 qui
996 4507 1194 4559 Christi
1217 4523 1413 4558 nomen
1436 4505 1768 4573 profitentm.
1799 4508 1880 4565 11,
1903 4508 2054 4556 1—4.
2080 4503 2434 4555 Nihilominus
2453 4504 2692 4570 perfecta

196 4610 313 4645 eum
349 4595 605 4645 docuisse
642 4592 911 4659 dogmata,
948 4609 1088 4660 quae
1124 4596 1317 4645 summi
1350 4593 1593 4659 Apostoli
1632 4593 1766 4643 alios
1806 4591 2052 4643 docuere.
2127 4592 2168 4655 ⁵)
2209 4593 2290 4653 11,
2331 4592 2550 4641 18—33.

298 4686 515 4737 nnn,
544 4686 665 4729 mut.
694 4686 995 4729 nevel-tionis
1022 4687 1209 4729 divinae.
1239 4686 1295 4728 11.
1416 4662 1425 4669 ’
2313 4680 2380 4727 26
