3267 5259
1200 444 1393 495 Apostoli
1422 443 1653 494 baptizati.
2532 432 2616 494 22
2618 430 2658 493 3

217 626 419 673 veterum
477 628 527 676 et
583 622 942 676 recentiorum
1001 624 1267 677 sententia
1282 642 1303 690 ;
1364 622 1533 676 tantis
1588 622 1816 675 testibus
1867 622 1990 692 quis
2033 620 2327 693 repuqnet?
2419 620 2665 675 Ceterum

216 724 297 777 hac
336 725 395 777 de
432 742 491 779 re
524 726 705 795 plura
748 726 1057 781 adhucdum
1104 727 1369 781 habentur
1404 727 1461 779 iu
1490 743 1536 782 ε.
1581 726 1829 794 Therme,
1879 724 2099 779 Summa
2136 725 2239 780 ΙΙΙ.
2283 744 2332 794 q.
2369 727 2464 793 43,
2497 726 2554 781 2.
2591 726 2663 793 X,

219 830 335 883 890.
372 847 417 885 ε.
448 847 499 899 q.
546 832 642 897 44,
689 833 739 886 1.
776 848 840 899 Ρ.
890 832 1033 888 906.
1081 830 1211 884 Alia
1245 831 1455 885 erudite
1486 830 1714 883 collecta
1746 830 1850 900 leqi
1867 834 2104 897 possunt
2133 830 2286 899 apud
2314 829 2664 881 Benedictum

220 930 347 999 XIV,
400 934 463 986 de
508 932 668 990 Serv.
726 934 837 987 Dei
882 933 1188 1002 Beatff..et
1238 933 1487 989 Canania.
1551 934 1587 989 l.
1638 933 1742 989 IV.
1779 950 1842 1002 p.
1891 934 1936 1000 Ι,
1985 935 2082 988 29.
2133 934 2217 988 ed.
2267 950 2311 991 c.
2360 931 2462 999 IV,
2509 933 2649 986 392.

215 1034 259 1089 J.
306 1034 510 1106 Gb‘rres,
556 1038 609 1091 d.
658 1037 771 1093 chr.
810 1038 1037 1106 Mystik.
1086 1038 1348 1107 Reqemb.
1388 1040 1559 1095 1842.
1610 1038 1650 1089 I
1651 1037 1712 1093 V.
1760 1054 1794 1089 α
1840 1038 2087 1092 1-412,
2164 1036 2218 1092 J.
2258 1037 2327 1088 H.
2374 1034 2659 1105 Jauesens,

216 1138 585 1194 Ilmneneutica
648 1158 834 1199 saera.
902 1142 983 1195 ed.
1059 1141 1287 1194 Tauria.
1347 1144 1521 1197 1858.
1572 1158 1635 1209 p.
1699 1142 1833 1194 272.
1899 1156 1942 1193 8.
1999 1142 2076 1193 ad
2135 1158 2274 1210 quos
2317 1140 2565 1193 lectorem
2612 1141 2660 1193 b.

216 1242 507 1299 remittimus,

1336 1374 1490 1439 VII.

899 1512 999 1567 De
1043 1512 1394 1580 Baptismo
1438 1513 1942 1579 Apostolorum.

380 1662 659 1725 Quamvis
678 1665 824 1723 haec
839 1667 1098 1743 quaestio
1114 1685 1231 1723 non
1248 1668 1485 1724 omnino
1507 1667 1846 1723 necessitate
1877 1664 2140 1722 absoluta
2169 1666 2414 1723 tractari
2437 1666 2659 1732 debeat,

212 1772 377 1840 utpote
402 1788 545 1845 quae
588 1770 667 1827 ad
712 1770 1113 1827 institutiones
1158 1771 1227 1826 de
1266 1772 1643 1827 sacramentis
1684 1773 1926 1844 spectet;
1971 1775 2164 1826 tamen
2195 1788 2322 1826 eam
2371 1770 2663 1827 occasione

210 1868 321 1927 data
358 1871 449 1929 hic
476 1872 779 1944 solvimus,
830 1878 899 1930 ut
926 1872 1241 1931 lectoribus
1272 1876 1485 1931 nostris
1516 1848 1691 1931 utiles
1737 1874 2068 1931 evadamus,
2131 1873 2210 1929 Et
2238 1874 2474 1949 quidem
2502 1875 2662 1948 Apo-

208 1973 367 2043 stolos,
415 1980 549 2033 ante
579 1976 1018 2033 institutionem
1048 1976 1105 2033 S.
1140 1977 1562 2047 Eucharistiae,
1598 1976 1821 2033 Christi
1851 1976 2204 2051 baptismum
2251 1973 2554 2050 recepisse}
2587 1978 2662 2033 iis

210 2080 535 2149 argumentis
556 2082 993 2155 persuademur,
1019 2100 1167 2157 quae
1190 2100 1222 2137 e
1242 2081 1551 2138 Veteribus
1571 2080 1864 2137 Ecclesiae
1885 2079 2165 2137 Patribus
2187 2084 2246 2136 et
2267 2079 2662 2154 Scriptoribus

210 2187 535 2255 repetuntur,
582 2188 759 2261 atque
806 2184 1152 2241 testimoniis
1184 2185 1724 2241 Instrumentorum
1760 2184 1836 2241 N.
1869 2184 1935 2240 Τ.
1967 2182 2314 2240 fulciuntur.
2392 2182 2476 2240 Ut
2506 2200 2556 2239 α.
2587 2184 2661 2241 ab

212 2284 371 2341 effatis
390 2287 683 2343 Maioram
708 2287 1075 2361 incipiamus,
1100 2288 1650 2362 impraesentiarum
1671 2288 1972 2364 sequentia
1995 2292 2314 2344 occurrunt
2333 2308 2346 2342 :
2379 2287 2510 2343 Ter
2523 2292 2598 2344 tu
2611 2287 2661 2343 l-

208 2384 567 2467 liani—-qui
587 2398 797 2463 agmen
815 2392 977 2448 ducit
998 2393 1063 2447 in
1085 2391 1237 2448 libro
1260 2392 1331 2448 de
1354 2393 1642 2467 baptismo
1657 2411 1716 2448 n.
1735 2396 1762 2447 1
1777 2396 1810 2447 2
1829 2409 1904 2466 .p.
1921 2394 2020 2447 41.
2035 2391 2232 2461 -—‚Et
2245 2410 2404 2447 nunc
2432 2389 2569 2461 illis,
2595 2396 2664 2447 ut

210 2501 393 2565 potero,
426 2494 801 2569 respondebo,
836 2496 939 2571 qui
964 2501 1183 2568 negant
1202 2495 1510 2571 Apostolos
1534 2498 1764 2552 tinctos.
1817 2495 1972 2551 Nam
1993 2495 2043 2551 si
2078 2495 2400 2551 humanum
2421 2493 2456 2549 J
2458 2498 2662 2553 oannis

204 2594 522 2669 baptismum
544 2598 823 2669 inierant,
858 2604 917 2655 et
946 2598 1303 2656 dominicum
1332 2600 1756 2668 desiderabant,
1792 2603 2076 2675 quatenus
2100 2617 2284 2654 unum
2310 2599 2662 2672 baptismum

202 2698 473 2757 definierat
517 2702 641 2777 ipse
673 2701 957 2759 Dominus
987 2702 1183 2759 dicens
1214 2702 1389 2758 Petro
1420 2702 1695 2776 perfundi
1737 2700 1992 2757 nolenti:
2025 2700 2126 2777 qui
2157 2700 2333 2757 semel
2363 2701 2514 2759 lavit
2543 2721 2662 2759 non

202 2800 347 2861 habet
390 2824 617 2862 necesse
664 2825 926 2875 rursum,
973 2805 1185 2863 Joann.
1228 2810 1321 2875 13,
1360 2811 1417 2863 6.
1464 2806 1616 2882 quod
1659 2804 1860 2881 utique
1901 2823 2018 2861 non
2061 2806 2248 2861 tincto
2277 2824 2394 2862 non
2426 2807 2662 2863 omniuo

200 2904 429 2965 dixisset.
478 2909 554 2965 Et
586 2910 731 2965 haec
762 2914 847 2965 est
877 2909 1142 2983 probatio
1174 2912 1403 2967 exserta
1432 2910 1709 2967 adversus
1739 2906 1887 2978 illos,
1932 2909 2035 2984 qui
2067 2909 2338 2966 adimunt
2369 2909 2663 2983 Apostolis

202 3011 351 3067 etiam
390 3012 635 3069 Joannis
686 3012 1066 3086 baptismum,
1114 3018 1181 3070 ut
1220 3012 1522 3069 destruant
1552 3031 1736 3089 aquae
1765 3014 2234 3068 sacramentum.‘
2297 3012 2576 3089 Sequitur
2613 3034 2659 3069 s.

200 3112 455 3185 Hilarius,
498 3118 565 3172 in
615 3116 831 3173 Matth.
869 3120 967 3184 20,
1016 3136 1074 3172 n.
1113 3120 1169 3185 4,
1218 3116 1324 3185 IV,
1366 3119 1505 3172 147.
1552 3116 1656 3173 ubi
1701 3116 1884 3172 verba
1931 3114 2051 3191 ,qui
2091 3115 2274 3173 secuti
2307 3116 2443 3173 estis
2473 3134 2565 3172 me
2597 3116 2662 3172 in

200 3219 655 3289 regeneratione‘3
697 3220 767 3275 de
798 3218 1032 3277 lavacro
1063 3219 1337 3293 baptismi
1368 3220 1627 3292 exponit.
1677 3220 1920 3275 Accedit
1949 3238 1993 3274 s.
2027 3219 2386 3290 Ambrosius,
2422 3220 2485 3276 in
2517 3218 2659 3276 Luc.

206 3324 285 3388 18,
318 3326 410 3379 20.
444 3342 499 3397 p.
540 3325 726 3379 1491.
776 3322 894 3379 Hic
923 3329 1119 3380 autem
1150 3342 1257 3397 pro
1286 3328 1445 3379 certo
1475 3322 1643 3395 ponit
1673 3322 1978 3395 Apostolos
2009 3340 2044 3378 a
2074 3321 2304 3379 Christo
2336 3323 2662 3397 baptizatos

201 3442 322 3479 csse:
352 3426 620 3495 ,Laverat
653 3445 749 3482 eos
775 3426 812 3481 J
814 3446 959 3496 esus,
994 3426 1295 3483 lavacrum
1325 3426 1487 3483 aliud
1512 3445 1628 3483 non
1652 3426 2030 3503 quaerebant.
2064 3425 2194 3482 Uno
2217 3427 2374 3482 enim
2396 3425 2662 3483 Christus

202 3525 519 3600 baptismate
548 3532 749 3586 omnia
776 3530 954 3587 solvit
986 3531 1378 3605 baptismata!
1424 3530 1573 3586 Eam
1602 3531 1952 3586 sententiam
1983 3534 2178 3585 autem
2203 3529 2660 3586 luculentissime

200 3632 429 3689 omnium
457 3632 767 3691 confirmat
794 3633 853 3689 S.
872 3636 1255 3707 Augustinus,
1290 3652 1379 3707 ep.
1407 3638 1550 3691 265.
1601 3632 1989 3703 Seleucianae,
2025 3652 2171 3710 quae
2201 3633 2434 3708 scripsit
2463 3633 2520 3689 N
2523 3652 2660 3691 ova-

202 3732 401 3791 tianum
433 3737 655 3794 dicere:
698 3737 941 3793 Petrum
978 3756 1095 3793 non
1125 3737 1302 3793 fuisse
1348 3737 1730 3811 baptizatum.
1776 3736 1862 3807 ΙΙ,
1901 3740 2045 3792 897.
2079 3756 2138 3793 n.
2174 3742 2231 3793 5.
2311 3735 2494 3807 ,Tunc
2523 3756 2661 3809 ergo

202 3840 403 3911 quando
452 3841 527 3896 ab
555 3840 935 3916 Jerosolymis
982 3839 1135 3897 exiit
1178 3858 1309 3897 cum
1348 3838 1651 3915 discipulis
1703 3840 1822 3896 suis
1864 3841 1926 3896 in
1972 3838 2254 3895 Judaeum
2298 3843 2545 3896 terram:
2601 3846 2658 3897 et

204 3938 309 3997 illie
334 3946 663 4001 morabatur
701 3963 833 4007 cum
864 3943 963 4014 eis,
998 3943 1338 4018 baptizabat
1368 3962 1480 4000 non
1514 3964 1618 4018 per
1647 3945 2038 4018 semetipsum,
2088 3944 2186 3999 sed
2216 3962 2320 4019 per
2349 3942 2658 4017 discipulos

206 4060 313 4099 suos
337 4046 535 4104 Joann.
570 4052 628 4117 4,
673 4053 724 4104 1.
758 4067 901 4124 quos
931 4046 1323 4119 intelligimus
1355 4047 1471 4103 iam
1500 4048 1678 4103 fuisse
1702 4047 2066 4121 baptizatos!
2127 4045 2253 4107 Quo
2284 4046 2406 4103 loco
2435 4050 2494 4103 et
2523 4065 2658 4120 pro-

208 4144 449 4207 habiliter
476 4170 533 4207 n.
572 4156 629 4208 3.
666 4150 899 4223 colligit
924 4150 1259 4227 ,Postquam
1281 4151 1568 4207 Dominus
1594 4152 1658 4205 in
1683 4150 1941 4207 Ecclesia
1969 4168 2074 4205 sua
2105 4150 2458 4223 baptismum
2479 4148 2656 4218 dedit,

204 4258 261 4301 et
286 4254 615 4323 apertissime
646 4254 825 4319 dixit,
860 4253 907 4309 si
940 4253 1071 4330 quis
1101 4274 1219 4311 non
1242 4254 1423 4309 fuerit
1445 4257 1683 4310 renatus
1703 4252 1740 4309 J
1742 4272 1913 4309 oann.
1944 4256 1999 4324 3,
2023 4257 2080 4309 5.
2105 4252 2224 4309 iam
2248 4270 2364 4308 non
2388 4253 2660 4309 debemus

210 4369 471 4427 quaerere,
518 4358 757 4435 quando
808 4356 1053 4433 quisque
1099 4357 1279 4413 fuerit
1326 4356 1688 4431 baptizatus;
1737 4357 1832 4412 scd
1879 4374 2266 4433 quoscumque
2311 4354 2556 4427 legimus
2595 4355 2662 4412 in

210 4472 405 4531 corpore
441 4461 680 4531 Christi,
731 4460 883 4537 quod
917 4466 1000 4515 est
1032 4460 1319 4530 Ecclesia,
1372 4458 1666 4534 pertinere
1697 4460 1768 4515 ad
1807 4478 2052 4532 regnum
2085 4459 2388 4529 coelorum,
2427 4459 2661 4516 nonnisi

212 4556 487 4633 baptizatos
518 4564 861 4637 intelligere
892 4564 1207 4620 debemus.‘
1262 4563 1515 4619 Indubie
1546 4562 1886 4637 baptizabat
1915 4562 2180 4619 Christus
2211 4582 2315 4636 per
2345 4562 2658 4637 discipulos
