3267 5259
1239 405 1435 456 Epistola
1464 405 1519 446 aa
1546 405 1776 447 nebi-aeos.
2610 392 2738 457 463

256 597 305 645 p.
332 582 451 629 440.
481 583 598 630 110.
636 596 743 645 quo
778 581 953 645 posito
992 580 1387 646 ambiguitatem
1420 582 1581 630 etiam
1610 582 1668 631 in
1698 597 1806 631 rem
1838 564 1987 631 suam
2015 582 2290 631 convertit.
2327 580 2529 630 Dicunt
2551 596 2736 647 porro:

254 668 299 716 4.
328 666 383 715 Si
408 666 661 717 hebraice
695 672 835 717 esset
872 672 1092 718 exarata
1124 667 1369 733 epistola,
1402 684 1510 717 non
1536 683 1670 734 opus
1697 672 1811 717 erat
1834 668 2084 728 futurum,
2123 671 2183 716 ut
2217 668 2442 733 scriptor
2479 666 2736 733 epistolae

253 769 413 805 voc-es
440 753 725 803 hebraicas
762 755 1225 821 interpretaretur3
1264 754 1408 819 quod
1445 753 1558 803 fieri
1593 754 1858 805 videmus:
1897 754 2062 804 Hebr.
2091 755 2138 815 7,
2167 756 2213 803 1.
2253 753 2386 803 Cum
2409 755 2464 803 in
2489 758 2602 804 tota
2627 754 2737 804 fere

254 840 484 907 epistola
508 841 669 891 Jesus
697 841 953 905 Christus,
990 848 1047 892 ut
1079 843 1313 893 iustitiae
1349 846 1403 891 et
1438 843 1587 908 pacis
1625 847 1811 893 auctor
1848 840 1988 907 apud
2023 842 2193 891 Deum
2232 841 2563 902 describitur,
2589 847 2738 904 patet

253 944 360 978 non
386 929 504 978 sine
530 928 787 993 singulari
815 930 1037 979 consilio
1064 928 1201 979 hanc
1227 930 1611 995 expositionem
1639 928 1872 980 additam
1897 930 2088 993 fuisse3
2128 933 2184 978 ut
2207 928 2435 979 lectores
2459 929 2736 993 utriusque

250 1016 479 1065 nominis
516 1015 1031 1079 Melchisedech,
1069 1016 1205 1065 Rex
1238 1017 1449 1081 pacis,
1490 1017 1747 1081 originem
1785 1022 1838 1067 et
1874 1016 2314 1082 significationem
2352 1020 2552 1065 attente
2588 1030 2734 1066 reco-

250 1102 436 1153 lerent.
474 1102 717 1153 Afferunt
752 1105 800 1153 5.
840 1108 893 1153 et
926 1102 1055 1153 hoc:
1091 1103 1338 1169 Epistola
1370 1102 1505 1154 haec
1540 1103 1946 1169 elegantissimis
1982 1118 2210 1169 graecae
2243 1102 2460 1169 linguae
2494 1103 2734 1153 formulis

250 1205 467 1255 quoque
496 1194 549 1239 et
584 1191 970 1256 paronomasiis
1008 1190 1271 1253 abundat;
1311 1189 1505 1255 quibus
1544 1190 1597 1239 in
1634 1190 1821 1256 lingua
1857 1192 2127 1240 aramaica
2161 1189 2292 1239 nihil
2328 1189 2632 1255 respondet.
2668 1190 2736 1239 E.

251 1294 295 1327 c.
322 1280 371 1339 5,
400 1280 451 1327 8.
480 1279 561 1337 10,
590 1279 673 1326 34.
698 1278 781 1327 Ex
816 1278 1205 1342 paronomasiis
1232 1276 1489 1328 eiusmodi
1524 1278 1880 1358 argumentari
1905 1293 2012 1326 non
2037 1276 2177 1339 licet,
2205 1276 2307 1325 nisi
2347 1282 2605 1343 appareat
2642 1291 2734 1326 eas

248 1378 283 1412 a
306 1364 567 1429 scriptore
605 1363 733 1413 data
758 1379 921 1429 opera
958 1364 1131 1413 fuisse
1162 1364 1447 1429 quaesitas.
1488 1362 1661 1430 Saepe
1701 1364 1839 1413 enim
1863 1368 2076 1429 praeter
2100 1363 2378 1414 consilium
2405 1368 2458 1413 et
2482 1368 2728 1428 expecta-

244 1452 447 1501 tionem
480 1466 585 1501 usu
618 1453 855 1501 veniunt.
906 1450 1192 1517 Speciatim
1239 1466 1365 1501 vero
1413 1452 1467 1500 in
1513 1452 1847 1502 versionibus
1892 1451 2199 1517 frequenter
2247 1454 2532 1501 occurrunt
2567 1452 2728 1500 etiam

246 1544 377 1601 tum,
416 1554 541 1588 cum
580 1538 711 1587 nihil
748 1538 1007 1589 eiusmodi
1056 1542 1110 1589 in
1156 1544 1305 1589 textu
1345 1539 1589 1604 originali
1624 1539 1850 1605 legatur.
1889 1538 2024 1590 0011.
2061 1538 2246 1589 Matth.
2286 1540 2366 1601 16,
2409 1540 2508 1595 18.,
2528 1543 2582 1588 et
2612 1538 2727 1589 Act.

244 1628 333 1688 23,
372 1628 423 1676 3.
463 1626 596 1675 011111
634 1642 761 1677 vero
810 1628 865 1676 in
910 1642 1101 1693 graeco
1150 1631 1299 1677 textu
1344 1627 1602 1693 epistolae
1649 1627 1798 1676 nulla
1842 1628 2218 1693 paronomasia
2266 1620 2541 1692 reperitur,
2593 1639 2732 1691 quae

246 1713 501 1777 quaesita
535 1713 604 1762 ab
644 1719 862 1764 auctore
898 1714 1074 1764 studio
1112 1715 1214 1764 dici
1252 1719 1456 1781 potest:
1502 1713 1765 1764 infirmum
1813 1719 1894 1763 est
1937 1718 2326 1779 argumentum,
2366 1712 2506 1779 quod
2543 1728 2735 1762 vocum

244 1799 501 1850 affinitati
556 1800 795 1850 debetur.
855 1802 1129 1862 Quaedam
1184 1802 1587 1867 paronomasiae
1649 1801 1716 1850 ab
1761 1802 2047 1866 interprete
2096 1801 2188 1850 vix
2237 1801 2425 1849 evitari
2470 1804 2732 1866 pot-erant.

244 1885 451 1937 Ultimo
490 1888 539 1937 6.
580 1887 785 1937 dicunt:
822 1887 1027 1937 nullum
1064 1889 1177 1939 eius
1215 1888 1475 1953 epistolae
1514 1888 1810 1953 exemplum
1835 1902 2070 1954 unquam
2103 1887 2190 1937 vel
2212 1886 2410 1937 lectum
2447 1886 2532 1937 vel
2571 1887 2732 1936 fando

246 1974 443 2036 visum,
492 1973 580 2023 vel
626 1978 903 2039 acceptum
948 1990 981 2023 a
1028 1975 1441 2040 diligentissimis
1489 1976 1895 2041 quibuscunque
1931 1976 2344 2041 fragmentorum
2397 1975 2734 2041 antiquorum

241 2061 639 2111 collectoribus.
686 2062 792 2111 Hic
838 2077 967 2111 vero
1018 2062 1409 2113 observandum
1453 2066 1547 2125 est,
1606 2061 1821 2127 quando
1859 2062 2080 2113 Veteres
2127 2062 2216 2112 isti
2261 2066 2422 2111 testes
2469 2062 2732 2128 expressis

242 2147 427 2199 verbis
466 2148 749 2214 epistolam
785 2147 924 2198 hanc
960 2148 1208 2199 hebraice
1233 2178 1299 2185 —
1326 2154 1385 2199 ut
1422 2164 1487 2198 ea
1522 2154 1700 2199 aetate
1725 2150 1906 2199 vocari
1943 2148 2152 2199 solebat
2187 2148 2454 2199 aramaica
2478 2176 2544 2184 -—
2569 2148 2733 2215 scrip·

240 2241 353 2285 tam
394 2250 515 2286 esse
551 2240 841 2285 testantur:
879 2233 1021 2285 idem
1044 2234 1146 2284 hoc
1177 2236 1259 2298 sit,
1298 2250 1361 2285 ac
1398 2237 1441 2284 si
1466 2234 1834 2305 profiteantur·
1853 2251 1910 2285 se
1948 2234 2014 2285 de
2053 2235 2292 2301 exemplo
2329 2236 2385 2284 iu
2422 2235 2517 2284 illa
2549 2236 2734 2301 lingua

240 2322 559 2373 inaudiisse.
600 2320 733 2372 Cum
769 2338 897 2372 vero
922 2322 1222 2372 Jerusalem
1260 2328 1380 2372 octo
1416 2323 1571 2372 annis
1610 2329 1733 2387 post
1770 2327 2094 2372 everteretur
2131 2328 2184 2372 et
2217 2322 2470 2385 Hebraei,
2510 2338 2730 2388 quorum

240 2410 433 2459 usibus
466 2410 799 2474 potissimum
824 2413 940 2459 erat
964 2409 1244 2471 destinata,
1270 2408 1357 2459 hic
1382 2410 1507 2459 inde
1532 2416 1711 2461 essent
1737 2409 1988 2475 dispersi,
2014 2410 2210 2459 factum
2238 2414 2319 2459 est
2345 2414 2402 2459 ut
2423 2409 2730 2459 hebraicum

242 2495 525 2561 originale,
566 2496 925 2561 archetypum,
964 2512 1073 2547 nou
1110 2501 1252 2547 esset
1276 2497 1516 2561 obvium3
1554 2498 1843 2563 praecipue
1879 2513 1996 2547 cum
2023 2512 2217 2562 graeca
2246 2497 2342 2547 illa
2365 2497 2730 2563 interpretatio

239 2582 559 2633 authentica
584 2612 647 2621 —-
676 2598 711 2633 a
746 2582 798 2632 S.
835 2584 991 2633 Luca
1022 2584 1109 2633 vel
1148 2583 1422 2634 Clemente
1461 2599 1724 2635 conversa
1747 2612 1812 2621 -—-
1849 2584 2258 2634 communiorem
2295 2600 2450 2634 usum
2487 2584 2732 2633 omnibus

240 2669 566 2720 Christianis
604 2675 914 2735 praestaret.
950 2672 1055 2721 Pro
1084 2672 1311 2736 epistola
1336 2672 1599 2721 aramaice
1634 2673 1955 2721 concinnata
1979 2676 2190 2736 praeter
2212 2672 2435 2721 Veteres
2463 2675 2728 2737 pugnant:

236 2757 287 2807 J.
326 2756 537 2819 Hallet,
577 2762 750 2807 conat.
798 2757 869 2807 ad
917 2756 1273 2824 detegendum
1318 2775 1403 2825 op.
1454 2759 1522 2808 ad
1558 2759 1724 2809 Hebr.
1777 2759 1956 2825 script.
2005 2758 2348 2825 linguamque
2387 2772 2494 2824 qua
2529 2759 2728 2824 scripta

236 2845 471 2909 primum
510 2848 608 2893 est.
643 2845 697 2893 in
736 2859 857 2911 app.
898 2844 965 2894 ad
1001 2844 1055 2895 J.
1096 2844 1154 2895 C.
1192 2832 1389 2907 Wolfii,
1430 2862 1537 2895 cur.
1576 2845 1704 2911 phil.
1756 2850 1808 2895 et
1845 2846 1958 2895 crit.
1995 2846 2051 2895 in
2088 2846 2151 2895 X.
2190 2846 2509 2910 posteriores
2547 2845 2606 2895 P.
2647 2862 2729 2911 ep.

236 2930 320 2979 ed.
349 2930 425 2979 11.
452 2948 505 2996 p.
532 2930 651 2981 831.
678 2947 717 2983 s.
753 2930 806 2980 J.
842 2931 910 2982 D.
948 2930 1242 2994 Michaelis,
1280 2931 1430 2981 Erkl.
1471 2932 1520 2981 d.
1558 2932 1764 2982 Briefes
1803 2947 1872 2982 an
1909 2931 1996 2981 die
2032 2932 2199 2982 Hebr.
2235 2932 2458 2982 Franks.
2499 2933 2649 2982 1762.
2683 2932 2726 2993 Ι,

235 3019 321 3066 29.
349 3032 395 3067 s.
434 3017 499 3066 L.
536 3016 833 3080 Bettholdt,
870 3017 921 3067 h.
960 3018 1011 3069 k.
1048 3018 1189 3069 Eiul.
1227 3019 1318 3081 VI,
1358 3021 1510 3069 2971.
1549 3018 1880 3085 Goldhagen,
1930 3019 2130 3070 Introd.
2167 3021 2223 3069 in
2259 3018 2313 3070 S.
2352 3018 2403 3069 S.
2442 3019 2483 3082 Ι,
2523 3020 2641 3070 248.
2681 3034 2722 3071 s.

233 3104 535 3169 Reitmayr,
572 3104 715 3154 Einl.
752 3122 804 3170 p.
842 3106 959 3155 684.
1015 3106 1316 3172 Haneberg‚
1368 3105 1559 3157 Gesch.
1597 3105 1646 3156 d.
1685 3106 1816 3156 bibl.
1855 3106 1957 3157 Off.
1989 3124 2042 3173 p.
2069 3108 2185 3157 634.
2225 3106 2481 3169 Giiutner,
2520 3106 2726 3156 Introd.

236 3207 288 3255 p.
329 3192 455 3241 269.
493 3190 789 3256 Ungarelli,
831 3192 1005 3243 Prael.
1044 3192 1109 3242 de
1146 3193 1309 3242 N..T.
1346 3210 1399 3259 p.
1438 3194 1521 3242 44.
1561 3208 1604 3243 s.

236 3452 277 3532 ἓ
328 3454 439 3518 93.
487 3446 767 3515 Utrum
831 3450 1169 3537 epistola
1235 3450 1329 3516 ad
1386 3450 1801 3519 Hebraeos
1863 3452 1924 3517 d.
1971 3451 2296 3517 Paulum
2357 3450 2728 3517 habuerit

1260 3566 1711 3630 auctorem?

452 3746 620 3813 Quod
673 3748 741 3809 in
792 3753 967 3829 pictis
1028 3734 1262 3825 tabulis,
1326 3754 1562 3832 aerique
1613 3752 1814 3811 incisis
1867 3755 2224 3828 imaginibus
2278 3773 2481 3812 curare
2543 3753 2719 3829 periti

229 3854 455 3925 solent;
508 3854 665 3913 idem
710 3858 776 3915 in
818 3856 1066 3915 lectione
1117 3858 1402 3916 librorum
1450 3858 1666 3916 eruditi
1715 3860 1871 3915 inter
1927 3858 2121 3934 prima
2172 3862 2488 3936 quaerunt:
2535 3878 2570 3915 a
2610 3836 2723 3936 qud

230 3965 479 4021 auctore
508 3960 771 4035 profecta
797 3962 921 4020 sint
949 3960 1154 4039 opera?
1180 3963 1368 4021 Falsis
1398 3964 1744 4039 praesertim
1774 3982 2121 4037 magnorum
2151 3964 2503 4038 scriptorum
2527 3962 2716 4020 nomi-

232 4067 421 4124 nibus
451 4064 678 4141 imponi
708 4066 825 4123 sibi
854 4087 1023 4125 nemo
1053 4068 1202 4137 fert;
1235 4072 1294 4125 et
1324 4072 1393 4126 ut
1420 4069 1732 4147 quisquam
1777 4068 2128 4143 scriptorum
2168 4074 2256 4154 est
2292 4066 2718 4137 celeberrimus,

230 4168 319 4227 ita
343 4168 671 4243 diligenter
692 4190 729 4228 a
749 4172 971 4229 criticis
994 4176 1231 4229 cautum
1254 4178 1357 4244 est,
1384 4191 1458 4229 ne
1480 4172 1626 4249 quid
1647 4171 1702 4229 ei
1731 4190 1848 4229 non
1873 4190 2044 4229 suum
2074 4190 2376 4247 perperam
2400 4173 2718 4229 tribuatur.

228 4270 319 4331 Ea
352 4274 552 4331 cautio
583 4273 635 4330 si
679 4274 745 4332 in
775 4292 1135 4354 quocumque
1182 4296 1388 4350 genere
1433 4275 1722 4334 librorum
1765 4274 2079 4333 laudabilis
2094 4320 2108 4343 ‚
2157 4275 2418 4334 omnium
2465 4276 2721 4351 profecto

228 4379 562 4439 iustissime
592 4377 659 4436 in
690 4378 928 4437 Divinis
961 4380 1158 4439 Libris
1191 4385 1540 4457 usurpatur:
1584 4397 1835 4458 quorum
1881 4379 2032 4437 sicut
2077 4379 2334 4454 dignitas
2365 4386 2420 4437 et
2462 4382 2720 4455 gravitas

228 4484 477 4555 eminet,
512 4482 603 4541 ita
631 4502 917 4542 summam
948 4504 1087 4560 prae
1132 4484 1374 4563 reliquis
1418 4504 1618 4543 curam
1664 4484 1778 4542 sibi
1823 4486 1952 4542 dari
1997 4490 2260 4561 poscunt.
2323 4482 2398 4542 In
2449 4486 2722 4544 universo

228 4594 433 4647 autem
464 4586 783 4646 Sacrorum
810 4588 1193 4649 Voluminum
1222 4590 1299 4648 N.
1332 4590 1399 4648 F.
1444 4589 1721 4665 catalogo,
1769 4589 1968 4649 nullus
1999 4594 2086 4647 est
2125 4590 2196 4647 de
2233 4590 2400 4648 cuius
2443 4591 2721 4666 scriptore
