3267 5259
1236 420 1400 461 Paulus
1429 419 1675 470 apostotus.
1699 438 1708 445 ·
2573 408 2700 471 339

202 602 509 678 tempore
572 592 741 657 adeo
804 616 1077 658 numero
1140 590 1521 677 augebatur,
1584 603 1657 657 ut
1713 595 1958 679 primus
2015 604 2204 658 extra
2263 593 2702 658 Palaestinam

206 704 449 789 dignus
491 704 864 789 haberetur,
906 708 1017 791 qui
1050 708 1351 783 ἐκκλησίας
1390 708 1654 770 nomine
1686 716 2200 793 nuncuparetur3
2249 716 2315 771 et
2355 728 2501 771 cum
2535 704 2701 770 cele-

207 818 389 883 brior
434 820 500 881 in
541 817 683 883 dies
729 820 1041 884 existeret
1083 821 1330 905 primus
1378 822 1569 883 etiam
1618 842 1860 885 nomen
1905 824 2280 903 Χριστιανῶνῑ
2325 821 2700 885 inveniret2.

404 1050 464 1129 ξ.
514 1050 615 1114 68.
678 1045 975 1111 Paulus
1021 1044 1455 1132 Apostolus
1500 1044 2024 1131 Evangelium
2069 1047 2505 1134 praedicat.

420 1209 643 1267 Paulus
673 1209 777 1267 ubi
808 1209 1082 1267 tirocinia
1120 1208 1213 1265 sui
1244 1210 1561 1266 ministerii
1607 1208 1933 1284 evangelici
1970 1211 2038 1267 in
2070 1230 2138 1269 ea
2167 1212 2510 1286 deposuerat
2538 1213 2699 1281 urbe,

208 1334 389 1391 quam
420 1313 837 1389 persecutionis
867 1333 1003 1371 suae
1033 1318 1369 1389 speraverat
1398 1313 1521 1371 fore
1554 1314 1868 1385 theatrum,
1903 1315 1940 1371 J
1942 1334 2102 1371 esum
2125 1334 2298 1393 quem
2329 1320 2450 1373 tam
2478 1315 2704 1374 fervide

208 1419 275 1476 in
313 1421 633 1496 synagogis
662 1418 1153 1477 Damascenorum
1182 1418 1513 1494 praedicare
1544 1419 1750 1493 coepit,
1795 1420 1924 1494 pari
1965 1418 2090 1477 zelo
2121 1419 2186 1477 in
2214 1420 2442 1479 Arabia
2471 1440 2702 1479 annun-

210 1525 399 1583 ciavit
417 1520 461 1581 ³.
515 1524 656 1581 Post
684 1523 919 1601 aliquod
950 1528 1177 1597 tempus
1206 1522 1558 1581 Damascum
1587 1524 1776 1580 redux
1806 1527 1964 1581 totus
1991 1524 2444 1600 praedicationis
2474 1524 2704 1583 muneri

208 1628 456 1687 institit.
540 1628 723 1686 Sudes
774 1632 901 1685 erat
951 1628 1017 1684 in
1069 1628 1539 1703 obstreperorum
1597 1628 1634 1684 J
1636 1630 1955 1687 udaeorum
2013 1628 2194 1687 oculis
2253 1629 2704 1704 Religionem

209 1734 297 1792 Cr
310 1733 465 1791 ucis
510 1752 759 1791 crescere
812 1732 1139 1789 ministerio
1191 1732 1393 1805 Pauli,
1447 1751 1834 1811 magnamque
1882 1733 2196 1809 gentilium
2241 1738 2301 1793 et
2349 1734 2386 1791 J
2387 1736 2704 1793 udaeorum

209 1840 451 1897 turbam
479 1838 517 1895 J
519 1857 619 1895 esu
650 1856 861 1895 nomen
893 1838 1059 1907 dare;
1103 1856 1282 1915 quare
1324 1838 1754 1912 conspiratione
1791 1838 1948 1896 facta
1983 1839 2139 1914 apud
2165 1841 2320 1912 regis
2351 1838 2705 1914 praefectum

209 1943 545 2019 perficiunt,
579 1948 649 2000 ut
678 1943 1082 2017 importunum
1106 1941 1429 2000 Christiani
1460 1944 1717 2000 nominis
1747 1943 2106 2001 defensorem
2130 1944 2202 2002 de
2229 1944 2420 2001 medio
2451 1942 2701 2001 tolleret.

208 2048 559 2106 Ethnarcha
602 2050 817 2105 Aretae
848 2046 1207 2105 militaribus
1236 2046 1417 2123 copiis
1464 2052 1660 2122 portas
1704 2048 1868 2105 urbis
1914 2048 2132 2119 cinxit,
2187 2047 2440 2107 Paulum
2483 2048 2532 2105 si
2571 2053 2704 2123 pote

210 2153 755 2228 comprehensurus,
799 2151 897 2207 sed
929 2151 1100 2209 irrito
1130 2150 1353 2219 labore;
1401 2170 1539 2209 nam
1569 2153 1619 2208 is
1651 2152 1716 2208 in
1745 2156 2003 2227 tempore
2034 2152 2290 2209 monitus
2321 2172 2425 2228 per
2454 2154 2699 2222 moenia,

210 2278 242 2313 e
289 2256 547 2314 fenestra
599 2274 747 2334 quae
798 2255 1074 2313 subiectis
1119 2256 1275 2329 agris
1326 2256 1699 2326 imminebat,
1755 2262 1824 2314 ut
1875 2257 2274 2314 dimitteretur
2317 2259 2384 2313 in
2430 2262 2630 2333 sporta
2671 2277 2708 2315 a

210 2360 546 2437 dioeipulis‚
592 2359 827 2418 curavit
847 2356 890 2417 4.
952 2359 1199 2435 Elapsus
1244 2359 1462 2417 Paulus
1502 2360 1734 2419 insidiis
1780 2361 2272 2419 Damascenorum
2316 2360 2352 2419 J
2355 2346 2706 2438 erosoljmas

209 2467 385 2523 venit
414 2467 648 2523 visurus
678 2465 919 2522 Petrum
943 2462 983 2535 ⁵,
1018 2483 1191 2541 quem
1222 2464 1380 2521 fama
1410 2468 1644 2523 tantum
1673 2470 1862 2537 norat,
1905 2485 1972 2524 ac
2003 2468 2211 2524 merito
2242 2484 2346 2523 ceu
2377 2465 2707 2523 columnam

211 2618 525 2669 cathedram
564 2617 924 2683 episcopalem
961 2616 1029 2666 ab
1069 2617 1445 2683 Apostolorum
1482 2619 1725 2683 principe
1763 2618 1921 2668 Petro
1975 2624 2290 2684 occupatam
2337 2620 2502 2683 primo
2541 2619 2707 2669 fuisse

209 2706 391 2755 libens
446 2704 693 2755 concedit
738 2704 789 2753 J.
840 2705 1163 2754 Pearsonius
1214 2720 1295 2769 ep.
1346 2704 1579 2769 Anglic.,
1633 2705 1700 2755 de
1747 2708 1883 2756 serie
1933 2710 1987 2755 et
2033 2707 2372 2756 successione
2421 2707 2708 2771 primorum

208 2792 419 2842 Romae
451 2794 615 2857 episc.
640 2792 785 2841 Diss.
812 2790 985 2840 Lond.
1013 2793 1164 2841 1687.
1189 2792 1231 2853 Ι,
1262 2794 1307 2841 7.
1336 2808 1385 2857 p.
1413 2794 1497 2842 48.
1546 2790 1918 2842 Defenderunt
1952 2794 2053 2842 viri
2093 2792 2367 2842 catholici:
2405 2793 2710 2843 Alexander

210 2878 441 2941 Natalis,
478 2880 534 2927 in
558 2878 699 2928 Hist.
726 2877 872 2927 Eccl.
899 2893 1041 2928 saec.
1066 2878 1109 2926 Ι.
1135 2894 1186 2943 p.
1227 2878 1350 2928 diss.
1376 2877 1527 2929 XIII.
1554 2880 1603 2941 §-
1641 2896 1692 2944 p.
1722 2880 1837 2929 153.
1864 2896 1905 2930 s.
1957 2878 2266 2929 Ludovicus
2304 2880 2706 2942 Thomassinus,

208 2966 385 3015 Vetus
425 2971 477 3015 et
512 2980 655 3015 nova
688 2964 837 3015 Eccl.
866 2964 1073 3030 discipl.
1100 2966 1232 3014 Ven.
1261 2966 1411 3015 1773.
1437 2966 1478 3015 Ι.
1506 2982 1551 3015 c.
1581 2968 1628 3015 7.
1667 2972 1722 3015 et
1756 2967 1804 3016 8.
1843 2983 1895 3031 p.
1930 2968 2010 3017 16.
2047 2982 2088 3016 s.
2139 2966 2453 3032 Selvaggius
2489 2968 2707 3033 Antiqu.

210 3052 326 3103 chr.
354 3052 397 3115 Ι,
422 3054 472 3103 3.
508 3070 560 3118 p.
586 3054 671 3103 25.
721 3051 1039 3118 Stengelius,
1079 3051 1280 3102 Comm.
1306 3070 1357 3118 p.
1386 3054 1502 3103 184.
1554 3052 1861 3117 Saccarelli,
1898 3054 1967 3104 H.
1994 3054 2060 3103 Ε.
2089 3053 2132 3117 Ι,
2163 3056 2276 3104 137.
2303 3071 2344 3105 s.
2394 3054 2706 3120 Foggin.ius,

212 3141 281 3190 de
322 3156 453 3190 rom.
492 3140 543 3189 d.
568 3140 713 3189 Petri
748 3141 955 3203 itinere,
996 3156 1168 3190 exerc.
1206 3140 1299 3190 IX.
1337 3156 1388 3205 p.
1418 3142 1533 3191 156.
1560 3155 1601 3190 ε.
1656 3140 1812 3192 Card.
1851 3141 1917 3191 de
1953 3141 2243 3204 Rauscher,
2283 3141 2476 3192 Gesch.
2511 3142 2561 3191 d.
2599 3142 2706 3191 chr.

210 3227 433 3278 Kirche.
470 3228 513 3289 Ι,
542 3230 660 3278 117.
709 3227 771 3276 F.
798 3227 1257 3291 Windischmann,
1295 3228 1576 3279 vindiciae
1612 3229 1880 3279 Petrinae.
1931 3229 2138 3279 Ratisb.
2167 3231 2317 3279 1836.
2356 3246 2406 3294 p.
2438 3232 2553 3279 111.
2579 3246 2621 3279 s.

434 3316 470 3380 ¹)
502 3315 639 3365 Ante
664 3315 721 3365 id
742 3316 996 3380 temporis
1022 3314 1367 3365 dicebantur:
1407 3314 1672 3380 discipuli,
1710 3316 1918 3379 statres,
1959 3316 2253 3378 credentes,
2280 3314 2480 3377 fideles,
2507 3317 2707 3378 sancti3

214 3417 359 3469 quae
410 3403 625 3452 nomina
675 3401 765 3451 diu
815 3404 977 3452 etiam
1030 3408 1221 3468 postea
1266 3409 1692 3468 perseverarunt.
1767 3402 2060 3453 Christiani
2113 3403 2339 3454 nominis
2388 3402 2566 3453 hostes
2617 3418 2709 3454 eos

215 3488 495 3539 Galilaeos
534 3490 803 3539 vocabant
848 3495 900 3539 et
942 3490 1266 3553 Nazaraeos,
1307 3490 1448 3555 quod
1491 3490 1653 3540 Jesus
1696 3491 1752 3539 in
1799 3489 2044 3541 Galilaea
2081 3489 2362 3556 plerosque
2399 3492 2543 3541 vitae
2580 3505 2709 3540 suae
2758 3493 2764 3498 “

212 3591 393 3626 annos
418 3578 598 3641 egerit.
634 3578 719 3626 Ex
746 3576 977 3642 quadam
1003 3578 1229 3628 nominis
1258 3580 1595 3643 corruptione
1622 3577 1877 3643 appellati
1904 3582 2056 3628 sunt:
2085 3576 2414 3641 Chi-estinan
2443 3582 2496 3627 et
2519 3576 2708 3627 Jesus:

216 3664 497 3714 chrestus.
523 3664 593 3714 U.
611 3666 645 3712 i.
668 3680 716 3712 v.
743 3680 795 3729 p.
818 3666 934 3713 346.
992 3664 1032 3729 ²)
1058 3664 1172 3714 Act.
1197 3668 1277 3727 11,
1299 3668 1380 3714 26.
1422 3667 1503 3727 14,
1525 3667 1608 3714 26.
1655 3664 1990 3714 Antiochena
2013 3664 2264 3715 Ecclesia
2297 3670 2515 3731 propter
2551 3666 2712 3715 maris

215 3752 699 3817 opportunitatem,
749 3752 903 3816 quasi
951 3755 1120 3801 mater
1166 3757 1219 3801 et
1254 3752 1411 3801 altrix
1459 3767 1640 3801 earum
1687 3757 1832 3802 recte
1877 3752 2064 3801 haberi
2106 3758 2298 3819 potest,
2348 3768 2485 3817 quae
2522 3757 2713 3817 postea

214 3856 260 3888 s.
284 3836 443 3887 Pauli
468 3838 719 3903 imprimis
745 3837 1017 3888 laboribus
1043 3854 1139 3903 per
1164 3843 1347 3903 gentes
1375 3838 1627 3903 deinceps
1653 3838 1909 3888 fundatae
1935 3844 2074 3888 sunt.
2115 3839 2194 3888 Of.
2222 3855 2273 3904 p.
2301 3841 2417 3888 283.
2475 3839 2515 3903 ³)
2542 3839 2711 3903 Regio

214 3925 357 3975 haec
392 3925 763 3975 Damascenae
801 3941 831 3973 e
855 3924 1023 3975 latere
1061 3927 1347 3975 coniuncta
1385 3932 1515 3987 erat,
1557 3931 1609 3975 et
1644 3926 1804 3990 longe
1843 3924 1912 3975 ad
1950 3931 2190 3975 austrum
2228 3926 2296 3974 ad
2333 3927 2506 3975 sinum
2542 3940 2712 3988 usque

216 4011 511 4061 Arabicum
548 4010 849 4061 recedebat.
910 4010 991 4060 Cf.
1029 4011 1087 4061 C.
1124 4010 1357 4073 Cellarii,
1398 4012 1463 4061 de
1502 4012 1914 4062 amoenitatibus
1951 4011 2216 4062 historicis
2255 4017 2307 4061 et
2343 4010 2714 4076 geographicis

216 4116 287 4149 ex
337 4098 617 4149 itineribus
661 4098 817 4147 Pauli
864 4098 1120 4160 collectis,
1169 4100 1224 4147 in
1271 4099 1503 4163 Ugolini,
1549 4098 1710 4149 Thes.
1749 4099 1914 4163 antiq.
1953 4100 2072 4161 VII,
2115 4101 2265 4149 1687.
2328 4098 2592 4158 Quamdiu
2639 4099 2714 4147 ibi

214 4192 467 4236 versatus
505 4186 667 4235 fuerit
701 4202 749 4233 v.
789 4185 998 4251 Proleg.
1074 4186 1115 4251 ⁴)
1154 4187 1273 4235 Non
1310 4186 1590 4237 imbecillis
1630 4186 1771 4252 fuga,
1823 4185 1919 4235 sed
1956 4186 2237 4235 consilium
2282 4186 2384 4234 fuit
2420 4185 2714 4249 desperatis

218 4276 275 4323 in
316 4273 479 4322 rebus
516 4273 617 4323 sibi
655 4288 846 4323 cavere
886 4278 939 4322 et
972 4273 1160 4323 ruinae
1198 4272 1512 4323 subtrahere
1551 4288 1633 4334 se,
1683 4289 1804 4323 cum
1841 4274 1998 4321 vitari
2035 4277 2232 4338 posset.
2310 4272 2352 4337 ⁵)
2394 4272 2546 4332 „Non
2584 4271 2718 4321 dixit

220 4358 341 4411 ἰδεῖν
378 4360 434 4409 id
473 4366 569 4421 est,
606 4366 667 4409 ut
704 4376 989 4423 cernerem,
1029 4360 1125 4411 sed
1162 4358 1433 4427 ἱστορῆσαι,
1472 4361 1525 4410 id
1566 4366 1662 4424 est,
1698 4366 1758 4410 ut
1795 4360 2029 4409 viderem
2068 4364 2121 4408 et
2146 4374 2544 4425 cognoscerem3
2586 4376 2714 4425 quo-

216 4446 379 4497 modo
421 4446 569 4511 loqui
607 4447 797 4508 solent,
839 4449 930 4512 qui
968 4462 1187 4513 magnas
1221 4462 1284 4497 ac
1310 4447 1621 4513 splendidas
1659 4448 1818 4497 urbes
1857 4448 2094 4497 invisunt
2130 4446 2488 4513 cognoscendi
2527 4449 2714 4512 gratia.

218 4534 375 4585 Adeo
414 4532 693 4583 iudicabat
730 4548 927 4599 operae
963 4536 1189 4599 pretium
1229 4550 1347 4585 esse
1383 4534 1565 4585 videre
1616 4534 1982 4586 tantummodo
2031 4535 2254 4585 virum.“
2313 4532 2365 4584 S.
2403 4533 2714 4601 Chrysosto·

218 4638 357 4685 mus,
396 4622 453 4671 in
496 4624 541 4683 1,
571 4624 650 4672 18.
691 4636 773 4686 ep.
813 4620 883 4671 ad
920 4620 1038 4671 Gal.
1077 4636 1127 4673 n.
1169 4625 1249 4672 11.
1287 4620 1354 4684 Χ,
1392 4623 1511 4672 678.

2306 4710 2405 4758 22*
