3267 5259
1323 416 1616 457 namnum.
2572 410 2694 473 221

180 592 367 649 fessio
400 592 759 651 sanctissimi
790 596 1045 652 nominis
1072 596 1109 652 J
1112 614 1237 667 esu,
1272 596 1597 655 Salvatoris
1639 597 1902 655 adoratio
1933 604 1992 655 et
2021 599 2246 672 agnitio
2279 619 2384 674 pro
2413 620 2552 658 vero
2584 602 2694 659 Dei

178 697 349 755 Filio
365 743 381 768 ,
434 704 783 775 promtaque
830 700 1161 757 obedientia
1208 700 1442 759 Christo
1495 703 1796 776 praestita.
1873 702 2132 759 Tandem
2185 704 2514 761 absolutum
2559 705 2594 761 J
2597 726 2698 763 esu

180 801 459 871 Christi,
492 802 815 859 diabolicae
846 804 1147 879 potestatis
1178 806 1555 862 destructoris
1586 804 1930 881 imperium,
1964 806 2029 863 in
2060 806 2165 863 illa
2194 807 2698 867 daemoniacorum

176 906 524 963 curatione.
587 906 676 964 Of.
700 906 915 965 Matth.
938 912 996 976 8,
1027 912 1127 965 29.
1174 908 1356 965 Marc.
1390 913 1443 979 1,
1472 912 1573 965 24.
1616 909 1760 966 Luc.
1789 912 1845 979 4,
1877 912 1976 966 34.
2023 908 2206 967 Marc.
2235 916 2290 980 5,
2323 916 2380 967 6.
2411 916 2466 967 7.
2502 916 2557 980 3,
2596 918 2693 969 11.

185 1014 295 1065 12.
348 1007 487 1065 coll.
520 1009 677 1067 Phil.
714 1015 771 1079 2,
809 1016 907 1069 10.
978 1012 1209 1069 Addere
1260 1011 1447 1087 placet
1502 1016 1563 1069 et
1614 1013 1800 1083 iuvat,
1858 1013 2230 1071 daemonia
2282 1034 2364 1070 ex
2415 1016 2695 1071 homine

176 1112 577 1171 Gadarene
604 1115 805 1185 eiecta,
839 1120 967 1189 post
996 1114 1477 1191 supplicationem
1502 1117 1734 1173 demum
1765 1115 2114 1193 veniamque
2145 1136 2180 1173 a
2203 1117 2454 1175 Domino
2476 1118 2690 1188 datam,

176 1214 255 1271 in
294 1218 631 1273 vicinum
662 1218 773 1275 bis
814 1218 1015 1275 mille
1045 1238 1413 1294 porcorum
1456 1238 1742 1293 gregem
1783 1220 2117 1292 irruisse,
2161 1240 2408 1298 eumque
2439 1221 2502 1278 in
2533 1240 2693 1278 mare

176 1319 589 1395 praecipitem
640 1322 839 1394 egisse.
912 1323 1127 1381 Matth.
1172 1328 1227 1393 8,
1276 1326 1377 1380 32.
1452 1321 1619 1384 Quod
1674 1341 1790 1399 qua
1841 1324 2066 1380 ratione
2111 1343 2148 1380 a
2190 1326 2388 1381 morbo
2441 1325 2694 1382 hominis

172 1424 401 1481 rabido
436 1426 749 1499 provenire
780 1427 1055 1500 potuerit,
1090 1444 1207 1484 non
1252 1425 1630 1499 intelligitur.
1693 1427 1937 1483 Accedit
1966 1426 2196 1484 nullum
2228 1427 2453 1485 Codicis
2482 1427 2692 1485 Divini

172 1526 387 1583 locum
420 1528 675 1585 excitari
705 1548 885 1603 posse,
918 1531 983 1586 in
1014 1550 1130 1607 quo
1164 1526 1441 1601 δαιμόνιον
1472 1534 1638 1587 notet
1667 1531 1934 1587 morbum
1975 1532 2230 1587 hominis
2262 1550 2418 1588 mere
2451 1536 2690 1589 natura-

174 1630 329 1688 lem.
366 1630 505 1689 Imo
528 1632 593 1688 in
614 1632 955 1707 Evangeliis
980 1633 1417 1691 daemoniorum
1438 1634 1644 1691 eiectio
1667 1637 1726 1690 et
1749 1635 2084 1691 morborum
2106 1634 2332 1691 sanatio
2354 1634 2692 1712 frequenter

176 1734 307 1791 sibi
342 1742 746 1809 opponuntur.
810 1736 897 1793 Cf.
929 1738 1144 1795 Matth.
1184 1743 1281 1808 10,
1318 1744 1375 1794 8.
1430 1738 1613 1795 Marc.
1643 1742 1699 1807 6,
1741 1740 1838 1794 13.
1889 1737 2032 1795 Luc.
2072 1742 2167 1809 13,
2205 1743 2304 1794 32.
2358 1736 2520 1799 Quae
2554 1756 2686 1795 cum

168 1839 267 1895 ita
313 1839 475 1909 sint,
520 1840 945 1899 concedendum
986 1844 1225 1899 omnino
1263 1846 1376 1899 est:
1423 1840 1820 1898 daemoniacos
1865 1860 2000 1899 vere
2047 1860 2082 1897 a
2119 1842 2394 1898 daemone
2437 1844 2690 1899 obsessos

170 1942 390 1998 fuisse.
468 1941 635 2004 Quod
680 1945 837 2001 enim
886 1951 1200 2018 oggerunt:
1248 1946 1545 2003 Christum
1592 1950 1652 2002 et
1695 1944 2100 2017 Evangelistas
2142 1964 2218 2001 ex
2263 1964 2370 2001 usu
2415 1945 2692 2021 loquendi

168 2046 621 2117 Hebraeorum,
648 2049 751 2124 qui
778 2050 1011 2107 nomine
1040 2050 1335 2107 daemonis
1360 2049 1525 2107 triste
1548 2050 1854 2126 quidpiam
1879 2050 2220 2122 contingens
2243 2048 2685 2121 intelligebant3

170 2159 229 2206 et
260 2151 509 2207 morbos
534 2150 758 2228 aliquos
796 2152 967 2209 malis
996 2152 1220 2226 angelis
1250 2154 1674 2222 adscribebant,
1709 2153 1950 2228 ideoque
1973 2170 2066 2208 eos
2089 2152 2189 2229 qui
2215 2152 2432 2209 morbis
2455 2151 2683 2209 labora·

170 2260 332 2311 runt
357 2254 806 2323 ,daemoniacos‘
831 2256 1165 2331 adpellasse‚
1192 2258 1262 2313 de
1285 2254 1473 2313 nihilo
1498 2260 1601 2313 est.
1639 2256 1734 2313 Ita
1756 2256 2138 2329 interpretari
2163 2254 2396 2312 Sacram
2421 2254 2685 2330 Scriptu-

166 2377 315 2415 ram
356 2358 427 2414 in
466 2377 699 2415 sensum
738 2359 981 2416 minime
1020 2379 1271 2436 pronum
1308 2366 1367 2417 et
1406 2360 1760 2429 inauditum,
1802 2358 1968 2415 illam
2008 2360 2354 2435 detorquere
2391 2362 2495 2415 est.
2559 2358 2688 2420 Qua

174 2468 321 2520 arte
360 2462 817 2539 pyrrhonismus
849 2464 1223 2521 induceretur
1252 2469 1425 2541 atque
1461 2464 1682 2521 effrena
1717 2462 1776 2519 in
1819 2462 2126 2520 sententiis
2163 2462 2420 2519 licentia.
2479 2461 2685 2519 Enim-

166 2586 327 2624 vero
362 2567 481 2623 hac
509 2568 709 2624 eadem
741 2567 1225 2642 interpretatione
1256 2568 1670 2641 augustissima
1697 2566 2021 2639 Religionis
2052 2566 2332 2641 mysteria
2353 2564 2420 2622 in
2449 2565 2686 2622 classem

164 2690 391 2728 rerum
428 2672 687 2727 maxime
719 2672 1111 2729 communium
1142 2678 1197 2728 et
1231 2673 1587 2746 pedestrium
1619 2670 2044 2744 redigerentur.

398 2773 563 2831 Illud
592 2774 771 2831 etiam
817 2776 1207 2850 reputandum
1254 2782 1367 2833 est:
1408 2776 1710 2832 Christum
1755 2780 1814 2831 et
1843 2773 2248 2847 Evangelistas
2279 2775 2362 2829 sic
2390 2774 2460 2830 dc
2492 2772 2683 2830 Ener-

156 2880 460 2953 gnmenis
500 2877 721 2936 locutos
758 2900 907 2948 csse3
958 2886 1027 2937 ut
1066 2880 1299 2953 angelos
1338 2879 1541 2947 malos,
1586 2878 1686 2955 qui
1730 2898 1825 2935 eos
1854 2878 2210 2935 invadebant
2239 2883 2439 2952 aperte
2469 2896 2683 2952 suppo-

154 2984 419 3040 suerint
449 2982 765 3039 rationales
798 3002 1084 3057 personas,
1121 2988 1179 3039 et
1208 2982 1545 3039 nominibus
1575 2982 1826 3056 propriis
1857 2980 2179 3039 distinctas.
2239 2980 2405 3037 Jesus
2449 2981 2680 3037 daemo-

154 3088 381 3144 niacos
429 3084 519 3143 ita
563 3088 828 3157 sanavit,
878 3091 943 3143 ut
990 3088 1293 3144 daemonia
1332 3088 1407 3143 ab
1446 3086 1519 3142 iis
1559 3086 1850 3142 discedere
1895 3086 2146 3153 iuberet3
2202 3104 2316 3161 quo
2363 3084 2687 3141 declaravit

154 3208 423 3248 causam
468 3190 657 3246 morbi
700 3209 817 3247 esse
856 3190 1217 3258 daemonem3
1265 3191 1417 3247 sicut
1454 3189 1712 3245 sanando
1754 3206 1982 3245 socrum
2013 3188 2178 3245 Petri
2208 3188 2502 3262 imperans
2532 3186 2684 3243 febri

156 3303 235 3351 ut.
269 3292 620 3350 dimitteret
656 3293 847 3363 illam,
904 3293 1117 3350 febrim
1148 3294 1417 3349 morbum
1446 3292 1569 3349 eius
1598 3292 1776 3348 fnisse
1807 3292 1982 3349 dixit.
2061 3292 2154 3348 Ex
2186 3292 2444 3365 opposito
2473 3309 2685 3347 sanans

154 3399 499 3466 lunaticos,
534 3414 781 3472 quorum
808 3398 1045 3454 morbus
1070 3397 1243 3453 lunae
1268 3395 1532 3452 influxui
1560 3416 1595 3453 a
1616 3395 1796 3468 vulgo
1817 3394 2202 3465 tribuebatur,
2231 3414 2346 3452 non
2371 3394 2686 3469 imperavit

154 3504 381 3570 lunae,
432 3505 501 3557 ut
530 3501 602 3556 ab
632 3500 714 3556 eis
744 3501 1090 3567 discederet3
1135 3502 1275 3577 quia
1302 3499 1387 3556 sic
1414 3498 1766 3556 sententiam
1797 3517 2100 3555 erroneam
2129 3504 2190 3555 ct
2217 3497 2680 3573 superstitiosam

152 3604 605 3663 confirmasset.
664 3602 826 3661 Huic
868 3608 1065 3660 autem
1114 3602 1331 3659 indicio
1362 3602 1535 3659 fidem
1564 3602 1858 3671 vindicat,
1910 3602 2062 3678 quod
2092 3600 2314 3657 scilicet
2341 3599 2506 3657 Jesus
2535 3602 2585 3657 si
2617 3600 2682 3658 in

156 3707 620 3782 Energumenis
642 3725 761 3764 non
782 3708 1043 3763 eiecisset
1064 3708 1416 3775 daemonem,
1450 3706 1549 3761 sed
1575 3706 1842 3762 morbum
1868 3724 2024 3761 mere
2047 3704 2380 3761 naturalem
2401 3708 2679 3760 curasset?

154 3811 527 3887 usurpando
571 3810 743 3867 falsas
792 3810 1073 3867 formulas
1114 3809 1385 3887 loquendi
1416 3808 1718 3881 vulgares,
1767 3827 2042 3879 errorem,
2077 3809 2180 3885 qui
2207 3806 2682 3882 superstitionem

158 3916 447 3975 maxime
479 3914 857 3988 proveheret,
906 3914 1153 3988 patratis
1200 3914 1377 3971 etiam
1426 3912 1726 3969 miraculis
1767 3911 2162 3969 confirmasset
2190 3916 2250 3968 et
2279 3912 2677 3986 promovisset.

156 4020 347 4083 Quod
398 4018 471 4073 de
500 4017 639 4074 Jesu
669 4017 1077 4074 Deo-Homine
1122 4017 1218 4075 vel
1264 4018 1519 4089 cogitare
1565 4016 1814 4090 impium
1860 4022 1963 4073 est.
2034 4015 2199 4072 Haec
2239 4020 2366 4071 erat
2407 4014 2462 4070 b.
2505 4016 2678 4070 vetu-

156 4124 445 4181 stissima
474 4120 765 4177 Ecclesiae
796 4121 865 4177 dc
897 4120 1283 4179 daemoniacis
1323 4139 1360 4176 a
1388 4120 1621 4176 Christo
1666 4118 1885 4175 sanatis
1914 4118 2224 4175 sententia.
2283 4115 2524 4178 Quoties
2553 4134 2598 4173 s.
2631 4136 2681 4172 s.

158 4230 389 4286 Patres
414 4231 474 4282 et
490 4224 814 4298 Scriptores
836 4224 905 4280 E.
924 4224 1317 4301 antiquissimi
1345 4224 1650 4280 daemonia
1672 4243 1708 4279 a
1729 4242 1788 4278 se
1805 4228 1864 4278 et
1889 4222 2227 4279 christianis
2250 4221 2316 4275 in
2338 4222 2682 4277 universum

156 4335 362 4389 eiecta
411 4348 531 4385 esse
582 4330 922 4403 praedicant
967 4330 1119 4403 apud
1149 4327 1397 4385 Judaeos
1426 4332 1485 4383 ct
1515 4326 1778 4399 gentiles.
1843 4325 2132 4398 Legatur:
2183 4343 2228 4380 s.
2278 4322 2546 4379 Justinus
2595 4324 2676 4379 M.

160 4435 349 4511 Apol.
374 4433 428 4501 Ι,
459 4437 555 4489 14.
576 4452 635 4505 p.
657 4435 759 4487 34.
782 4430 831 4499 Ι,
856 4434 1029 4506 40.p.
1052 4436 1150 4489 97.
1170 4406 1309 4487 dial.
1329 4450 1387 4487 n.
1413 4436 1513 4486 85.
1534 4450 1589 4504 p.
1614 4434 1756 4485 293.
1811 4428 2106 4501 Origenes,
2141 4426 2204 4483 in
2235 4426 2448 4484 Matth.
2469 4446 2678 4483 comm.

154 4562 279 4597 ser.
310 4560 373 4596 n.
414 4542 554 4593 110.
584 4535 676 4590 ed.
706 4534 927 4590 Lomm.
960 4534 1027 4605 V,
1060 4538 1113 4591 7.
1140 4534 1559 4603 Tertullianus,
1588 4530 1815 4607 apolog.
1843 4552 1900 4589 n.
1925 4536 2098 4605 23.p.
2123 4534 2221 4585 93.
2251 4550 2308 4586 n.
2331 4536 2430 4586 32.
2451 4550 2506 4605 p.
2539 4536 2679 4589 103.
