3267 5259
545 388 674 453 514
1278 402 1394 443 Hiut.
1426 400 1533 443 Rev.
1563 401 1652 442 div.
1683 400 1846 443 Pei-iod.
1877 400 1933 441 11.
1955 412 2050 451 cap·
2078 400 2278 441 alterum.

548 576 802 658 amicta,
848 575 1039 639 lunae
1090 574 1361 641 claritati
1406 577 1651 659 innixa,
1701 587 1765 640 et
1810 574 2160 640 duodecim
2205 573 2404 639 stellis
2447 572 2768 653 redimita,
2819 574 3038 658 partui

546 690 863 775 proxima..
926 687 1162 752 Adstat
1220 688 1419 753 draco
1448 693 1499 771 ¹,
1563 690 1672 774 qui
1723 688 1920 752 filium
1983 686 2170 753 simul
2231 710 2309 751 ac
2364 687 2656 773 prodiret
2701 688 2770 750 in
2817 685 3038 750 lucem

548 800 927 885 devoraret3
996 801 1112 866 sed
1182 825 1315 867 non
1384 805 1612 890 potuit,
1685 804 1838 888 quia
1902 812 2128 887 raptus
2199 812 2294 865 est
2351 801 2566 865 infans
2622 802 2690 864 in
2753 798 3036 880 eoelum,

545 914 779 978 mulier
852 938 1009 979 vero
1090 916 1345 1001 fugiens
1412 918 1477 979 in
1548 916 1876 980 desertum
1947 938 2016 979 se
2084 916 2425 1002 proripuit.
2503 913 2668 979 Cum
2741 912 3034 976 dracone

548 1029 925 1113 conspirant
972 1027 1139 1093 duae
1184 1028 1467 1111 bestiae,
1524 1030 1719 1093 maris
1777 1028 2013 1110 altera,
2068 1028 2272 1091 altera
2315 1038 2552 1091 terrae.
2621 1026 2872 1092 Contra
2915 1024 3036 1087 has

545 1151 797 1225 pugnat
840 1140 1071 1225 Agnus
1118 1164 1267 1206 cum
1312 1140 1660 1206 lectissimo
1719 1143 2032 1206 exercitu.
2101 1140 2206 1203 De
2255 1139 2438 1205 coelo
2505 1148 2724 1203 autem
2773 1138 3036 1202 auditur

548 1252 781 1317 chorus
842 1254 1121 1318 iucunde
1187 1256 1557 1319 canentium
1622 1255 1974 1339 virginum,
2024 1277 2186 1339 quas
2229 1252 2428 1317 veluti
2475 1254 2794 1338 primitias
2840 1252 3036 1316 offert

544 1365 896 1429 humanum
942 1390 1149 1452 genus
1194 1368 1343 1433 Deo
1392 1379 1456 1433 et
1498 1367 1715 1451 Agno.
1783 1368 1932 1431 Hae
1977 1367 2062 1431 ab
2107 1366 2300 1452 Agno
2349 1376 2666 1431 attractae
2715 1367 2780 1428 in
2829 1366 3032 1451 ipsius

544 1489 1025 1563 unguentorum
1074 1480 1341 1546 odorem
1391 1492 1680 1546 currunt.
1727 1482 2041 1546 Visuntur
2087 1491 2218 1544 tres
2265 1478 2502 1564 angeli,
2549 1502 2829 1564 quorum
2862 1500 3034 1541 unus

544 1591 887 1677 Evangelii
917 1596 1443 1679 perpetuitatem,
1478 1594 1640 1659 alter
1669 1593 2070 1679 Babylonis²
2103 1616 2346 1676 casum,
2379 1593 2608 1657 tertius
2637 1590 3030 1679 supplicium

548 1728 793 1787 eorum,
861 1708 971 1792 qui
1032 1705 1305 1772 bestiam
1354 1708 1574 1773 colunt
1593 1711 1636 1791 ³,
1699 1709 2118 1772 annunciant.
2185 1706 2651 1792 Proponuntur
2709 1714 3032 1791 sequente

544 1820 795 1883 visione
845 1820 1158 1905 quinta:
1223 1830 1477 1907 septem
1522 1819 1771 1906 phialas
1831 1823 1929 1885 ira
1973 1820 2100 1885 Dei
2147 1818 2373 1905 plenas
2428 1818 2766 1883 effundere
2813 1817 3034 1903 angeli

544 1932 815 1997 totidem
840 1936 883 1995 ⁴.
956 1930 1277 1998 Solennes
1342 1936 1599 2021 nuptias
1649 1934 1937 1999 celebrat
1981 1936 2231 1999 visione
2287 1944 2510 1997 sexta
2555 1932 2822 2017 Agnus3
2881 1932 2922 1994 i.
2969 1953 3032 1995 e.

547 2044 839 2110 Christus
918 2048 1027 2131 qui
1104 2069 1274 2133 equo
1352 2046 1501 2111 albo
1577 2058 1806 2113 vectus
1880 2046 2334 2135 triumphantis
2408 2068 2591 2111 more
2678 2044 3030 2131 egreditur.

544 2158 1179 2224 Praestantissimum
1236 2161 1408 2227 hunc
1467 2162 1702 2227 ducem
1763 2185 1936 2248 pone
1995 2161 2439 2248 sequebantur
2497 2158 2818 2225 coelestes
2873 2159 3034 2244 pha—

452 2342 462 2347 ,
543 2270 793 2357 langeS.
850 2271 971 2336 His
1020 2276 1300 2339 occurrit
1343 2278 1633 2339 marinae
1680 2274 1930 2340 bestiae
1977 2277 2304 2340 exercitus
2349 2276 2664 2360 impetum
2713 2273 3030 2337 facturus.

546 2386 791 2451 Verum
852 2386 961 2451 ubi
1011 2387 1309 2453 coelestis
1359 2388 1495 2452 dux
1540 2390 1726 2452 irruit
1770 2390 1836 2452 in
1883 2411 2052 2471 eum,
2112 2387 2454 2453 dehiscens
2507 2385 2698 2451 tellus
2744 2384 3027 2450 bestiam

543 2500 859 2563 marinam
908 2522 1037 2563 una
1084 2523 1231 2563 cum
1277 2502 1565 2565 terrestri
1606 2501 1950 2587 absorpsit,
1999 2523 2242 2586 easque
2289 2503 2356 2565 in
2403 2501 2678 2585 ignitum
2724 2508 3028 2583 stagnum

546 2611 870 2695 demersit,
916 2612 1147 2699 reliqui
1192 2624 1413 2677 autem
1447 2615 1646 2678 occisi
1693 2624 1860 2679 sunt.
1927 2614 2282 2701 Supererat
2313 2613 2526 2677 adhuc
2559 2612 2783 2695 dmm,
2834 2634 3032 2697 quem

544 2724 837 2810 Angelus
884 2736 1114 2789 tenens
1162 2726 1415 2791 clavem
1462 2726 1682 2812 abyssi
1725 2736 1790 2791 et
1823 2736 2120 2791 catenam
2167 2725 2616 2812 apprehendit,
2665 2723 3030 2810 clausitque

550 2861 669 2924 per
712 2838 885 2901 mille
934 2862 1143 2903 annos
1188 2841 1253 2903 in
1301 2839 1519 2924 abyssi
1566 2862 1862 2923 earcere3
1925 2848 1996 2904 ut
2053 2863 2130 2903 eo
2177 2840 2490 2926 temporis
2537 2840 2748 2923 spatio
2797 2848 3032 2923 gentes

546 2950 861 3014 seducere
915 2975 1047 3016 non
1094 2952 1363 3036 valeret,
1414 2976 1541 3039 quo
1592 2952 1812 3039 elapso
1865 2952 1948 3016 ad
1993 2952 2194 3017 breve
2242 2963 2496 3037 tempus
2541 2953 2778 3015 iterum
2823 2949 3033 3015 solve-

544 3072 739 3127 retur.
789 3064 878 3127 At
921 3088 1141 3129 rursus
1170 3068 1236 3129 in
1269 3075 1571 3151 stagnum
1618 3066 1785 3151 ignis
1834 3064 2189 3149 deiicietur,
2235 3063 2346 3129 ubi
2381 3088 2528 3129 cum
2559 3063 2789 3128 bestiis
2836 3064 3033 3127 maris

547 3188 613 3240 et
654 3186 868 3240 terrae
914 3180 980 3241 in
1028 3188 1362 3243 aeternum
1412 3177 1828 3243 cruciabitur,
1888 3178 2048 3243 Post
2092 3177 2256 3242 haec
2301 3178 2570 3242 veniens
2605 3175 2690 3240 ad
2722 3176 3024 3241 thronum

546 3288 745 3352 iudex
776 3292 903 3353 reis
936 3312 1247 3376 poenam,
1278 3292 1460 3355 iustis
1488 3293 1690 3355 vitam
1723 3302 2055 3355 aeternam
2089 3290 2400 3355 decernit.
2448 3290 2758 3355 Universi
2789 3292 3028 3355 mortui

546 3404 627 3465 ad
661 3404 861 3467 vitam
892 3406 1184 3468 revocati
1221 3415 1371 3468 ante
1406 3402 1573 3468 illius
1604 3403 1908 3468 thronum
1941 3406 2268 3468 sistuntur.
2317 3402 2708 3489 Supremam
2743 3402 3030 3489 denique

545 3538 809 3579 manum
831 3517 1251 3602 impositurus
1276 3516 1457 3581 Deus
1486 3517 1785 3581 omnibus
1810 3517 1890 3581 U.
1911 3517 1988 3581 F.
2014 3516 2381 3602 Prophetiis
2403 3518 2654 3580 visione
2687 3540 2718 3579 s
2735 3538 2830 3602 ep
2848 3519 3034 3579 tima

548 3638 613 3693 et
655 3627 881 3693 ultima
910 3628 972 3693 d.
1005 3628 1277 3694 «Ioannis
1322 3632 1664 3717 patefacit:
1715 3629 2066 3694 coelestem
2110 3628 2508 3712 Jerusalem3
2558 3651 2688 3715 quo
2737 3627 3031 3693 fidelium

548 3810 796 3817 ——-—---—

755 3902 793 3967 ¹)
832 3902 1052 3952 Habens
1096 3909 1297 3969 septem
1346 3904 1525 3968 capita
1562 3908 1615 3952 et
1651 3918 1854 3953 cornua
1900 3903 2098 3953 decem.
2173 3904 2213 3968 2)
2249 3906 2448 3953 Romae
2487 3904 2636 3953 urbis
2673 3919 2940 3969 paganae,
2979 3913 3036 3955 et

544 3990 747 4055 imperii
792 3989 1003 4038 ethnici.
1060 3991 1121 4039 V.
1160 3989 1425 4055 protheor.
1469 3989 1539 4039 M.
1578 3992 1791 4055 Mayer‚
1835 3990 2003 4039 Roma
2045 3990 2336 4055 septicollis
2381 3992 2618 4056 antiqua.
2683 3992 2837 4041 Rom.
2879 3994 3032 4041 1687.

547 4078 585 4143 ³)
611 4078 861 4141 Figuram
888 4078 1075 4126 messis
1102 4082 1155 4125 et
1178 4076 1492 4126 vindemiae.
1555 4077 1597 4141 ⁴)
1632 4078 1831 4142 Magna
1855 4078 2098 4126 meretrix
2125 4078 2327 4142 Regum
2357 4084 2528 4127 terrae
2555 4079 2788 4141 domina,
2827 4086 3030 4144 septem

546 4164 772 4213 collibus
808 4163 1044 4213 insidens
1082 4179 1147 4213 ac
1182 4170 1467 4227 martyrum
1507 4166 1768 4229 sanguine
1803 4165 2036 4229 perfusa,
2063 4178 2199 4229 quae
2232 4164 2426 4213 insidet
2453 4165 2658 4215 bestiae
2697 4166 2877 4215 decies
2915 4182 3030 4215 eor—

544 4258 705 4301 nutae
736 4266 854 4299 cum
880 4258 1080 4315 septem
1119 4252 1399 4316 capitibus,
1439 4253 1777 4315 quantumvis
1809 4252 2036 4315 ingentis
2063 4253 2132 4300 sit
2153 4252 2442 4316 potentiae,
2479 4252 2535 4301 in
2561 4266 2745 4316 pugna
2771 4252 3028 4302 adversus

544 4338 750 4401 Agnum
776 4338 1102 4388 succumbet.
1152 4338 1358 4387 Cecidit
1382 4337 1627 4403 Babylon
1663 4352 1858 4403 magna
1891 4345 1944 4388 et
1971 4340 2160 4388 misere
2197 4344 2465 4403 prostrata
2501 4346 2598 4388 est.
2651 4340 2890 4405 Angelus
2927 4340 3028 4389 sub

544 4424 784 4488 symbolo
832 4426 946 4475 saxi
982 4426 1195 4475 molaris
1231 4426 1285 4474 in
1322 4441 1467 4475 mare
1512 4427 1765 4490 proiecti:
1811 4427 2018 4475 ruinam
2056 4432 2215 4490 atque
2263 4426 2676 4477 internecionem
2717 4434 3030 4477 eventuram

544 4510 807 4574 Babyloni
852 4514 1108 4577 mysticae
1150 4514 1203 4561 in
1246 4513 1563 4578 supplicium
1610 4514 1998 4563 meritissimum
2051 4512 2323 4578 praedicit.
2380 4512 2544 4563 Coelo
2595 4515 2826 4564 vicissim
2865 4528 3028 4579 quam

544 4598 773 4645 maxima
810 4599 1079 4649 exultante
1117 4600 1337 4650 laetitia.
