3267 5259
594 426 727 491 296
1354 438 1415 479 De
1442 438 1640 479 fontibus
1669 438 1830 479 Hister.
1862 437 1914 478 D.
1945 437 1998 478 N.
2027 436 2073 479 3.
2101 436 2146 479 C.
2179 447 2324 477 comm.

594 613 753 677 facit
797 613 1009 677 Patris
1062 611 1439 677 clarificatio
1466 614 1508 675 ¹.
1590 634 1633 673 ε.
1683 612 1844 677 Pars
1883 620 2216 697 postrema
2257 620 2480 677 narrat
2523 611 2816 675 historias
2857 612 3046 675 exitus

594 724 853 807 Christi,
894 728 1005 811 qui
1034 724 1299 790 homine
1334 748 1403 790 se
1437 748 1579 789 esse
1611 726 1926 789 maiorem
1957 734 2094 787 tum
2133 725 2416 787 maxime
2454 722 2774 809 probavit,
2811 722 3044 809 quando

594 858 847 903 summa
897 838 1213 923 patientia
1274 846 1339 903 et
1393 836 1886 922 longanimitate
1940 860 2062 923 pro
2123 836 2312 901 nobis
2370 858 2604 923 passus
2661 846 2724 901 et
2781 848 3046 901 mortuus

595 961 709 1015 est.
786 951 1080 1016 Victoria
1131 950 1279 1015 Filii
1337 960 1566 1037 aperta
1620 950 1719 1033 fit,
1777 952 2040 1036 sanguis
2101 960 2456 1036 martyrmn
2515 960 2580 1015 et
2637 972 2809 1014 nunc
2861 950 3046 1012 statim

594 1086 819 1129 semen
871 1062 1247 1147 Ecclesiae3
1308 1066 1499 1129 tertio
1556 1066 1687 1128 iam
1744 1086 1936 1129 mane
1994 1065 2181 1149 signa
2235 1064 2399 1129 fiunt
2451 1063 2496 1129 J
2501 1086 2685 1129 esum
2739 1084 3046 1148 superesse

593 1178 789 1239 etiam
824 1178 1015 1241 morti
1046 1178 1358 1241 invictum
1390 1178 1716 1259 testantia,
1750 1176 1986 1262 quibus
2021 1187 2087 1241 et
2115 1176 2540 1261 Evangelista
2573 1198 2762 1240 suum
2793 1174 3047 1256 adiungit

594 1290 1037 1353 testimonium
1058 1292 1102 1353 ².
1168 1288 1277 1353 Sic
1318 1289 1545 1354 ultima
1586 1299 2002 1355 revertuntur
2039 1287 2124 1353 ad
2157 1290 2416 1375 prima.-
2447 1288 2598 1353 Hoc
2637 1288 2831 1352 modo
2863 1287 3047 1351 Evan-

597 1400 839 1487 gelium
864 1401 907 1466 J
911 1425 1235 1467 oanneum
1263 1403 1577 1488 optimum
1610 1401 1914 1488 praebuit
1942 1403 2416 1467 munimentum
2441 1400 2824 1466 Christianis
2851 1399 3048 1463 adver-

597 1536 705 1578 sus
753 1522 1168 1600 corruptores
1212 1513 1418 1579 Verbi
1464 1514 1613 1597 Dei,
1663 1536 1826 1600 quos
1871 1516 1995 1578 ista
2038 1516 2168 1577 iam
2213 1513 2356 1577 tulit
2401 1521 2584 1577 aetas
2605 1516 2648 1576 ³.

786 1827 845 1905 ἓ.
894 1828 995 1893 56.
1062 1824 1500 1910 Evangelii
1546 1824 1901 1889 Joannei
1947 1834 2236 1889 natura
2283 1834 2360 1889 et
2402 1827 2885 1911 proprietas

800 2054 1003 2115 Solent
1048 2057 1284 2133 quidem
1328 2054 1655 2131 Evangelia
1671 2100 1686 2125 ‚
1735 2074 1842 2114 uec
1879 2056 2174 2115 immerito
2193 2102 2207 2127 ,
2255 2059 2318 2113 in
2365 2076 2601 2115 censum
2648 2058 3048 2125 historicorum,

596 2180 739 2239 quos
770 2165 999 2228 vocant,
1035 2161 1093 2218 S.
1126 2160 1183 2217 S.
1218 2161 1533 2218 Librorum
1563 2160 1809 2229 referri3
1849 2160 1888 2217 J
1889 2162 2094 2219 oannis
2125 2166 2320 2218 autem
2351 2162 2760 2219 commentarii
2792 2162 2859 2218 de
2885 2159 3052 2218 verbis

603 2270 662 2321 et
710 2266 981 2341 operibus
1025 2265 1189 2334 Jesu,
1236 2264 1343 2322 etsi
1395 2264 1619 2342 aliquid
1651 2262 2056 2321 Historiarum
2087 2266 2358 2335 habeant,
2405 2270 2600 2322 tamen
2643 2286 2749 2323 nec
2785 2264 2943 2322 unice
2969 2282 3054 2321 nec

592 2371 901 2445 praecipue
933 2389 1008 2426 ex
1038 2370 1362 2445 praeceptis
1392 2368 1684 2427 scribendi
1739 2370 2014 2426 historias
2055 2368 2350 2426 iudicandi
2392 2373 2531 2425 sunt
2550 2366 2596 2425 ⁴.
2668 2370 2846 2442 Fugit
2883 2375 3052 2425 autem

594 2472 888 2531 neminem
941 2474 997 2530 d.
1043 2473 1329 2530 Joanuem
1382 2473 1445 2529 in
1500 2474 1908 2531 adumbranda
1958 2472 2180 2531 Christi
2234 2491 2481 2547 persona
2533 2494 2568 2530 a
2619 2473 2886 2550 reliquis,
2934 2491 3051 2549 quos

596 2578 689 2655 Sy
705 2597 785 2635 no
798 2577 1023 2654 pticos
1083 2577 1408 2652 adpellant,
1465 2578 1724 2634 differre.
1797 2577 2090 2635 Praeterit
2142 2578 2464 2652 primordia
2517 2577 2739 2635 Christi
2793 2580 3050 2641 humanm

596 2682 838 2740 docendi
870 2683 1072 2740 modus
1112 2682 1435 2741 Salvatoris
1481 2684 1545 2739 in
1592 2683 1858 2759 utrisque
1902 2684 2122 2751 varius,
2171 2682 2402 2759 aliaque
2433 2682 2669 2741 diversa
2697 2686 2842 2742 bene
2870 2682 3050 2739 multa.

600 2788 726 2845 Ista
748 2788 983 2865 quidem
1013 2789 1285 2857 varietas,
1321 2807 1386 2844 eo
1410 2788 1599 2844 movit
1619 2788 1898 2864 quosdam
1921 2786 2342 2844 recentiorum:
2377 2792 2444 2844 ut
2464 2807 2510 2845 s.
2528 2788 2567 2844 J
2567 2808 2816 2846 oannem
2838 2790 3050 2863 scripto-

596 2910 721 2948 rem
746 2892 944 2969 quarti
979 2892 1289 2966 Evangelii
1326 2912 1633 2967 perperam
1663 2898 1948 2966 negarent
1968 2890 2011 2949 ⁵.
2059 2892 2207 2949 Eam
2234 2892 2470 2969 quidem
2501 2892 2902 2952 diversitatem
2928 2891 3056 2970 quod

594 2997 831 3065 attinet,
886 3016 1035 3073 quae
1087 2996 1527 3072 auspicantibus
1577 2996 1888 3055 lectionem
1940 2996 2400 3070 Evangeliorum
2452 2997 2734 3067 offertur,
2797 3018 2879 3054 ex
2932 2997 2958 3053 f
2965 2998 3058 3052 ine

595 3120 815 3178 quem
874 3102 1029 3160 sibi
1092 3120 1571 3177 proposuere
1631 3101 2102 3178 scriptores,
2165 3103 2678 3159 aestimanda.
2749 3100 3054 3159 sufficiebat

596 3206 789 3263 tribus
856 3206 1155 3281 prioribus
1232 3206 1693 3280 Evangeliorum
1761 3205 2174 3282 scriptoribus,
2247 3210 2316 3263 ut
2387 3205 2690 3263 Christum
2759 3224 2954 3263 verum
3011 3210 3057 3259 et

595 3311 1052 3386 exspectandum
1105 3310 1471 3368 Salvatorem
1516 3311 1986 3369 demonstrarent
2005 3310 2048 3367 ⁶.
2109 3310 2362 3387 Ideoque
2407 3311 2592 3385 magis
2639 3310 2854 3380 vitam,
2903 3326 3054 3387 quam

596 3412 884 3471 Dominus
923 3415 988 3471 in
1030 3418 1187 3471 terra
1226 3420 1452 3487 egerat,
1495 3416 1849 3473 describunt.
1913 3414 1971 3471 S.
2003 3414 2040 3471 J
2041 3432 2256 3471 oannes
2297 3420 2512 3485 autem,
2555 3432 2672 3492 quo
2716 3435 2793 3473 ex
2833 3420 3054 3493 quatuor

594 3516 991 3591 Evangelistis
1021 3536 1267 3587 omnem,
1303 3522 1362 3575 et
1391 3520 1708 3576 secundum
1739 3538 1972 3576 carnem
2003 3524 2062 3575 et
2083 3520 2400 3576 secundum
2423 3518 2741 3589 Deitatem,
2777 3516 3052 3576 certitudi-

811 3754 847 3822 ¹)
886 3756 945 3806 C.
975 3757 1369 3807 xla-XVII.
1432 3758 1473 3822 ²)
1514 3758 1572 3808 C.
1599 3759 1997 3808 XVIII—XXI.
2060 3759 2100 3823 ³)
2141 3758 2264 3808 Sive
2301 3759 2356 3807 111
2393 3775 2458 3808 ex
2495 3758 2872 3810 Gnosticorum
2908 3758 3055 3808 cuius-

599 3860 825 3909 cumque
863 3843 1073 3893 demum
1108 3845 1359 3908 nominis3
1398 3846 1509 3895 sive
1540 3845 1870 3896 Judaeorum
1902 3861 1937 3895 a
1967 3845 2162 3895 Christi
2195 3844 2298 3895 fide
2323 3844 2646 3909 alienorum3
2685 3847 2800 3897 sive
2836 3846 3054 3908 denique,

596 3936 657 3981 ut
682 3931 898 3997 quidam
932 3931 1136 3992 volunt,
1176 3948 1204 3981 8
1229 3932 1456 3981 3011111118
1478 3932 1541 3981 Β.
1568 3931 1966 3998 discipulorum,
1995 3948 2128 3998 quos
2155 3936 2208 3982 et
2233 3930 2472 3982 Sabaeos
2497 3938 2698 3983 vocant
2715 3960 2783 3970 --
2801 3934 2864 3982 V.
2885 3930 3054 3997 Ignatii

596 4032 631 4067 a.
659 4018 809 4081 Jesu,
845 4033 987 4068 narr.
1015 4018 1144 4084 orig.
1170 4020 1255 4067 rit.
1282 4023 1335 4068 et
1359 4034 1519 4068 error.
1548 4018 1742 4071 Christ.
1779 4036 1822 4069 s.
1847 4020 2044 4070 3081111,
2073 4020 2225 4069 Rom.
2255 4021 2406 4070 1652.
2455 4020 2520 4069 E.
2547 4020 2850 4085 Kaempfer,
2875 4032 3054 4068 amoen-

596 4110 735 4155 exot.
772 4104 903 4156 fasc.
940 4106 1000 4154 V.
1039 4106 1255 4171 Lemgo.
1298 4107 1447 4156 1712.
1500 4106 1573 4154 Μ.
1608 4106 1852 4172 Norberg
1888 4107 1954 4156 de
1991 4106 2140 4171 relig.
2177 4112 2232 4155 et
2267 4106 2394 4171 ling.
2433 4106 2714 4168 Sabaeor„
2753 4122 2931 4156 comm.
2963 4118 3054 4167 reg-

598 4206 639 4242 s.
670 4190 811 4241 Gott.
842 4194 991 4243 1789.
1017 4208 1066 4241 v.
1093 4192 1192 4241 111.
1232 4192 1291 4241 C.
1321 4191 1383 4242 G.
1409 4192 1461 4242 J.
1488 4192 1697 4255 Walch,
1727 4192 1856 4243 Obs.
1884 4192 1950 4243 de
1975 4188 2216 4243 Sabaeis.
2251 4194 2323 4243 ib.
2353 4196 2502 4243 1787.
2529 4220 2613 4253 --,
2640 4192 2840 4243 familia
2869 4192 3055 4241 fuerint.

598 4277 845 4328 Ceterum
880 4294 1006 4329 vere
1050 4278 1215 4329 fuisse
1250 4280 1387 4329 tales
1422 4280 1590 4344 primo
1628 4282 1807 4329 statim
1841 4280 2122 4331 Ecclesiae
2159 4294 2319 4339 88νο,
2359 4281 2450 4343 qui
2487 4279 2752 4329 Joannem
2789 4279 3056 4343 Baptistam

594 4380 692 4430 pro
754 4366 955 4416 Messia
1012 4365 1321 4427 habuerint,
1382 4366 1531 4416 nullo
1586 4366 1889 4418 traditionis
1943 4369 2198 4432 antiquae
2253 4366 2448 4416 idoneo
2511 4366 2826 4416 documento
2881 4361 3056 4413 firmari

596 4455 789 4515 potest.
862 4453 905 4517 ⁴)
946 4452 1099 4513 Quod
1136 4454 1227 4502 vix
1265 4453 1546 4518 quisquam
1582 4454 1874 4518 negaverit.
1949 4454 1994 4513 ⁶)
2033 4454 2212 4514 Quare
2247 4459 2310 4502 ut
2345 4456 2534 4503 contra
2575 4452 2673 4502 hos
2709 4468 2816 4501 rem
2853 4450 3058 4499 feliciter

598 4549 845 4601 agamus,
892 4540 1103 4587 interna
1149 4538 1431 4588 diversitas
1477 4540 1709 4603 penitius
1755 4539 2132 4603 investiganda
2179 4540 2294 4589 erit.
2368 4538 2410 4603 θ)
2455 4539 2611 4599 Quae
2655 4532 2750 4599 „tiz
2792 4527 3056 4603 omnam-Q

599 4621 859 4671 Clementi
894 4624 977 4673 Al.
1016 4624 1263 4673 dicuntur
1300 4624 1443 4689 apud
1478 4625 1790 4685 Eusebium,
1829 4625 1896 4674 H.
1932 4625 1996 4673 E.
2025 4624 2116 4687 VI,
2149 4627 2226 4674 14.
2250 4641 2303 4689 p.
2331 4627 2448 4674 216.
