3267 5259
580 405 702 469 186
1326 416 1521 459 Dodeeas
1550 416 1916 468 Disquisitionum
1947 416 2307 469 theologicarum.

574 599 673 655 sed
702 599 880 655 otiose
910 596 1265 675 conquisitos
1294 614 1325 654 e
1356 598 1549 655 media
1578 599 1758 655 turba
1801 597 2040 671 selegit3
2087 602 2148 655 et
2190 599 2484 677 quodnam
2529 600 2776 657 tandem
2817 598 3090 656 conside-

578 702 823 759 rationis
869 706 1069 759 tantae
1112 703 1462 778 mysterium
1514 706 1619 759 est.
1697 700 2050 765 Quaestione
2101 703 2400 777 superiore
2453 703 2526 759 de
2578 702 2836 776 origine,
2899 703 3090 779 deque

575 807 923 864 auctoritate
952 805 1441 879 Genealogiarum
1464 806 1736 877 discussa,
1769 806 1962 863 facilis
1986 807 2059 863 ad
2081 807 2190 863 hoo
2212 807 2458 865 dubium
2489 807 2672 863 datur
2701 826 3087 883 responsum:

574 910 632 967 S.
658 910 1051 981 Matthaeum,
1086 913 1187 987 qui
1218 909 1505 967 Hebraeis
1552 910 1812 967 scribens
1841 928 1902 966 se
1931 911 2320 968 traditionum
2361 912 2622 985 peritum
2669 911 2742 967 de
2783 910 3090 967 industria

574 1015 827 1072 ostendit
847 1060 861 1086 ‚
910 1020 1031 1072 tres
1070 1016 1208 1071 istos
1253 1033 1419 1086 reges
1464 1014 1742 1083 tacuisse3
1785 1015 1924 1091 quia
1953 1034 1989 1072 a
2032 1034 2078 1071 s.
2110 1014 2328 1072 tabulis
2369 1014 2764 1088 genealogicis
2811 1016 3086 1071 aberant.

574 1120 663 1174 De
710 1121 997 1174 omissione
1042 1136 1170 1173 vero
1217 1119 1459 1173 Joakimi
1501 1120 1567 1175 in
1596 1119 1848 1175 secunda
1892 1118 2368 1189 Tessaradecade,
2403 1120 2558 1196 quod
2589 1124 2780 1175 restat
2811 1119 3084 1187 dubium,

576 1225 897 1279 communis
928 1222 1051 1279 fere
1080 1222 1278 1297 opinio
1321 1224 1718 1297 interpretum
1748 1226 2016 1279 veterum
2047 1226 2555 1300 recentiorumque
2583 1224 2802 1281 habet:
2841 1224 3088 1279 omnino

574 1328 891 1384 desiderari
924 1346 1199 1402 personae
1229 1326 1405 1383 unius
1450 1328 1808 1383 mentionem
1837 1326 1994 1402 apud
2023 1348 2068 1385 s.
2102 1327 2498 1399 Matthaeum,
2531 1346 2685 1405 quae
2715 1332 2932 1383 contra
2963 1330 3084 1383 eim.

574 1436 830 1488 mentem
874 1450 1009 1489 casu
1053 1430 1250 1509 aliquo
1294 1431 1599 1488 exciderit.
1664 1430 1832 1487 Unde
1861 1431 2081 1489 Josiam
2127 1432 2284 1489 inter
2327 1439 2388 1488 et-
2413 1432 2452 1487 J
2455 1430 2768 1488 echoniam
2813 1431 3084 1488 inseren-

574 1536 733 1605 dam,
789 1537 839 1591 si
892 1536 1255 1611 primaevam
1302 1536 1652 1611 autographi
1707 1534 2014 1593 lectionem
2069 1537 2380 1593 restituere
2431 1534 2706 1595 velimus
2801 1534 3084 1592 Plurium

576 1642 767 1697 instar
796 1659 854 1697 v.
888 1640 956 1697 P.
990 1640 1230 1714 Schegg,
1267 1639 1379 1697 Ev.
1412 1658 1472 1697 n.
1504 1639 1724 1697 Matth.
1757 1640 1810 1710 Ι,
1847 1644 1948 1698 39.
1985 1644 2130 1697 418.
2191 1640 2298 1696 Sed
2340 1659 2403 1696 re
2443 1641 2734 1697 attentius
2777 1651 3086 1715 perspecta

578 1745 882 1815 sumimus,
934 1744 1090 1801 nihil
1134 1746 1326 1803 videri
1371 1744 1525 1819 apud
1568 1764 1615 1802 s.
1649 1744 2017 1801 Matthaeum
2048 1745 2158 1801 hoc
2192 1743 2316 1801 loco
2359 1744 2704 1801 desiderari.
2767 1742 3086 1818 Scripsisse

572 1848 821 1906 dicimus
839 1848 1281 1922 Evangelistam
1306 1848 1479 1924 plane
1502 1854 1677 1923 prout
1699 1848 1870 1905 hodie
1893 1848 2130 1921 legitur.
2166 1848 2454 1905 Addimus
2477 1849 2732 1926 denique
2756 1846 3086 1921 Vulgatam

573 1957 864 2023 nostram,
920 1955 1073 2030 quod
1124 1974 1170 2010 s.
1214 1953 1480 2027 Scriptor
1538 1952 1808 2027 hebraice
1867 1954 2211 2027 scripserat,
2268 1972 2386 2010 non
2449 1954 2826 2029 discrepante
2885 1954 3086 2011 Textu

574 2056 879 2130 originali,
924 2076 1057 2115 cum
1086 2058 1200 2115 fide
1232 2063 1669 2132 repraesentare
1697 2058 2134 2117 transferendo:
2181 2061 2394 2129 ‚Josias
2433 2062 2626 2131 qenai&
2655 2060 2988 2115 Jechoniam
3035 2068 3084 2113 et

563 2160 785 2230 fratres
828 2164 947 2215 eius
984 2164 1041 2216 in
1086 2164 1558 2234 tranmiyratione
1602 2163 1945 2232 Babylonis!
2004 2164 2218 2220 Mat-th.
2259 2168 2286 2219 1
2299 2208 2312 2233 ,
2353 2168 2380 2219 1
2395 2168 2451 2219 2.
2513 2162 2694 2221 Hanc
2720 2166 3084 2221 sententiam

574 2267 949 2343 sequentibus
994 2266 1297 2325 firmamus
1344 2268 1689 2324 rationibus.
1755 2286 1806 2323 a.
1856 2266 2240 2340 Conspirante
2283 2264 2682 2323 similitudine
2729 2266 3082 2326 Editionum

574 2375 635 2427 et
665 2369 1014 2428 Versionum
1036 2416 1049 2441 ‚
1096 2390 1347 2448 quarum
1392 2370 1559 2428 nulla
1602 2390 1840 2447 prorsus
1885 2373 2211 2446 reperitur;
2259 2390 2408 2448 quae
2453 2370 2632 2429 aliter
2671 2372 2944 2429 haberet.
3011 2371 3080 2428 Id

572 2494 714 2532 vero
743 2476 977 2549 signum
1008 2494 1127 2532 esse
1157 2475 1534 2533 manifestum
1564 2474 1638 2533 ab
1667 2475 1794 2551 ipso
1825 2496 1870 2533 s.
1903 2476 2198 2551 Scriptore
2229 2476 2476 2551 profecti
2509 2480 2731 2545 textus,
2759 2478 3080 2535 concedant

574 2598 799 2637 necesse
858 2585 945 2637 est-
1003 2580 1173 2658 aequi
1232 2598 1449 2637 omnes.
1510 2580 1754 2638 Etenim
1815 2598 1992 2658 quam
2043 2578 2341 2637 mordicus
2395 2578 2605 2637 Critici
2657 2579 2806 2637 Luc.
2859 2584 2924 2649 3,
2977 2584 3078 2637 37.

574 2683 899 2741 Cainanum
931 2686 1225 2741 retineant
1244 2729 1257 2753 ‚
1300 2686 1443 2743 satis
1474 2689 1680 2743 notum
1711 2688 1828 2753 est3
1876 2688 2012 2741 utut
2042 2702 2099 2760 q.
2131 2700 2191 2739 v.
2224 2702 2342 2739 non
2371 2700 2604 2758 semper
2635 2684 2724 2740 ibi
2765 2702 3076 2760 comparu-

572 2788 707 2845 erit.
754 2786 965 2846 Altera
994 2790 1146 2846 ratio
1176 2790 1233 2846 b.
1268 2790 1493 2863 petitur
1522 2808 1597 2845 ex
1626 2789 1878 2846 discordi
1909 2788 2194 2845 varietate
2225 2791 2431 2844 contra
2459 2788 2856 2844 sentientium
2885 2790 3072 2845 inter-

573 2897 834 2967 pretum,
870 2894 1230 2949 constantiae
1261 2892 1526 2950 lectionis
1566 2896 1830 2967 receptae
1859 2911 1890 2947 e
1920 2891 2206 2948 diametro
2247 2892 2652 2965 respondente.
2721 2890 2874 2948 Cum
2903 2912 3074 2967 porro

574 3014 621 3053 0.
655 3016 701 3053 s.
733 2996 1067 3053 Mat-thaeus
1112 3002 1233 3053 tam
1280 2996 1625 3070 diligentem
1671 2997 1959 3053 rationem
2003 2994 2211 3052 inierit
2255 3013 2638 3052 numerorum
2657 3041 2671 3066 ,
2717 3016 2840 3054 non
2885 2996 3070 3073 potuit

574 3099 749 3157 fidem
780 3100 1151 3176 professionis
1182 3120 1344 3171 suae,
1378 3118 1495 3179 qua
1524 3106 1644 3157 tres
1673 3120 1732 3157 se
1763 3100 2218 3157 tessaradecades
2259 3099 2609 3174 expandisse
2647 3100 2978 3159 affirmavit
3009 3104 3070 3158 in

578 3204 751 3279 plane
780 3204 1102 3261 arbitraria
1120 3248 1133 3275 ,
1168 3223 1235 3261 ac
1264 3206 1500 3261 nonnisi
1530 3205 1805 3273 fortuita,
1842 3203 2043 3261 lectori
2089 3222 2377 3281 nusquam
2417 3204 2489 3260 de
2519 3222 2590 3260 ea
2619 3224 2686 3261 re
2717 3208 2978 3273 monito,
3007 3207 3070 3261 in

576 3312 832 3367 mentem
877 3312 1129 3365 ventura
1174 3308 1349 3365 unius
1396 3309 1649 3365 nominis
1693 3306 2060 3382 suppletione
2097 3306 2388 3364 defixisse.
2451 3306 2624 3365 Vana
2653 3308 2852 3383 igitur
2877 3308 3068 3384 opinio

574 3418 661 3469 est
692 3432 736 3467 s.
770 3412 1211 3486 Evangelistam
1244 3412 1497 3487 posuisse
1527 3415 1593 3469 in
1622 3412 1985 3487 autographo
2015 3431 2118 3468 suo
2149 3413 2505 3469 mentionem
2536 3412 2794 3469 alicuius
2831 3413 3066 3469 alterius

574 3518 649 3573 ab
676 3516 753 3571 iis
783 3516 1066 3585 distincti,
1100 3518 1202 3593 qui
1236 3534 1391 3572 nunc
1420 3516 1506 3573 ibi
1536 3520 1791 3587 exstant,
1827 3516 1952 3572 sive
1979 3517 2032 3573 is
2061 3514 2383 3584 Joakimus‚
2417 3516 2544 3572 sive
2563 3516 2602 3571 J
2604 3517 2885 3574 echonias
2914 3518 3068 3593 prior

574 3624 833 3675 vocetur.
895 3618 1161 3696 Denique
1206 3620 1261 3676 d.
1310 3620 1553 3694 partitio
1597 3619 1707 3677 illa
1753 3638 1920 3694 saepe
1952 3619 2189 3676 laudata
2230 3621 2298 3675 in
2329 3624 2450 3675 tres
2497 3622 2986 3691 tessaradecades,
3017 3624 3064 3677 si

573 3724 703 3800 quis
734 3722 979 3780 docilem
1010 3724 1280 3781 advertat
1312 3725 1593 3793 animum,
1628 3724 2088 3781 controversiam
2125 3724 2280 3781 hanc
2309 3728 2494 3780 totam
2534 3723 2776 3783 decidit.
2841 3726 3062 3783 Palma·

574 3828 730 3883 rium
760 3828 871 3884 hoc
898 3832 1311 3900 argumentum
1356 3834 1469 3897 est,
1504 3828 1780 3885 adversus
1823 3829 1976 3904 quod
2025 3848 2196 3901 aegre
2241 3827 2465 3905 aliquid
2513 3830 2788 3904 excipere
2835 3844 3060 3905 possunt

576 3930 756 3988 aliter
778 3933 1102 4006 opinantes.
1150 3930 1459 4005 Sapienter
1480 3938 1539 3988 et
1568 3932 1809 4007 provide
1832 3932 2214 4006 Evangelista
2241 3952 2299 3989 u.
2326 3953 2370 3989 s.
2395 3952 2456 3989 v.
2491 3932 2780 3990 terminos
2803 3934 3062 3993 Tessata-

574 4036 853 4093 decadum
898 4034 1202 4093 defixerat.
1266 4036 1467 4093 Prima
1514 4037 1727 4094 divisio
1771 4040 1846 4096 ab
1892 4038 2231 4095 Abrahamo
2283 4054 2464 4114 usque
2509 4037 2580 4093 ad
2635 4036 2960 4104 Davidem,
3005 4047 3056 4093 ut

572 4138 913 4216 loquuntur,
944 4139 1233 4197 inclusive
1264 4144 1443 4215 patet.
1524 4141 1591 4198 Id
1641 4140 1856 4199 clamat
1901 4162 1992 4199 res
2037 4142 2190 4217 ipsa,
2239 4142 2518 4218 quoniam
2552 4142 2670 4198 nisi
2715 4140 2978 4199 Davides
3003 4143 3060 4197 in

572 4263 859 4301 summam
890 4246 1069 4319 primi
1099 4245 1406 4302 intervalli
1436 4246 1798 4315 conferatur3
1835 4266 1949 4304 non
1976 4248 2094 4303 iam
2117 4264 2186 4301 ea
2207 4244 2632 4313 Tessaradecas,
2661 4246 2762 4301 sed
2789 4247 3058 4303 triadem

572 4346 773 4404 fuerit.
831 4330 1082 4406 Secundi
1112 4368 1287 4424 porro
1316 4348 1622 4406 intervalli
1657 4352 1944 4407 terminus
1975 4352 2218 4424 ponitur
2251 4349 2695 4421 transmigrat-io
2723 4348 3056 4425 Babylonis.

574 4450 891 4509 Generatio
912 4453 1076 4509 intra
1098 4454 1274 4509 huius
1306 4455 1843 4526 transmigrationis
1875 4458 2103 4527 tempus
2133 4451 2360 4508 inclusa
2389 4453 2615 4509 decima
2644 4458 2706 4509 et
2733 4459 2968 4531 quarta,
3005 4454 3058 4508 in

572 4554 823 4611 secunda
851 4554 1028 4611 classe
1058 4556 1481 4612 recensitarum
1512 4575 1633 4613 una
1677 4557 1997 4613 necessario
2027 4562 2114 4612 est
2141 4554 2426 4613 habenda.
2481 4554 2573 4612 Ea
2602 4562 2804 4614 autem
2831 4574 3058 4631 eompu-

3219 3226 3222 3443 1
