3267 5259
986 440 1132 489 Ortus.
1161 440 1351 483 infantis
1380 442 1427 481 et
1451 429 1660 483 iuventus
1688 440 1873 483 chtisti.
2596 428 2676 493 15

204 613 526 677 infantium
550 664 568 699 ,
632 616 742 700 qui
808 612 1034 679 bimuli
1095 623 1312 679 essent
1370 614 1477 679 vel
1545 615 1829 679 minores
1854 664 1871 699 ,
1938 638 2213 701 quorum
2272 615 2549 701 proinde
2609 616 2678 679 in

201 748 450 791 numero
491 749 660 812 puer
703 736 932 813 posset
987 729 1295 813 reperiri,
1357 729 1568 791 missis
1612 728 1680 790 in
1724 726 2111 792 Bethlehem
2158 729 2425 814 eiusque
2474 751 2665 813 agros

205 838 566 903 satellitibus
629 840 762 903 suis
818 840 1165 926 imperavit
1194 844 1248 922 1;
1297 862 1332 904 e
1391 862 1522 925 qua
1573 839 1785 921 Maria
1840 850 1905 904 et
1956 840 2001 905 J
2004 863 2151 905 esus
2212 840 2371 925 fuga
2417 850 2678 926 ereptus

207 962 310 1032 est,
341 974 532 1037 quam
573 974 726 1016 cum
767 951 810 1017 J
813 952 1058 1038 osepho
1092 953 1326 1038 angelo
1356 952 1624 1017 iubente
1664 954 1733 1017 in
1769 953 2151 1039 Aegyptum
2190 962 2614 1039 susceperant
2632 956 2676 1017 2.

205 1064 448 1129 Herode
492 1075 718 1129 autem
764 1088 800 1129 e
845 1065 1012 1129 vivis
1057 1064 1333 1148 sublat0,
1391 1066 1627 1129 iterum
1691 1064 1775 1129 de
1820 1065 2037 1150 angeli
2096 1067 2378 1131 iussione
2436 1068 2559 1131 iter
2610 1067 2677 1129 in

205 1176 620 1243 Palaestinam
661 1186 1108 1263 susceperunt,
1149 1177 1374 1243 sedem
1415 1177 1693 1263 figentes
1733 1178 2081 1243 Nazarethi
2116 1178 2280 1243 urbe
2321 1178 2677 1263 Galilaeae,

207 1289 358 1353 unde
395 1298 460 1355 et
489 1289 787 1355 Christ-us
817 1290 1144 1355 Nazareni
1177 1300 1685 1376 cognomentum
1706 1294 1731 1335 ³
1767 1293 2039 1378 accepit.
2088 1290 2437 1357 Nazarethi
2474 1292 2580 1377 pie
2614 1300 2679 1355 et

207 1401 452 1467 honeste
498 1401 820 1468 educatus
868 1414 994 1487 est;
1041 1402 1272 1468 solatio
1322 1413 1462 1469 erat
1504 1405 1833 1490 piissimae
1878 1404 2073 1467 Matri
2116 1413 2182 1467 et
2217 1403 2511 1490 Josepho
2560 1426 2679 1468 sua

207 1517 703 1599 conversatione,
751 1538 948 1601 quam
987 1516 1312 1581 credimus
1344 1516 1542 1581 fuisse
1590 1515 1671 1581 de
1722 1516 1847 1581 Dei
1894 1516 2185 1581 bonitate
2232 1515 2679 1581 misericordia

208 1636 264 1691 et
298 1651 485 1714 opere
532 1627 780 1713 salutis,
827 1626 913 1692 ad
961 1628 1140 1715 quod
1182 1639 1459 1694 venerat
1475 1633 1519 1693 4.
1565 1628 1762 1695 Anno
1810 1632 2041 1694 aetatis
2089 1628 2477 1694 duodecimo
2528 1652 2674 1693 cum

207 1749 370 1825 patre
413 1750 478 1806 et
519 1750 734 1805 matre
778 1741 1113 1828 paschate,
1159 1742 1440 1829 primum
1487 1742 1572 1807 ad
1615 1742 1931 1829 templum
1977 1741 2171 1807 facile
2222 1744 2347 1805 iter
2390 1742 2678 1829 suscepit

206 1851 377 1917 Jesus
433 1852 905 1939 Jerosolymas.
995 1855 1180 1919 Actis
1243 1854 1473 1920 diebus
1517 1878 1897 1942 azymorum
1954 1854 2165 1919 Maria
2223 1864 2289 1919 et
2347 1853 2675 1940 Josephus

207 1964 759 2050 regrediebantur3
803 1968 1062 2031 interim
1091 1967 1472 2054 parentibus
1506 1967 1771 2033 domum
1816 1966 2261 2051 redeuntibus,
2305 1966 2427 2031 illis
2458 1968 2676 2032 insciis

206 2076 281 2140 ibi
320 2078 521 2143 haesit
537 2083 582 2145 ⁵.
677 2079 992 2144 Parentes
1037 2081 1162 2143 rati
1203 2080 1418 2145 redire
1467 2080 1796 2145 Christum
1840 2083 2085 2168 pariter
2131 2103 2279 2145 cum
2326 2080 2541 2166 aliquo
2592 2103 2677 2144 ex

210 2193 504 2275 cognatis,
545 2191 710 2257 nihil
748 2192 830 2257 de
871 2214 948 2257 eo
995 2195 1403 2278 requirentes
1449 2195 1639 2258 unius
1680 2194 1810 2258 diei
1851 2195 1978 2258 iter
2022 2194 2471 2259 confecerunt.
2542 2191 2677 2257 Sed

208 2323 336 2367 cum
375 2327 656 2392 vespere
697 2304 874 2391 apud
909 2316 1101 2371 notos
1146 2305 1374 2371 Jesum
1423 2316 1814 2392 quaerentes
1858 2329 1994 2373 non
2035 2309 2457 2389 invenissent,
2489 2306 2675 2370 Jero-

208 2414 462 2501 solymas
504 2420 944 2505 repetierunt3
993 2441 1202 2504 eaque
1239 2421 1308 2482 in
1351 2419 1514 2483 urbe
1552 2429 1705 2505 post
1742 2420 2025 2484 triduum
2058 2419 2259 2484 filium
2305 2420 2481 2484 nacti
2528 2430 2679 2483 sunt

207 2528 264 2591 in
303 2528 508 2616 aliqua
551 2530 850 2595 exhedra
892 2531 1120 2617 templi
1163 2554 1372 2618 prope
1413 2534 1691 2596 atriumss
1733 2534 1902 2597 inter
1948 2531 2251 2597 doctores
2298 2531 2670 2614 sedentem3

207 2640 424 2725 publici
451 2643 767 2709 Doctoris
811 2666 1082 2709 munere
1129 2645 1451 2731 stupendo
1499 2655 1564 2709 et
1599 2645 1891 2710 inaudito
1938 2644 2241 2731 exemplo
2290 2666 2673 2729 summoque

210 2775 338 2817 cum
365 2756 688 2843 applausu
716 2757 977 2823 functus
1011 2767 1109 2822 est
1130 2757 1175 2822 J
1179 2780 1326 2823 esus
1360 2780 1440 2822 ea
1471 2760 1793 2845 sapientia
1826 2769 1889 2823 et
1919 2758 2259 2841 modestia,
2288 2780 2417 2844 qua
2448 2780 2674 2822 omnes

209 2866 266 2928 in
317 2867 806 2935 admirationem
849 2880 1256 2956 raperentur.
1346 2871 1558 2935 Maria
1603 2881 1669 2935 et
1713 2871 1757 2935 J
1760 2871 2042 2958 osephus
2089 2872 2199 2935 ubi
2258 2870 2439 2935 illum
2496 2872 2673 2934 inve-

210 2980 460 3065 nissent,
504 2985 730 3047 mirari
784 2984 1099 3070 primum,
1149 2982 1386 3048 deinde
1444 2985 1735 3069 piissima
1786 2994 1997 3047 mater
2058 2983 2140 3047 ab
2190 3006 2268 3049 eo
2318 2984 2671 3068 quaesivit:

396 3227 430 3293 ¹)
457 3229 538 3281 Cf.
558 3229 622 3280 C.
642 3231 694 3281 J.
719 3230 956 3294 Ansaldi,
983 3230 1278 3281 Herodiani
1303 3230 1631 3282 Infanticidii
1655 3230 1953 3281 Vindiciae.
1980 3230 2211 3281 Brixiae.
2239 3232 2389 3280 1746.
2416 3229 2456 3297 ²)
2480 3228 2673 3280 Matth.

213 3312 254 3375 2,
283 3317 487 3367 13-18.
533 3319 692 3368 Tunc
725 3318 1066 3384 adimpletum
1110 3324 1214 3380 est,
1251 3318 1394 3382 quod
1425 3318 1695 3368 Jeremiae
1730 3320 1813 3379 31,
1851 3320 1931 3368 15.
1966 3317 2295 3382 temporibus
2329 3316 2671 3367 bethlehemi-

211 3400 314 3449 ticis
341 3404 650 3453 mulieribus
691 3406 746 3453 in
779 3410 906 3470 typo
953 3405 1162 3454 accidit.
1225 3402 1266 3470 ³)
1303 3404 1492 3454 Matth.
1527 3407 1576 3467 2,
1613 3406 1834 3455 19—23.
1884 3404 2137 3453 Geminas
2180 3404 2236 3452 in
2280 3402 2453 3454 reditu
2488 3403 2557 3453 D.
2606 3404 2671 3454 N.

213 3484 256 3534 J.
303 3486 358 3537 C.
403 3490 712 3557 prophetias
769 3492 1016 3558 impletas
1077 3491 1428 3557 Evangelista
1477 3496 1731 3541 testatur:
1808 3506 1905 3551 „ex
1962 3490 2205 3555 Aegypto
2266 3490 2460 3540 vocavi
2507 3488 2673 3539 filium

213 3579 420 3639 meum“;
451 3594 503 3626 v.
533 3580 616 3628 15.
643 3583 697 3628 et
723 3579 1006 3643 „quoniam
1031 3578 1341 3627 Nazaraens
1365 3577 1695 3628 vocabitur.“
1722 3593 1775 3625 v.
1802 3579 1884 3627 23.
1928 3577 2009 3626 Ad
2042 3577 2272 3642 priorem
2298 3576 2441 3641 quod
2466 3576 2672 3638 attinet,

215 3666 454 3723 spectasse
488 3664 725 3714 creditur
758 3680 799 3713 s.
823 3664 1128 3715 Matthaeus
1166 3663 1341 3713 Oscae
1381 3668 1460 3727 11,
1498 3668 1545 3713 1.
1595 3662 1677 3713 Cf.
1712 3664 1853 3713 Hist.
1887 3664 1951 3713 V.
1984 3663 2047 3711 Τ.
2081 3680 2133 3730 p.
2170 3665 2287 3714 361.
2334 3662 2418 3712 Ad
2452 3662 2673 3713 alteram

216 3746 338 3808 quod
359 3750 557 3814 attinet,
583 3752 729 3801 unde
753 3750 900 3801 illam
933 3752 1181 3800 sumserit
1205 3750 1420 3800 difficile
1445 3756 1528 3799 est
1550 3750 1805 3810 iudicare,
1830 3750 2057 3799 fortasse
2091 3750 2159 3799 ad
2194 3764 2407 3800 sensum
2442 3749 2675 3815 respexit

219 3830 430 3884 loconun
461 3837 568 3886 Isai
605 3841 697 3900 11,
735 3842 782 3887 1.
831 3836 954 3887 coll.
987 3840 1045 3900 4,
1081 3840 1129 3886 2.
1177 3840 1261 3900 45,
1297 3838 1345 3886 8.
1393 3836 1590 3885 Ezech.
1620 3838 1701 3885 17.
1728 3838 1811 3885 22.
1837 3839 1903 3886 23
1936 3836 2303 3901 similiumque.
2352 3836 2527 3885 Huius
2554 3851 2673 3885 sen·

217 3922 390 3971 tentiae
412 3928 492 3973 est
515 3924 564 3973 d.
589 3925 964 3987 Hieronymus,
991 3923 1192 3973 Comm.
1219 3922 1287 3972 ad
1311 3922 1500 3973 Matth.
1528 3924 1575 3985 2,
1602 3924 1687 3971 23.
1722 3923 1837 3985 VII,
1862 3924 1943 3973 17.
1970 3939 2054 3989 ep.
2087 3923 2254 3973 LVII.
2275 3923 2345 3972 ad
2368 3921 2673 3971 Pammach.

217 4020 258 4068 p.
291 4008 396 4058 112.
443 4010 522 4059 cf.
553 4012 670 4061 Jos.
707 4010 866 4060 Khell
911 4010 964 4059 S.
1000 4010 1078 4072 J.,
1125 4009 1367 4075 Eclogen
1410 4009 1859 4059 Observationum
1904 4012 1959 4059 in
2002 4011 2066 4060 N.
2110 4010 2172 4059 Τ.
2230 4010 2438 4058 Libros.
2480 4010 2673 4058 Vienn.

221 4094 348 4143 1756.
379 4096 418 4157 1,
451 4099 498 4147 2.
522 4114 574 4163 p.
604 4100 684 4147 15.
711 4112 755 4146 s.
802 4097 1162 4162 Deylingium‚
1198 4096 1330 4145 Obs.
1353 4110 1396 4145 s.
1421 4096 1464 4159 1,
1493 4098 1578 4145 26.
1603 4111 1647 4145 s.
1670 4113 1723 4161 p.
1752 4098 1867 4146 105.
1892 4111 1935 4145 s.
1998 4094 2039 4161 ⁴)
2076 4096 2207 4146 Luc.
2234 4098 2281 4157 2,
2308 4098 2393 4145 40.
2443 4092 2483 4161 ⁵)
2522 4094 2674 4145 Clam

215 4183 496 4241 parentibus
541 4186 798 4234 remansit
843 4199 950 4233 non
997 4184 1136 4245 ideo,
1201 4200 1270 4233 ne
1317 4185 1362 4233 si
1411 4184 1466 4233 id
1513 4183 1618 4231 illis
1666 4184 1952 4233 indicando
2004 4198 2202 4232 morem
2249 4198 2357 4231 non
2405 4182 2671 4246 gessisset,

219 4264 458 4319 videretur
495 4270 835 4335 inobediens3
876 4269 973 4320 sed
1005 4275 1066 4319 ut
1097 4270 1402 4320 ostenderet
1443 4269 1606 4319 alium
1642 4284 1700 4319 se
1733 4269 1933 4319 habere
1973 4270 2211 4331 Patrem,
2248 4268 2399 4317 cuius
2440 4283 2525 4318 res
2566 4268 2672 4317 illis

219 4352 356 4401 etiam
377 4371 478 4405 non
503 4358 760 4407 consultis
795 4371 953 4421 agere
988 4357 1223 4407 deberet.
1271 4358 1390 4406 Non
1417 4372 1542 4421 ergo
1570 4370 1701 4405 casu
1726 4362 1779 4405 et
1805 4372 1997 4417 errore,
2022 4353 2117 4404 sed
2153 4354 2333 4403 divino
2368 4355 2591 4405 consilio
2618 4355 2671 4405 id

219 4434 392 4489 factum
429 4442 542 4493 fuit.
602 4442 642 4509 ὅ)
689 4444 753 4493 V.
799 4442 852 4492 S.
885 4443 1181 4508 Deylingii,
1218 4442 1348 4493 Obs.
1391 4458 1434 4494 s.
1479 4444 1584 4506 111,
1629 4446 1749 4493 223.
1798 4443 1866 4491 ΙΙ.
1910 4440 2312 4507 Wigand·Biel,
2357 4440 2423 4491 de
2464 4442 2672 4507 Templi

221 4520 503 4577 Posterioris
549 4545 676 4595 prae
727 4530 924 4579 Prioris
973 4528 1173 4581 Gloria.
1237 4530 1468 4580 Vitemb.
1514 4533 1665 4580 1715.
1707 4545 1760 4577 n.
1808 4531 1887 4578 12.
1925 4543 1967 4577 s.
2020 4528 2158 4578 Hist.
2200 4528 2265 4578 R.
2308 4528 2376 4577 D.
2418 4528 2482 4578 V.
2520 4528 2581 4577 T.
2618 4546 2671 4595 p.

220 4610 324 4659 498.
351 4614 460 4664 501.
