3267 5259
575 428 632 478 11
1308 421 1318 428 '
1373 444 1624 486 Prothooriz
1652 445 1701 486 ‘m
1726 445 1844 486 mat.
1872 445 1978 486 aar.
2008 445 2105 486 niv.
2135 444 2187 486 ιτ.
2216 444 2266 486 r.

579 617 678 680 nis
723 618 924 699 initio,
971 617 1248 703 primum
1293 617 1745 694 ,Historiam
1790 617 1984 683 Jesu
2023 616 2318 683 Christi
2362 619 2686 684 Domini
2730 620 3055 703 Nostri‘3

581 730 715 794 sive
777 752 856 793 ea
917 752 1086 815 quae
1133 728 1251 794 Ille
1297 731 1480 794 iuxta
1531 729 1939 816 Evangelia¹
1998 741 2063 796 et
2105 730 2570 796 Ecclesiastico,
2612 732 3058 798 Monimenta²

578 843 776 926 gessit
808 852 872 906 et
910 841 1148 926 docuit,
1197 864 1497 908 enarrare
1545 843 1942 908 conabimur.
2011 843 2291 909 Adiecta
2334 854 2521 931 parte
2568 844 2772 910 altera
2818 845 3053 910 descri-

577 955 845 1020 bemus:
890 954 1336 1039 Ecclesiae,
1385 978 1551 1042 quae
1591 956 1863 1021 fundata
1894 967 1990 1022 est
2031 959 2107 1021 in
2149 955 2561 1044 Apostolis
2608 968 2671 1023 et
2716 958 3047 1045 discipulis

577 1067 1062 1154 primordia.
1141 1068 1484 1150 Quomodo
1531 1069 1725 1134 fuerit
1784 1069 2159 1136 mirabiliter
2202 1095 2319 1158 per
2373 1070 2679 1157 Spiritum
2738 1071 3048 1136 Sanctum

579 1180 1016 1264 corroborata,
1062 1203 1182 1267 per
1211 1179 1436 1246 orbem
1467 1181 1893 1269 multiplicata
1924 1193 1988 1248 et
2018 1207 2058 1247 a
2087 1182 2453 1248 volentibus
2486 1207 2633 1248 eam
2666 1186 3048 1270 extinguere

577 1293 867 1358 liberata.
929 1293 1088 1358 Post
1120 1297 1380 1380 cognita
1409 1294 1685 1382 proinde
1718 1306 1996 1381 quatuor
2024 1296 2405 1381 Evangelia,
2452 1298 2515 1360 in
2562 1297 2797 1383 quibus
2842 1299 3054 1382 agitur

579 1406 660 1470 de
730 1406 960 1492 Capite
1026 1406 1366 1472 Ecclesiae
1433 1408 1593 1473 Jesu
1665 1407 1964 1492 Christ03
2032 1408 2452 1473 deveniemus
2521 1409 2605 1474 ad
2671 1410 3053 1497 Apostolica

576 1520 818 1606 scripta
853 1557 932 1568 -
963 1543 1013 1585 s.
1047 1544 1096 1585 s.
1129 1519 1332 1604 Pauli,
1384 1519 1636 1604 Jacobi,
1677 1521 1875 1604 Petri,
1922 1521 2196 1587 Joannis
2229 1530 2294 1586 et
2324 1521 2537 1587 Judae
2572 1562 2673 1610 —,
2705 1524 2771 1586 in
2818 1524 3051 1609 quibus

577 1635 790 1718 agitur
835 1632 915 1698 de
948 1632 1180 1698 eodem
1214 1633 1443 1720 Capite
1475 1633 1830 1718 Ecclesiae,
1880 1646 2189 1720 quantum
2235 1634 2321 1698 ad
2364 1635 2473 1699 illa
2518 1613 2685 1721 quae
2727 1639 3052 1723 pertinent

577 1745 661 1810 ad
708 1749 845 1812 eius
890 1747 1352 1831 eruditionem3
1406 1746 1628 1811 habita
1673 1748 1919 1812 ratione
1968 1747 2443 1812 credendorum
2497 1748 3048 1834 agendorumque.

575 1860 879 1946 Denique
923 1859 1394 1947 Apocalypsim
1439 1859 1884 1946 proponendis
1929 1861 2159 1925 futuris
2192 1871 2257 1925 et
2302 1863 2609 1926 extremis
2640 1860 2787 1925 fatis
2820 1861 3047 1926 Eccle-

577 1973 708 2037 siae
756 1971 1142 2038 destinatam
1189 1973 1761 2039 considerabimus,
2082 1957 2097 1964 “

788 2090 848 2150 2.
903 2088 1217 2151 Plurimae
1245 2097 1388 2151 sunt
1418 2089 1721 2173 propm'ae
1752 2087 2068 2151 Historiae
2096 2087 2504 2151 Revelatimtis
2532 2087 2615 2150 N.
2656 2088 2724 2150 T.
2762 2111 3049 2151 commen-

575 2201 867 2264 dationes.
926 2198 1281 2264 Enimvero
1315 2222 1560 2282 omnes,
1608 2222 1771 2285 quas
1802 2198 2093 2266 Christus
2126 2199 2347 2264 docuit
2376 2199 2726 2282 doctrinae,
2762 2200 3051 2287 pendent

576 2313 658 2378 ab
704 2313 907 2400 ipsius
952 2312 1263 2396 historiis3
1309 2311 1622 2376 miracula
1665 2311 1854 2377 isthic
1898 2312 2225 2377 narranda
2268 2335 2585 2377 summam
2628 2312 2877 2377 habent
2920 2315 3047 2376 vim

574 2424 657 2490 ad
683 2427 1127 2491 characterem
1152 2424 1410 2490 divinae
1442 2427 1841 2490 auctoritatis
1872 2448 2191 2513 personae
2217 2425 2260 2490 J
2264 2448 2380 2490 esu
2412 2427 2678 2512 eiusque
2712 2424 3047 2490 doctrinae

573 2537 1032 2602 vindicandum
1053 2541 1112 2621 ³3
1173 2538 1560 2603 resurrectio
1581 2513 1622 2582 4'
1650 2561 1782 2603 non
1829 2538 2037 2603 solum
2082 2537 2277 2603 fidem
2325 2538 2482 2602 facit
2534 2538 2834 2603 omnibus
2882 2561 3049 2624 quae

575 2650 766 2734 dixit,
831 2651 948 2715 sed
995 2661 1060 2716 et
1101 2650 1678 2716 luculentissimum
1744 2661 2191 2737 argumentum
2240 2661 2339 2716 est
2380 2673 2615 2715 revera
2657 2652 2857 2715 vitam
2902 2662 3053 2737 post

573 2774 847 2844 mortem
896 2765 1090 2828 etiam
1121 2787 1162 2828 a
1189 2764 1378 2829 nobis
1425 2787 1566 2830 esse
1615 2764 2128 2851 exspectandam
2146 2769 2189 2829 5.
2260 2763 2329 2830 Si
2372 2763 2677 2828 laudandi
2724 2775 2893 2848 sunt,
2942 2766 3047 2849 qui

573 2899 643 2941 se
689 2899 759 2941 se
807 2877 1184 2941 obiicientes
1231 2875 1535 2962 periculis
1580 2879 1703 2941 iter
1746 2877 1994 2941 faciunt
2037 2879 2101 2941 in
2134 2886 2371 2941 terram
2417 2899 2691 2959 sacram,
2738 2876 2935 2941 modo
2983 2887 3054 2939 ut

575 2988 870 3054 viderent
915 2989 1110 3054 urbes
1158 2998 1223 3055 et
1265 2987 1431 3072 loca,
1477 2989 1590 3054 ubi
1639 2993 1872 3072 ,Σωτήρι
1918 2989 2023 3054 ille
2071 2988 2324 3054 divinus
2368 2991 2569 3053 vitam
2616 2991 2779 3074 egit3
2832 3012 3049 3054 nonne

574 3104 656 3166 sit
717 3101 1114 3167 laudandum
1181 3124 1625 3188 magnopere:
1694 3104 1894 3167 vitam
1960 3104 2161 3188 ipsius
2229 3101 2687 3187 cognoscendo
2754 3104 3049 3168 invenire

571 3217 744 3280 viam
813 3214 1318 3301 consequendae
1387 3224 1690 3280 aeternae
1760 3214 2032 3280 salutis?
2120 3215 2306 3280 Haec
2374 3238 2531 3279 sane
2599 3215 2886 3280 infinitus
2958 3225 3053 3280 est

573 3328 930 3412 thesaurus,
979 3329 1276 3394 omnibus
1321 3329 1690 3395 hominibus
1749 3329 2056 3394 divinitus
2118 3328 2341 3412 datus3
2403 3351 2528 3414 quo
2584 3329 2693 3413 qui
2737 3327 2907 3392 bene
2954 3329 3049 3392 usi

573 3451 754 3525 sunt,
814 3443 1165 3529 participes
1239 3442 1396 3507 facti
1456 3453 1606 3507 sunt
1669 3443 1988 3507 amicitiae
2047 3441 2173 3505 Dei
2198 3445 2238 3504 ⁶.
2330 3439 2480 3523 ,Qui
2525 3463 2629 3504 me
2701 3439 3048 3522 elucidant,

573 3556 780 3639 inquit
827 3553 1046 3619 divina
1091 3553 1445 3641 Sapientia,
1490 3557 1689 3620 vitam
1737 3565 2071 3620 aeternam
2115 3553 2469 3618 habebunt‘
2489 3555 2531 3616 ⁷.

713 3689 720 3707 ·
786 3670 847 3731 3.
895 3667 986 3732 Ut
1039 3668 1114 3732 de
1154 3679 1398 3732 nostrae
1444 3671 1829 3732 tractationis
1869 3670 2107 3732 ratione
2150 3691 2223 3730 ac
2266 3689 2444 3752 scopo
2463 3716 2479 3749 ,
2542 3687 2671 3751 qua
2710 3668 3051 3747 προθεωρίας

573 3782 930 3844 institutum
980 3781 1552 3866 constringendum
1584 3783 1969 3868 putavimus,
2018 3803 2100 3844 ne
2148 3802 2269 3866 per
2313 3781 2631 3843 incertum
2676 3789 3045 3862 vagaretur,

783 4030 819 4095 ¹)
855 4031 1008 4091 Quae
1046 4027 1356 4093 singillatim
1393 4029 1805 4078 recensebimus.
1867 4027 1906 4094 ²)
1944 4029 2196 4094 Quisquis
2234 4028 2373 4077 enim
2410 4027 2558 4091 cupit
2592 4023 3047 4074 manifestationes

574 4116 793 4178 Christi,
832 4129 965 4180 quas
999 4116 1057 4164 in
1093 4121 1343 4179 suscepta
1377 4111 1710 4174 ὗποστατικῶς
1747 4114 2074 4164 humanitate
2110 4114 2379 4180 patefecit,
2420 4115 2654 4178 integras
2692 4126 3045 4176 cognoscere3

572 4205 617 4254 is
653 4219 773 4253 cum
807 4201 1120 4266 Evangeliis
1157 4201 1519 4251 Traditionem
1555 4203 1860 4267 coniungat,
1908 4205 1962 4250 et
1998 4217 2062 4250 ex
2098 4202 2337 4266 utrisque
2374 4199 2593 4264 colligat
2634 4199 2763 4263 quid
2800 4197 3047 4248 Salvator

572 4306 668 4356 pro
705 4290 933 4339 humano
969 4304 1165 4353 genere
1201 4289 1538 4353 praestiterit.
1599 4289 1673 4337 Et
1708 4303 1763 4338 re
1801 4302 1931 4337 sane
1956 4302 2099 4348 vera,
2140 4293 2255 4337 tota
2290 4291 2450 4352 atque
2488 4285 2648 4351 plena
2682 4285 2815 4334 Jesu
2854 4285 3043 4334 Christi

574 4378 796 4428 historia
839 4393 904 4426 ex
947 4381 1135 4426 neutro
1181 4391 1419 4426 seorsum
1465 4375 1611 4425 fonte
1648 4375 1903 4426 hauritur.
1974 4375 2019 4440 ³)
2060 4375 2139 4424 Cf.
2182 4375 2246 4424 N.
2290 4375 2615 4438 Fogtmann,
2663 4377 2943 4422 comment.
2982 4372 3043 4420 de

573 4464 840 4513 miraculis
886 4463 1096 4513 Christi.
1158 4463 1402 4512 Havniae
1441 4465 1590 4514 1821.
1642 4479 1693 4528 p.
1732 4465 1847 4512 111.
1886 4479 1925 4512 s.
1987 4462 2039 4511 J.
2078 4461 2345 4524 Koestlin,
2382 4460 2447 4508 de
2484 4458 2857 4509 miraculorum
2910 4473 3041 4524 quae

575 4551 815 4601 Christus
842 4556 895 4599 et
917 4551 1072 4616 primi
1097 4551 1212 4600 eius
1238 4549 1486 4615 discipuli
1521 4549 1763 4598 fecerunt
1796 4553 1988 4598 natura
2024 4552 2077 4597 et
2112 4548 2334 4598 ratione.
2384 4545 2597 4596 Vratisl.
2626 4547 2775 4596 1860.
2814 4562 2867 4610 p.
2900 4547 2977 4594 18.
3003 4561 3040 4594 s.

573 4639 615 4704 ⁴)
641 4639 716 4688 Ut
739 4637 848 4688 alia
871 4639 1190 4688 omittamus.
1243 4637 1284 4702 ⁶)
1312 4637 1373 4686 V.
1399 4637 1468 4686 H.
1494 4636 1556 4685 R.
1583 4637 1651 4686 D.
1676 4637 1739 4686 N.
1766 4636 1827 4686 Τ.
1852 4652 1905 4701 p.
1934 4637 2047 4685 168.
2074 4650 2116 4684 s.
2166 4633 2208 4700 ὓ)
2236 4633 2359 4700 Sap.
2384 4635 2429 4696 7,
2458 4636 2539 4684 14.
2589 4633 2630 4698 ⁷)
2656 4632 2824 4682 Eccli.
2852 4635 2934 4694 24,
2962 4635 3039 4681 31.
