3267 5259
1016 416 1237 475 Epistulae
1262 421 1307 465 8.
1330 418 1453 465 Pauli
1483 424 1564 475 Ap.
1594 418 1649 465 sd
1676 420 1940 467 Corinthios.
2593 410 2724 477 399

222 596 577 649 inveniamus.
602 596 689 650 cf.
708 596 769 650 C.
789 598 855 649 Ε.
874 597 1171 665 Scharling‚
1198 598 1265 649 de
1284 599 1456 649 Paulo
1476 599 1738 666 Apostolo
1759 602 1980 666 eiusque
2007 600 2344 653 adversariis.
2371 601 2548 652 Havn.
2573 603 2722 653 1836.

223 700 275 749 p.
301 684 419 733 159.
456 684 544 733 Ex
570 686 801 751 abrupto
827 699 947 735 cum
980 684 1177 735 affectu
1203 686 1461 737 orationis
1486 687 1694 737 initium
1731 686 1964 737 faciens:
2003 686 2130 753 quid
2165 688 2340 753 inquit
2377 688 2528 737 vobis
2552 688 2723 753 magis

224 770 370 819 cordi
390 786 513 821 esse
534 770 713 835 debet,
740 786 899 838 quam
918 770 1278 837 Evangelium
1296 772 1443 835 illud,
1472 772 1614 839 quod
1634 773 1788 823 vobis
1809 772 2136 839 praedicavi,
2157 773 2302 839 quod
2327 778 2380 823 et
2400 774 2524 824 olim
2543 788 2722 825 susce·

224 858 376 922 pistis
396 861 453 907 et
472 862 880 924 perseverantes
900 874 1045 909 nunc
1063 858 1290 909 tenetis?
1329 860 1450 909 Hoc
1469 866 1648 910 autem
1668 860 2016 910 recordemini
2036 874 2254 926 quaeso,
2281 874 2390 926 qua
2413 861 2502 911 via
2520 861 2722 926 ingres-

224 958 311 993 sus
346 959 484 1009 sum,
524 959 759 1011 quonam
783 944 1127 995 fundamento
1153 946 1329 1011 posito
1355 943 1513 995 iidem
1538 946 1942 997 annunciarim?
1976 962 2154 997 nonne
2185 950 2301 998 erat
2325 945 2582 997 Christi
2620 964 2716 1013 pro

224 1031 463 1095 peccatis
490 1032 688 1081 nostris
712 1033 975 1095 mortui,
1000 1032 1288 1083 redivivi
1312 1034 1581 1082 nuncium.
1609 1032 1718 1083 Sed
1738 1048 1847 1083 non
1873 1037 2154 1083 contentus
2181 1034 2622 1085 resurrectionem
2646 1033 2716 1085 D.

224 1117 285 1165 N.
312 1116 366 1167 J.
388 1117 449 1168 C.
476 1118 790 1184 simpliciter
814 1133 1242 1181 commemorare,
1280 1120 1533 1185 quoniam
1555 1121 1613 1171 in
1639 1135 1708 1171 ea
1729 1124 1860 1183 tota,
1887 1134 2048 1187 quam
2073 1125 2260 1171 contra
2283 1136 2394 1183 eos,
2425 1121 2517 1187 qui
2541 1136 2715 1172 resur·-

224 1206 445 1255 rectioni
472 1203 631 1255 fldem
657 1203 1015 1273 denegarunt,
1052 1208 1443 1273 argumentatio
1469 1208 1736 1273 innititur-3
1775 1209 2080 1258 testimonia
2107 1208 2299 1275 quibus
2325 1207 2717 1271 stabiliebatur,

224 1296 279 1341 ut
312 1292 545 1341 maxime
584 1292 654 1341 ad
690 1307 799 1343 rem
837 1292 1165 1358 probandam
1204 1292 1383 1344 facere
1419 1292 1615 1357 credit,
1653 1294 1732 1344 ita
1767 1294 2124 1345 adscribenda
2162 1295 2500 1347 existimavit.
2560 1295 2713 1345 Post·

225 1393 383 1443 quam
422 1378 721 1430 addidisset
756 1378 897 1429 hunc
934 1393 1053 1429 esse
1090 1394 1421 1431 communem
1459 1382 1708 1444 omnium,
1748 1396 1882 1447 quos
1919 1380 2206 1448 Evangelii
2241 1395 2538 1447 praecones
2573 1383 2716 1431 misit

224 1465 371 1515 Deus
396 1464 629 1516 docendi
662 1465 879 1516 modum
914 1482 965 1516 v.
993 1468 1101 1530 12.;
1138 1467 1309 1533 ipsam
1348 1482 1582 1533 pugnam
1606 1482 1728 1517 cum
1754 1467 2076 1519 adversariis
2102 1468 2383 1519 conferens
2409 1468 2714 1535 dupplicem

228 1552 442 1602 instruit
487 1551 675 1603 aciem.
716 1554 935 1603 13-29.
994 1552 1331 1619 Apagogico,
1380 1553 1525 1619 quod
1572 1560 1795 1617 vocant,
1843 1560 2155 1620 argumento
2205 1570 2363 1619 usus,
2413 1554 2719 1606 Corinthios

229 1654 465 1704 eousque
502 1637 768 1705 perduxit,
806 1643 866 1690 ut
901 1640 1005 1689 iam
1044 1640 1145 1690 sibi
1183 1638 1573 1706 desperandum
1610 1656 1730 1692 esse
1765 1641 2034 1707 viderent;
2074 1642 2290 1708 quando
2327 1643 2716 1693 resurreetione

226 1726 275 1774 in
310 1726 627 1777 universum
663 1729 876 1791 negata,
923 1725 1121 1776 Christi
1158 1742 1371 1793 quoque
1406 1729 1461 1777 in
1497 1728 1663 1778 vitam
1701 1728 1902 1779 reditus
1939 1733 2241 1795 negaretur.
2304 1728 2438 1778 Cum
2475 1727 2718 1779 Christus

222 1812 288 1875 id,
326 1812 473 1878 quod
510 1814 697 1878 neg-ari
732 1810 880 1863 nullo
918 1812 1075 1863 modo
1112 1818 1320 1879 potest,
1371 1829 1406 1864 a
1439 1817 1662 1865 mortuis
1697 1816 2070 1879 resurrexerit,
2108 1817 2347 1883 sequitur
2382 1820 2442 1866 ut
2475 1816 2717 1867 homines

226 1914 403 1951 omnes
428 1906 731 1966 resurgant.
766 1899 975 1951 Accidit
999 1898 1193 1951 deinde
1218 1900 1287 1950 ad
1312 1900 1662 1953 laetissimum
1687 1902 1754 1952 de
1777 1902 1880 1953 hac
1902 1918 1963 1953 re
1985 1903 2238 1953 nuncium
2273 1902 2526 1953 directius
2553 1918 2713 1969 expo-

224 1986 471 2037 nendum.
534 1988 619 2037 Ex
655 1985 851 2037 Christi
888 1988 1293 2049 resurrectione,
1332 1988 1565 2039 omnium
1602 1990 2044 2040 resurrectionem
2082 1990 2296 2054 asserit3
2352 1994 2716 2055 assertamque

224 2073 463 2138 pluribus
506 2072 818 2137 adumbrat3
868 2088 1131 2139 quaenam
1178 2075 1249 2123 sit
1290 2074 1371 2123 vis
1417 2074 1694 2125 doctrinae
1730 2075 1888 2127 huius
1934 2075 2003 2126 ad
2047 2075 2288 2125 homines
2337 2080 2559 2126 aeterna
2603 2076 2717 2126 vita

225 2159 461 2210 beandos
500 2160 713 2227 egregie
752 2159 1033 2211 declarans
1071 2160 1139 2210 ad
1176 2175 1383 2212 summa
1414 2160 1702 2225 extollitur,
1740 2178 1916 2228 neque
1952 2163 2210 2225 subsistit,
2247 2163 2348 2214 nisi
2384 2164 2440 2213 in
2479 2167 2714 2213 extremo

224 2263 375 2312 quem
399 2246 691 2313 cogitando
715 2249 931 2313 assequi
952 2252 1133 2313 potest
1152 2247 1276 2312 fine,
1312 2249 1407 2299 ubi
1432 2250 1581 2301 Deus
1608 2250 1820 2301 futurus
1845 2250 1916 2301 sit
1939 2250 2120 2301 omnia
2141 2251 2197 2300 in
2222 2250 2485 2301 omnibus.
2539 2250 2622 2300 Of.
2647 2250 2710 2299 A.

227 2332 447 2397 Calmet,
486 2334 617 2385 diss.
654 2334 721 2385 de
756 2338 1083 2385 mortuorum
1118 2350 1313 2386 resurr.
1349 2352 1400 2401 p.
1427 2337 1545 2385 352.
1572 2352 1615 2387 s.
1649 2337 1710 2387 P.
1737 2336 1800 2387 G.
1837 2334 2070 2401 Curtius,
2114 2336 2180 2387 de
2213 2336 2332 2389 loco
2369 2354 2450 2403 pr.
2485 2336 2555 2387 ad
2591 2336 2714 2387 Cor.

228 2436 305 2485 ep.
340 2423 424 2485 15,
462 2422 651 2471 1-29.
688 2420 865 2471 Berol.
903 2422 1053 2472 1855.
1113 2420 1304 2484 Jesus,
1360 2421 1509 2471 addit
1543 2422 1834 2488 Apostolus
1871 2439 1992 2473 cum
2029 2438 2212 2475 omnes
2246 2424 2538 2474 inferorum
2573 2424 2714 2473 vires

228 2512 383 2573 atque
418 2508 653 2573 impetus
689 2507 921 2573 fregerit,
958 2522 1152 2573 magno
1190 2524 1309 2558 cum
1347 2507 1563 2559 honoris
1598 2510 1926 2561 incremento
1958 2511 2078 2561 Deo
2103 2511 2250 2561 Patri
2274 2510 2451 2561 tradet
2473 2526 2711 2577 regnum.

228 2593 451 2660 Oportet
509 2595 651 2644 enim
704 2610 823 2645 eum
878 2594 981 2645 hoc
1033 2595 1295 2661 tantisper
1347 2594 1741 2660 administrare,
1803 2596 1928 2647 dum
1981 2612 2165 2649 omnes
2220 2597 2555 2648 adversarios
2610 2596 2712 2647 sibi

228 2682 499 2744 subiiciet;
535 2681 675 2731 inter
710 2695 844 2747 quos
882 2686 965 2733 est
1001 2682 1161 2731 etiam
1198 2682 1317 2747 ipsa
1351 2698 1511 2745 mors,
1548 2697 1688 2749 quae
1725 2685 1956 2733 omnium
1993 2689 2262 2750 postrema
2298 2682 2568 2735 abolenda
2604 2688 2710 2747 est3

222 2766 315 2817 illa
347 2767 608 2818 videlicet
643 2769 909 2818 communi
946 2769 1181 2818 omnium
1216 2768 1519 2819 mortalium
1554 2770 1819 2832 anastasi,
1882 2784 2042 2836 quam
2088 2775 2234 2821 certo
2271 2770 2504 2821 futuram
2541 2770 2710 2820 credi-

224 2868 350 2905 mus.
404 2853 627 2919 Alioqui
662 2855 709 2903 si
744 2855 939 2905 mortui
973 2870 1081 2905 non
1119 2860 1425 2921 resurgunt,
1476 2856 1605 2921 quid
1639 2856 1846 2907 faciunt
1877 2856 1914 2905 ii
1952 2858 2044 2922 qui
2079 2857 2135 2907 in
2173 2862 2498 2907 mortuorum
2535 2872 2706 2908 resur-

226 2943 511 2991 rectionem
546 2941 921 3006 baptizantur?
973 2941 1125 3002 Quae
1163 2941 1377 3007 quidem
1414 2942 1583 2992 verba
1620 2944 1702 3005 15,
1739 2945 1821 2993 29.
1859 2944 2016 3009 nugis
2053 2945 2478 3010 quibuscunque,
2533 2945 2705 3009 suspi-

229 3028 500 3090 cionibus,
538 3028 745 3077 iniuriis
782 3027 979 3077 levium
1014 3029 1363 3093 interpretum
1398 3029 1601 3091 missis,
1641 3033 1818 3079 tantos
1856 3032 2203 3095 experiuntur
2239 3030 2710 3081 eruditissimorum

224 3116 451 3165 virorum
504 3118 756 3177 conatus,
805 3120 867 3165 ut
912 3114 1160 3180 eligenda
1208 3128 1345 3180 quae
1392 3115 1724 3180 potissimum
1769 3116 1840 3166 sit
1884 3117 2169 3183 explicatio
2182 3154 2195 3179 ,
2245 3133 2422 3184 neque
2465 3132 2610 3167 nunc
2655 3118 2710 3166 in

224 3201 443 3265 proclivi
486 3201 557 3252 sit
592 3202 931 3251 constituere.
992 3199 1099 3251 Sed
1152 3202 1199 3250 si
1252 3200 1381 3267 quid
1418 3202 1595 3253 dicere
1630 3202 1880 3267 interest,
1929 3218 1964 3253 a
1997 3220 2124 3255 vero
2161 3204 2382 3271 propius
2418 3204 2608 3254 abesse
2645 3216 2711 3253 ea

226 3287 431 3339 videtur
470 3290 764 3352 sententia,
803 3302 964 3354 quam
998 3287 1221 3353 protulit
1252 3288 1315 3337 B.
1338 3289 1662 3352 Justiniani,
1697 3290 1754 3339 in
1785 3290 1836 3340 h.
1862 3290 1898 3341 1.
1931 3307 1982 3357 p.
2009 3293 2111 3341 646
2151 3295 2243 3353 „ut
2276 3306 2391 3357 pro
2425 3291 2708 3341 mortuis

224 3374 441 3440 baptis
454 3376 552 3425 ari
576 3376 661 3437 sit,
688 3374 757 3425 ad
784 3390 877 3425 eos
900 3374 1265 3425 sublevandos
1288 3376 1529 3426 nonnihil
1552 3375 1754 3427 laboris
1789 3378 2062 3443 suscipere
2098 3382 2154 3428 et
2174 3376 2450 3427 molestiae
2475 3378 2705 3427 subire.“

222 3460 391 3527 Atque
426 3460 567 3511 haec
603 3462 785 3527 opinio
822 3461 1001 3511 multis
1036 3461 1123 3512 vel
1158 3460 1281 3512 ideo
1317 3462 1591 3528 probatur,
1630 3478 1738 3513 non
1775 3462 1946 3513 solum
1984 3465 2112 3530 quia
2147 3478 2288 3529 quae
2323 3462 2552 3514 molesta
2573 3464 2706 3513 tole-

222 3552 401 3598 rantur
422 3548 481 3598 in
506 3549 637 3610 vita,
662 3548 973 3613 baptismi
998 3550 1257 3599 nomine
1283 3554 1583 3599 censentur.
1618 3549 1786 3600 Marc.
1813 3552 1894 3613 10,
1916 3552 1999 3601 39.
2027 3551 2160 3601 Luc.
2188 3553 2270 3615 12,
2291 3553 2400 3615 50.;
2427 3550 2524 3601 sed
2549 3551 2708 3601 etiam

224 3636 345 3697 quia
376 3635 575 3685 idoneo
612 3634 717 3685 hoc
752 3640 1063 3701 argumento
1102 3636 1419 3687 resurreetio
1455 3640 1782 3687 mortuorum
1820 3638 2094 3703 probatur.
2131 3636 2397 3699 Quorsum
2433 3638 2572 3687 enim
2609 3652 2706 3702 pro

222 3726 541 3772 mortuorum
580 3722 887 3787 expiatione
924 3736 1163 3785 oramus,
1218 3722 1545 3786 ieiunamus,
1602 3728 1698 3775 aut
1733 3723 2104 3790 eleemosynas
2139 3724 2417 3789 largimur,
2480 3724 2526 3774 si
2575 3722 2708 3773 nihil

220 3806 322 3857 illis
369 3810 630 3874 prosunt?
688 3806 783 3858 Sin
825 3824 955 3859 vero
1004 3813 1254 3875 prosunt,
1314 3809 1555 3875 profecto
1597 3814 1923 3860 mortuorum
1961 3811 2172 3860 animae
2209 3811 2520 3876 superstites
2557 3814 2706 3873 sunt,

221 3899 377 3959 atque
414 3895 553 3946 adeo
593 3892 883 3960 aliquando
920 3896 1170 3946 assumtis
1206 3896 1521 3961 corporibus
1558 3896 1896 3947 reviviscent.
1933 3897 1997 3947 V.
2022 3895 2086 3947 A.
2111 3896 2276 3959 Bosii,
2303 3895 2368 3947 de
2397 3895 2616 3947 Clinicis
2639 3896 2705 3945 E.

222 3994 271 4027 v.
292 3980 414 4031 Jen.
444 3982 599 4031 1657.
632 3998 686 4047 p.
712 3982 796 4032 27.
822 3996 863 4033 s.
902 3981 1171 4045 Bocharti,
1206 3980 1307 4047 Op.
1332 3982 1404 4045 11,
1442 3984 1593 4032 1027.
1620 3998 1662 4033 s.
1695 3982 1748 4032 J.
1773 3982 2056 4045 Harduini,
2091 3982 2158 4033 de
2191 3983 2472 4048 baptismo.
2509 3999 2560 4048 q.
2585 3988 2622 4032 t.
2649 3984 2706 4032 in

222 4081 303 4132 op.
342 4067 439 4117 sel.
474 4084 527 4131 p.
553 4069 675 4118 217.
710 4068 775 4117 F.
810 4066 1133 4134 Spanhemii,
1178 4067 1281 4134 Op.
1308 4068 1407 4132 111,
1448 4070 1563 4119 578.
1591 4083 1633 4118 s.
1669 4069 1736 4119 D.
1764 4068 1958 4131 Grade,
1995 4070 2052 4119 in
2085 4068 2184 4119 Th.
2209 4068 2282 4119 th.
2317 4085 2370 4134 p.
2396 4070 2515 4119 559.
2556 4068 2608 4119 J.
2635 4068 2704 4119 Η.

218 4153 449 4217 Mulieri,
470 4155 543 4204 ib.
580 4170 631 4220 p.
658 4154 777 4205 563.
798 4169 839 4204 s.
867 4154 1109 4217 Calmeti,
1137 4153 1264 4206 diss.
1298 4172 1349 4221 p.
1370 4157 1437 4205 87
1444 4158 1489 4207 7.
1508 4170 1551 4206 s.
1575 4155 1829 4221 Deyling,
1854 4156 1924 4206 11.
1943 4158 2027 4218 44,
2053 4156 2172 4206 889.
2197 4155 2388 4219 Jehne,
2415 4154 2482 4205 de
2507 4170 2703 4206 resurr.

224 4239 411 4306 interp.
438 4256 484 4291 c.
514 4242 595 4291 15.
622 4240 667 4290 1.
693 4239 815 4292 Cor.
854 4241 909 4291 in
934 4239 1231 4292 Velthusen
1256 4247 1534 4292 comment.
1568 4242 1642 4305 11,
1668 4244 1785 4293 233.
1812 4258 1854 4293 s.
1890 4242 1958 4292 D.
1986 4240 2206 4305 Gerdes,
2240 4242 2376 4307 isag.
2401 4247 2455 4292 et
2479 4258 2630 4307 exeg.
2657 4258 2702 4292 c.

224 4328 299 4375 15.
326 4344 412 4393 ep.
436 4328 477 4377 1.
506 4327 631 4378 Gor.
668 4326 829 4378 Gron.
858 4329 1009 4378 1759.
1046 4328 1098 4378 J.
1127 4328 1190 4378 G.
1216 4328 1420 4391 Wurm,
1460 4329 1527 4379 de
1560 4329 1882 4380 adversariis
1917 4344 1962 4378 c.
2001 4330 2080 4379 15.
2117 4344 2198 4394 ep.
2235 4328 2278 4378 1.
2306 4328 2426 4379 Cor.
2461 4329 2698 4395 impugn.

218 4412 347 4464 Tub.
379 4415 532 4465 1823.
568 4416 631 4465 L.
656 4414 711 4465 J.
736 4414 990 4477 Rflckert,
1026 4414 1133 4465 loci
1158 4414 1365 4465 Paulin.
1393 4415 1434 4465 L
1462 4414 1583 4466 Cor.
1612 4418 1694 4479 15,
1721 4418 1804 4465 29.
1831 4415 2094 4481 expositio
2130 4415 2252 4469 Jen.
2281 4416 2432 4467 1847.
2468 4434 2520 4482 p.
2549 4419 2630 4467 10.
2655 4432 2700 4467 s.

218 4498 277 4549 G.
313 4500 461 4564 Otto,
506 4501 755 4566 dekalog.
792 4502 1005 4552 Unters.
1042 4516 1094 4551 n.
1132 4518 1178 4551 e.
1217 4501 1351 4551 Anh.
1396 4506 1447 4551 u.
1487 4502 1536 4552 d.
1580 4502 1937 4552 Todtentaufe
1979 4503 2034 4551 in
2077 4502 2322 4553 Korinth.
2367 4502 2512 4553 Hali.
2553 4504 2704 4554 1857.

218 4602 265 4650 p.
286 4590 403 4637 170.
430 4604 472 4638 s.
510 4590 569 4637 A.
596 4588 663 4638 E.
690 4588 913 4649 Krausz,
940 4587 1013 4637 th.
1041 4588 1247 4639 Komm.
1274 4604 1337 4637 zu
1364 4589 1407 4637 Ι.
1434 4589 1676 4639 Kerinth.
1704 4590 1785 4639 15.
1811 4588 2152 4651 Frauenfeld‚
2180 4588 2332 4639 1864.
2368 4606 2420 4656 p.
2449 4592 2564 4641 125.
2591 4606 2634 4641 s.
