3267 5259
557 441 659 491 LII
1386 458 1631 509 Apparatus
1661 458 1874 499 Histoi-ico
1897 482 1944 487 —
1964 457 2214 499 chronicus.

558 636 814 713 primum
844 637 1061 713 pascha
1089 656 1163 695 ex
1192 637 1229 695 J
1230 639 1415 696 udaea
1444 639 1511 696 in
1532 637 1860 697 Galilaeam
1893 658 1995 713 per
2019 637 2346 695 Samariam
2379 636 2617 695 rediisse
2647 636 2711 693 in
2736 635 3048 693 Decembri

558 740 654 799 vel
697 740 735 798 J
736 742 1013 813 anuari03
1061 742 1401 821 priusquam
1446 763 1586 801 vero
1615 743 1690 801 ad
1720 743 1934 802 festum
1979 742 2132 800 illud
2157 741 2176 779 ¹
2219 762 2420 801 rursus
2466 742 2817 813 ascenderet,
2866 742 3050 798 fuisse

557 851 700 904 tunc
745 852 973 923 tempus
1020 852 1273 925 quatuor
1325 848 1616 906 mensium
1661 868 1844 926 usque
1888 849 1962 906 ad
2009 867 2267 906 messem.
2344 847 2420 904 In
2464 846 2800 904 Palaestina
2848 850 3049 903 autem

556 970 797 1008 messem
844 952 1179 1011 inchoatam
1225 972 1343 1010 esse
1388 954 1589 1011 statim
1636 957 1769 1028 post
1797 953 2009 1029 pascha
2037 958 2098 1011 et
2126 957 2263 1009 ante
2292 952 2674 1009 Pentecosten
2717 950 3050 1009 absolutam

556 1056 827 1115 novimus
846 1052 904 1127 2;
952 1057 1142 1131 igitur
1186 1066 1439 1136 quatuor
1482 1058 1577 1115 illi
1625 1078 1850 1116 menses
1895 1059 1965 1116 de
2011 1057 2224 1136 quibus
2271 1058 2539 1116 Christus
2586 1057 2876 1134 loquitur,
2925 1075 3050 1113 non

560 1166 879 1237 potuerunt
908 1161 1031 1220 labi
1061 1164 1127 1220 in
1158 1162 1264 1220 illa
1292 1164 1527 1237 regione
1571 1165 1731 1221 inter
1761 1163 1999 1233 Pascha,
2049 1166 2108 1219 et
2139 1163 2520 1221 Pentecosten
2549 1162 2806 1219 eiusdem
2835 1161 2983 1217 anni
3005 1158 3048 1217 ³.

558 1264 713 1327 Quia
756 1286 895 1325 vero
927 1268 982 1324 b.
1022 1267 1403 1341 Evangelista
1432 1288 1550 1325 uon
1582 1268 1884 1344 exprimit,
1919 1267 2090 1346 quale
2126 1268 2343 1325 festum
2383 1267 2594 1336 fuerit3
2645 1266 3052 1339 indagandum

558 1375 663 1439 est,
698 1373 1031 1446 potueritne
1060 1372 1223 1430 aliud
1254 1392 1331 1431 ex
1360 1372 1604 1451 reliquis
1643 1373 1807 1431 festis
1837 1393 1974 1444 esse,
2007 1392 2156 1451 quae
2186 1373 2377 1449 primo
2407 1371 2512 1429 illo
2541 1390 2696 1429 anno
2727 1370 3049 1427 ministerii

555 1474 591 1530 J
594 1493 695 1532 esu
747 1474 967 1533 Christi
1026 1479 1343 1535 secundum
1403 1478 1618 1553 Legem
1679 1479 2142 1536 observabantur
2162 1475 2230 1534 ⁴?
2302 1476 2653 1553 Supputatio
2713 1481 3048 1551 temporum

558 1579 739 1650 docet,
776 1599 893 1637 non
924 1600 1084 1657 posse
1116 1581 1373 1656 intelligi
1402 1582 1812 1653 Pentecostem
1861 1584 2062 1640 eadem
2093 1601 2267 1658 porro
2311 1583 2567 1639 ostendit
2613 1600 2800 1658 neque
2829 1580 3050 1636 festum

556 1682 1107 1759 Tabernaculorum,
1141 1704 1329 1764 neque
1350 1687 1782 1745 Encaeniorum
1805 1688 1983 1744 fuisse
1999 1684 2040 1745 ⁵.
2088 1705 2136 1744 c.
2171 1686 2551 1745 Manifestum
2575 1689 2662 1743 est
2683 1704 2714 1741 e
2735 1684 2884 1743 serie
2905 1702 3049 1741 con-

769 1858 805 1921 1)
843 1857 1039 1907 Joann.
1077 1860 1125 1920 5,
1164 1862 1211 1909 1.
1283 1858 1325 1923 2)
1365 1858 1446 1908 Cf.
1472 1860 1592 1909 Not.
1618 1860 1681 1908 Τ.
1712 1874 1753 1909 s.
1781 1857 1973 1924 Geogr.
2011 1875 2064 1924 p.
2090 1857 2288 1907 XXXI.
2323 1856 2393 1907 H.
2417 1858 2479 1907 R.
2505 1857 2574 1907 D.
2599 1856 2663 1905 V.
2689 1856 2750 1905 Τ.
2780 1856 2896 1905 146.
2923 1856 3050 1904 217.

558 1942 598 2009 ³)
638 1944 930 2007 Sententia,
968 1960 1108 2011 quae
1134 1960 1175 1995 s.
1201 1945 1467 1996 Joannem
1492 1948 1541 2009 6,
1570 1948 1617 1995 1.
1666 1946 2084 2008 „Pentecosten“
2126 1944 2458 2010 significasse
2482 1943 2772 2005 constituit,
2810 1942 3055 1992 reiicitur

558 2030 650 2081 illo
686 2034 914 2082 maxime
948 2036 1292 2097 argumento:
1332 2032 1476 2099 quod
1511 2032 1742 2083 Joannis
1779 2036 1828 2095 2,
1867 2034 1948 2084 13.
1987 2048 2030 2083 s.
2074 2036 2197 2098 post
2231 2036 2533 2082 enarratam
2571 2030 2880 2081 eiectionem
2915 2045 3050 2079 ven-

557 2117 789 2167 dentium
818 2118 883 2168 de
908 2119 1105 2185 templo
1130 2120 1187 2169 in
1210 2120 1381 2185 primo
1414 2119 1688 2185 paschate,
1727 2126 1888 2185 atque
1927 2118 2252 2185 colloquium
2289 2134 2409 2168 cum
2433 2117 2722 2167 Nicodemo
2750 2119 2800 2179 3,
2828 2118 3050 2181 1—21.;

554 2205 683 2255 item
718 2188 1085 2271 quaestionem
1122 2206 1501 2273 discipulorum
1538 2207 1767 2257 Joannis
1794 2223 1912 2257 cum
1939 2206 2162 2257 Judaeis
2183 2236 2248 2243 -—-
2271 2207 2520 2271 quoniam
2544 2204 2726 2271 plures
2756 2204 3056 2254 veniebant

556 2291 626 2341 ad
664 2292 929 2343 Christum
968 2299 1023 2343 et
1058 2294 1471 2359 baptizabantur
1508 2295 1576 2345 ab
1616 2310 1680 2343 eo
1716 2310 1815 2359 per
1851 2293 2143 2359 discipulos
2181 2322 2246 2329 -
2283 2294 2532 2344 inseritur
2565 2310 2614 2342 v.
2652 2294 2736 2342 24.
2777 2290 3052 2353 „nondum

557 2380 693 2429 enim
742 2382 933 2431 missus
980 2381 1155 2430 suerat
1201 2380 1442 2432 Joannes
1490 2382 1545 2431 in
1594 2386 1913 2431 carcerem.“
1977 2380 2234 2430 Subditur
2280 2380 2472 2430 deinde
2520 2396 2568 2429 c.
2605 2381 2654 2429 4.
2703 2378 3054 2429 historiarum

556 2467 622 2516 de
659 2467 879 2517 muliere
917 2469 1246 2519 samaritana
1282 2469 1474 2533 series3
1512 2484 1613 2518 nec
1649 2484 1758 2519 non
1793 2468 2123 2534 praedicatio
2155 2467 2372 2518 Domini
2411 2467 2553 2533 apud
2591 2466 2955 2517 Samaritanos
2995 2470 3056 2515 et

556 2555 766 2605 sanatio
810 2554 909 2603 filii
952 2555 1137 2620 reguli.
1198 2556 1351 2605 Haec
1398 2560 1575 2605 autem
1611 2556 1794 2606 omnia
1829 2555 2026 2605 Christi
2062 2562 2215 2620 gesta
2251 2556 2504 2605 maiorem
2551 2558 2782 2619 arguunt
2823 2567 3050 2613 moram,

558 2656 717 2707 quam
764 2657 903 2707 quae
942 2647 1025 2693 est
1057 2644 1199 2693 intra
1234 2642 1443 2693 Pascha
1486 2648 1539 2691 et
1573 2644 1953 2705 Pentecosten,
2003 2642 2396 2707 ostenduntque
2441 2641 2621 2706 plures
2667 2642 2882 2691 fluxisse
2929 2640 3051 2691 dies

557 2744 719 2794 quam
772 2731 1175 2796 quinquaginta.
1255 2732 1295 2792 ⁴)
1348 2731 1615 2796 Tempora
1669 2732 1812 2780 enim
1865 2730 2120 2781 festorum
2175 2729 2424 2795 legalium
2479 2728 2546 2779 ad
2603 2727 2708 2777 fixa
2758 2726 3054 2777 intervalla

557 2816 909 2867 determinata
945 2822 1071 2867 sunt
1106 2832 1139 2866 a
1173 2818 1309 2867 Deo.
1344 2818 1408 2867 1..
1444 2818 1512 2867 H.
1548 2818 1610 2867 R.
1646 2818 1712 2867 D.
1739 2818 1802 2867 V.
1839 2818 1900 2867 T.
1939 2834 1990 2883 p.
2020 2819 2136 2867 143.
2163 2833 2204 2867 s.
2281 2814 2322 2882 ⁵)
2358 2816 2430 2865 H.
2455 2816 2517 2864 V.
2543 2816 2604 2865 T.
2641 2832 2692 2880 p.
2719 2816 2838 2864 557.
2898 2814 3053 2863 Illud

558 2904 697 2953 enim
732 2920 913 2953 mense
952 2904 1273 2969 Septembri,
1320 2904 1405 2954 vel
1444 2920 1561 2954 cum
1598 2906 1751 2956 initio
1790 2904 2068 2969 Octobris3
2117 2903 2218 2953 hoc
2252 2902 2537 2953 Decembri
2573 2902 2900 2952 celebratum
2937 2903 3053 2951 iam

556 2992 753 3053 fuerat,
802 2992 1111 3057 priusquam
1150 2991 1311 3043 Jesus
1348 2992 1576 3042 diceret:
1629 2992 1836 3054 „adhuc
1877 2996 2108 3058 quatuor
2151 3006 2360 3041 menses
2395 2994 2522 3039 sunt
2556 2989 2627 3039 ad
2661 2992 2934 3040 messem.“
2999 2990 3054 3039 A

556 3092 737 3129 mense
774 3084 954 3128 autem
999 3079 1281 3129 Decembri
1320 3094 1491 3144 usque
1528 3079 1597 3128 ad
1632 3096 1866 3146 sequens
1905 3078 2117 3131 Pascha
2151 3078 2366 3144 quidem
2412 3078 2608 3129 festum
2643 3076 2865 3127 sortium
2899 3076 3052 3125 xlv,

559 3170 612 3215 et
647 3166 761 3215 XV.
798 3168 994 3217 mensis
1029 3166 1175 3217 Adai·
1219 3183 1261 3218 s.
1293 3167 1577 3216 Februarii
1614 3174 1784 3233 agunt
1817 3167 2044 3231 Judaei3
2083 3167 2146 3215 V.
2183 3166 2252 3215 H.
2289 3167 2352 3215 R.
2391 3166 2458 3215 D.
2496 3166 2560 3215 V.
2587 3164 2649 3214 T.
2686 3181 2738 3229 p.
2765 3166 2912 3226 50⁵4
2949 3164 3054 3213 sed

556 3254 749 3303 festum
776 3253 957 3303 Purim
982 3253 1117 3304 hacc
1142 3254 1387 3305 solennia
1410 3256 1606 3304 Joann.
1632 3258 1683 3316 5,
1713 3257 1760 3304 1.
1797 3270 1904 3304 non
1929 3254 2121 3304 fuisse:
2159 3252 2290 3302 illud
2323 3253 2548 3302 maxime
2585 3250 2864 3302 confirmat
2899 3250 3056 3317 quod

557 3356 601 3389 α.
640 3341 685 3389 si
708 3339 841 3389 illud
875 3341 1078 3403 fuisset,
1112 3356 1209 3392 suo
1235 3343 1449 3392 nomine
1484 3347 1735 3392 vocasset
1757 3340 2124 3407 Evangelista,
2163 3346 2222 3390 ut
2247 3340 2372 3389 fecit
2397 3340 2463 3389 de
2489 3338 2634 3389 aliis:
2675 3340 2722 3401 7,
2749 3340 2796 3387 2.
2825 3339 2907 3401 10,
2936 3340 3053 3401 12.;

556 3442 677 3477 cum
716 3432 892 3477 autem
930 3428 1177 3479 absolute
1214 3429 1343 3479 dicit
1375 3430 1636 3490 festum,
1677 3430 1778 3479 erit
1814 3445 1908 3495 pro
1945 3428 2234 3495 praecipuo
2273 3426 2594 3477 habendum.
2641 3422 2686 3491 β.
2727 3426 2780 3475 S.
2798 3424 3053 3477 Joannes

556 3516 718 3565 refert
742 3515 807 3564 de
832 3515 967 3565 festo
991 3515 1103 3577 tali,
1130 3516 1273 3582 quod
1296 3518 1411 3582 ipse
1436 3518 1585 3567 Deus
1608 3517 1853 3576 instituit,
1889 3522 1942 3567 et
1963 3532 2062 3582 per
2083 3516 2307 3580 Moysen
2333 3514 2623 3582 solenniter
2647 3512 3054 3576 celebrandum,

553 3602 714 3667 idque
750 3606 957 3651 tantum
993 3602 1345 3668 Jerosolymis
1381 3604 1682 3669 mandavit3
1723 3620 1788 3654 ex
1825 3603 1906 3654 his
1943 3620 2068 3653 vero
2106 3604 2414 3669 neutiquam
2451 3606 2568 3651 erat
2591 3600 2811 3651 Festum
2834 3601 3055 3663 Purim3

555 3688 699 3754 quod
746 3689 965 3739 secundi
1015 3690 1275 3740 duntaxat
1322 3690 1521 3741 ordinis
1568 3695 1622 3741 et
1659 3691 1846 3741 classis
1891 3692 2008 3741 fuit.
2068 3690 2138 3739 At
2173 3690 2429 3741 eiusmodi
2479 3690 2732 3739 festorum
2779 3688 3056 3739 inferioris

558 3776 755 3826 ordinis
794 3792 982 3837 causa,
1028 3776 1161 3826 nihil
1196 3778 1423 3843 urgebat
1461 3778 1725 3828 Christum
1763 3780 1946 3828 venire
1981 3780 2036 3828 in
2075 3778 2258 3827 urbem
2307 3782 2560 3827 sanctam.
2622 3776 2848 3837 Quando
2883 3776 3058 3841 igitur

556 3880 598 3914 s.
635 3862 876 3913 Joannes
926 3863 1055 3913 dicit
1104 3864 1249 3926 „dies
1296 3865 1463 3916 festus
1512 3866 1904 3930 Judaeorum“;
1956 3871 2010 3916 et
2057 3866 2268 3931 quidem
2315 3864 2464 3927 talis,
2513 3869 2733 3930 propter
2779 3879 2939 3928 quem
2991 3870 3060 3913 ut

556 3950 730 4012 addit,
788 3950 1029 4001 Christus
1080 3952 1323 4001 ascendit
1370 3952 1785 4017 Jerosolymam‚
1835 3953 2212 4018 intelligendus
2263 3957 2344 4002 est
2386 3952 2498 4002 dies
2548 3950 2845 4002 Paschatis.
2909 3950 3055 4001 Coll.

554 4039 727 4088 Levit-
754 4040 838 4101 23,
865 4040 914 4087 2.
938 4054 979 4088 s.
1030 4039 1236 4099 Quibus
1261 4040 1471 4089 accedit
1505 4055 1550 4107 γ.
1590 4040 1792 4090 editum
1817 4042 2102 4106 quotannis
2127 4042 2184 4090 in
2207 4040 2416 4105 piscina
2441 4040 2694 4104 pecuaria
2727 4038 3050 4088 miraculum

554 4126 719 4176 multo
768 4126 935 4190 magis
984 4126 1413 4191 praedicatione,
1463 4126 1648 4189 laude,
1699 4128 2062 4189 monimentis,
2111 4128 2322 4192 insigne
2359 4127 2552 4177 festum
2588 4126 2688 4175 Dei
2725 4127 3056 4175 auctoritate

556 4219 923 4263 consecratum
972 4213 1227 4263 decorare
1273 4214 1549 4277 debuisse,
1598 4230 1759 4279 quam
1807 4214 2172 4265 celebritatem
2216 4215 2394 4263 Purim
2445 4214 2762 4263 auctoritate
2809 4212 3056 4263 humana

556 4302 915 4351 constitutam.
977 4300 1133 4361 Quod
1184 4302 1344 4351 etiam
1395 4299 1438 4350 δ.
1490 4308 1642 4368 patet
1691 4319 1756 4351 ex
1805 4302 1910 4352 fine
1957 4301 2199 4351 miraculi
2237 4330 2302 4337 —
2341 4302 2702 4351 descensionis
2749 4300 2930 4365 angeli
2980 4301 3056 4350 ad

555 4388 870 4437 movendam
908 4402 1101 4453 aquam
1140 4416 1205 4425 —
1244 4405 1350 4453 quo
1386 4390 1539 4439 Deus
1576 4390 1813 4440 ostendit
1849 4390 1950 4440 sibi
1985 4404 2148 4439 curae
2194 4404 2312 4439 esse
2356 4388 2611 4455 populum
2657 4404 2840 4451 suum,
2890 4404 3053 4454 quem

556 4479 707 4523 tanta
742 4476 1069 4539 benignitate
1107 4476 1175 4525 ad
1214 4477 1467 4542 pietatem
1513 4476 1802 4527 alliciebat.
1877 4476 2118 4527 Tandem
2163 4492 2197 4525 ε.
2249 4478 2306 4525 in
2355 4476 2456 4526 hac
2503 4477 2770 4527 sententia
2805 4475 2874 4525 de
2913 4476 3054 4527 festo

554 4562 737 4611 Purim
772 4562 969 4612 Joann.
1002 4566 1051 4623 5,
1092 4568 1137 4614 1.
1176 4564 1450 4627 sumendO,
1488 4564 1684 4615 multas
1721 4564 1968 4615 historias
2005 4564 2420 4631 Evangeliorum
2459 4564 2640 4614 debito
2675 4562 2795 4613 loco
2835 4580 3055 4615 movere

554 4665 775 4701 necesse
814 4654 909 4701 est.
972 4649 1051 4699 cf.
1089 4651 1335 4716 Dionysii
1372 4652 1594 4714 Petavii,
1632 4652 1862 4703 animad.
1901 4654 1956 4703 in
1995 4652 2188 4718 Epiph.
2227 4670 2277 4718 p.
2317 4654 2434 4703 207.
