<?xml version="1.0" encoding="UTF-8"?>
<!DOCTYPE html PUBLIC "-//W3C//DTD XHTML 1.0 Transitional//EN"
    "http://www.w3.org/TR/xhtml1/DTD/xhtml1-transitional.dtd">
<html xmlns="http://www.w3.org/1999/xhtml" xml:lang="en" lang="en">
 <head>
  <title>
</title>
<meta http-equiv="Content-Type" content="text/html;charset=utf-8" />
  <meta name='ocr-system' content='tesseract 3.04.00' />
  <meta name='ocr-capabilities' content='ocr_page ocr_carea ocr_par ocr_line ocrx_word'/>
</head>
<body>
  <div class='ocr_page' id='page_1' title='image "./historiarevelat00unkngoog_0163.png"; bbox 0 0 3267 5259; ppageno 0'>
   <div class='ocr_carea' id='block_1_1' title="bbox 1166 446 2621 513">
    <p class='ocr_par' dir='ltr' id='par_1_1' title="bbox 1166 446 2621 513">
     <span class='ocr_line' id='line_1_1' title="bbox 1166 446 2621 513; baseline 0.004 -12"><span class='ocrx_word' id='word_1_1' title='bbox 1166 460 1332 501; x_wconf 68' lang='lat' dir='ltr'><strong>christi</strong></span> <span class='ocrx_word' id='word_1_2' title='bbox 1362 460 1566 502; x_wconf 64' lang='lat' dir='ltr'><strong>tentatio.</strong></span> <span class='ocrx_word' id='word_1_3' title='bbox 2537 446 2621 513; x_wconf 86' lang='lat'><strong>35</strong></span> 
     </span>
    </p>
   </div>
   <div class='ocr_carea' id='block_1_2' title="bbox 176 630 2628 4745">
    <p class='ocr_par' dir='ltr' id='par_1_2' title="bbox 192 630 2628 1729">
     <span class='ocr_line' id='line_1_2' title="bbox 193 630 2624 703; baseline 0.003 -24"><span class='ocrx_word' id='word_1_4' title='bbox 193 632 307 680; x_wconf 75' lang='lat' dir='ltr'><strong>stud.</strong></span> <span class='ocrx_word' id='word_1_5' title='bbox 328 648 372 681; x_wconf 90' lang='lat' dir='ltr'><strong>u.</strong></span> <span class='ocrx_word' id='word_1_6' title='bbox 388 634 509 681; x_wconf 85' lang='lat' dir='ltr'><strong>Krit.</strong></span> <span class='ocrx_word' id='word_1_7' title='bbox 531 634 679 682; x_wconf 90' lang='grc'><strong>1834.</strong></span> <span class='ocrx_word' id='word_1_8' title='bbox 700 650 753 697; x_wconf 89' lang='lat' dir='ltr'><strong>p.</strong></span> <span class='ocrx_word' id='word_1_9' title='bbox 774 636 899 684; x_wconf 82' lang='grc'><strong>521.</strong></span> <span class='ocrx_word' id='word_1_10' title='bbox 926 651 966 685; x_wconf 85' lang='lat' dir='ltr'><strong>s.</strong></span> <span class='ocrx_word' id='word_1_11' title='bbox 988 636 1104 684; x_wconf 89' lang='lat'>813.</span> <span class='ocrx_word' id='word_1_12' title='bbox 1126 652 1167 685; x_wconf 88' lang='lat' dir='ltr'><strong>s.</strong></span> <span class='ocrx_word' id='word_1_13' title='bbox 1191 634 1250 684; x_wconf 87' lang='lat' dir='ltr'>C.</span> <span class='ocrx_word' id='word_1_14' title='bbox 1277 634 1328 684; x_wconf 84' lang='lat' dir='ltr'><strong>J.</strong></span> <span class='ocrx_word' id='word_1_15' title='bbox 1350 634 1641 697; x_wconf 83' lang='lat' dir='ltr'><strong>Fritzsche,</strong></span> <span class='ocrx_word' id='word_1_16' title='bbox 1669 635 1735 685; x_wconf 90' lang='lat' dir='ltr'><strong>de</strong></span> <span class='ocrx_word' id='word_1_17' title='bbox 1755 630 2095 703; x_wconf 79' lang='grc' dir='ltr'>ἀναμαρτησία</span> <span class='ocrx_word' id='word_1_18' title='bbox 2115 636 2167 684; x_wconf 86' lang='lat' dir='ltr'><strong>J.</strong></span> <span class='ocrx_word' id='word_1_19' title='bbox 2195 634 2254 683; x_wconf 89' lang='lat' dir='ltr'><strong>C.</strong></span> <span class='ocrx_word' id='word_1_20' title='bbox 2281 634 2404 684; x_wconf 88' lang='lat' dir='ltr'><strong>Hal.</strong></span> <span class='ocrx_word' id='word_1_21' title='bbox 2428 633 2624 687; x_wconf 88' lang='lat' dir='ltr'><strong>Saxon.</strong></span> 
     </span>
     <span class='ocr_line' id='line_1_3' title="bbox 194 716 2623 789; baseline 0.002 -25"><span class='ocrx_word' id='word_1_22' title='bbox 194 716 537 767; x_wconf 81' lang='lat' dir='ltr'><strong>Comm.1-IV.</strong></span> <span class='ocrx_word' id='word_1_23' title='bbox 560 721 855 769; x_wconf 79' lang='lat'><strong>1835—37.</strong></span> <span class='ocrx_word' id='word_1_24' title='bbox 884 720 951 769; x_wconf 89' lang='grc' dir='ltr'><strong>Η.</strong></span> <span class='ocrx_word' id='word_1_25' title='bbox 970 721 1022 769; x_wconf 84' lang='lat' dir='ltr'><strong>J.</strong></span> <span class='ocrx_word' id='word_1_26' title='bbox 1042 721 1367 787; x_wconf 84' lang='lat' dir='ltr'><strong>Vogelsang,</strong></span> <span class='ocrx_word' id='word_1_27' title='bbox 1389 722 1455 770; x_wconf 87' lang='lat' dir='ltr'><strong>de</strong></span> <span class='ocrx_word' id='word_1_28' title='bbox 1483 716 1820 789; x_wconf 75' lang='grc' dir='ltr'>ἀναμαρτησία</span> <span class='ocrx_word' id='word_1_29' title='bbox 1843 721 1895 770; x_wconf 81' lang='lat' dir='ltr'><strong>J.</strong></span> <span class='ocrx_word' id='word_1_30' title='bbox 1918 721 1976 770; x_wconf 92' lang='lat' dir='ltr'><strong>C.</strong></span> <span class='ocrx_word' id='word_1_31' title='bbox 1996 721 2217 771; x_wconf 87' lang='lat' dir='ltr'><strong>Bonnae</strong></span> <span class='ocrx_word' id='word_1_32' title='bbox 2245 722 2395 770; x_wconf 87' lang='grc'><strong>1839.</strong></span> <span class='ocrx_word' id='word_1_33' title='bbox 2421 721 2623 783; x_wconf 87' lang='lat' dir='ltr'><strong>Theile,</strong></span> 
     </span>
     <span class='ocr_line' id='line_1_4' title="bbox 192 803 2624 871; baseline 0.002 -20"><span class='ocrx_word' id='word_1_34' title='bbox 192 808 231 851; x_wconf 77' lang='grc' dir='ltr'><strong>ἰὶ.</strong></span> <span class='ocrx_word' id='word_1_35' title='bbox 250 804 298 851; x_wconf 70' lang='lat' dir='ltr'>d.</span> <span class='ocrx_word' id='word_1_36' title='bbox 312 805 401 853; x_wconf 75' lang='lat' dir='ltr'><strong>sitt-</strong></span> <span class='ocrx_word' id='word_1_37' title='bbox 420 803 541 853; x_wconf 86' lang='lat' dir='ltr'><strong>Erh.</strong></span> <span class='ocrx_word' id='word_1_38' title='bbox 566 805 703 853; x_wconf 84' lang='lat' dir='ltr'><strong>Jesu</strong></span> <span class='ocrx_word' id='word_1_39' title='bbox 728 806 787 853; x_wconf 89' lang='lat' dir='ltr'><strong>in</strong></span> <span class='ocrx_word' id='word_1_40' title='bbox 814 806 865 855; x_wconf 84' lang='lat' dir='ltr'><strong>d.</strong></span> <span class='ocrx_word' id='word_1_41' title='bbox 891 806 1028 871; x_wconf 81' lang='lat' dir='ltr'><strong>Aug.</strong></span> <span class='ocrx_word' id='word_1_42' title='bbox 1053 806 1338 856; x_wconf 84' lang='lat' dir='ltr'><strong>Kirehenz.</strong></span> <span class='ocrx_word' id='word_1_43' title='bbox 1378 808 1529 857; x_wconf 85' lang='lat'>1841.</span> <span class='ocrx_word' id='word_1_44' title='bbox 1556 824 1609 857; x_wconf 90' lang='lat' dir='ltr'><strong>n.</strong></span> <span class='ocrx_word' id='word_1_45' title='bbox 1636 810 1720 857; x_wconf 88' lang='grc'><strong>92.</strong></span> <span class='ocrx_word' id='word_1_46' title='bbox 1747 809 1829 857; x_wconf 87' lang='grc'><strong>93.</strong></span> <span class='ocrx_word' id='word_1_47' title='bbox 1865 809 1949 857; x_wconf 88' lang='grc'><strong>94.</strong></span> <span class='ocrx_word' id='word_1_48' title='bbox 1992 807 2261 870; x_wconf 88' lang='lat' dir='ltr'><strong>Ullmann,</strong></span> <span class='ocrx_word' id='word_1_49' title='bbox 2289 807 2374 857; x_wconf 89' lang='lat' dir='ltr'><strong>die</strong></span> <span class='ocrx_word' id='word_1_50' title='bbox 2398 805 2624 857; x_wconf 82' lang='lat' dir='ltr'><strong>Stindlo-</strong></span> 
     </span>
     <span class='ocr_line' id='line_1_5' title="bbox 192 888 2624 957; baseline 0.002 -22"><span class='ocrx_word' id='word_1_51' title='bbox 192 888 343 953; x_wconf 72' lang='lat' dir='ltr'><strong>sigkeit</strong></span> <span class='ocrx_word' id='word_1_52' title='bbox 369 890 490 939; x_wconf 83' lang='lat' dir='ltr'><strong>Jesu</strong></span> <span class='ocrx_word' id='word_1_53' title='bbox 523 908 575 955; x_wconf 91' lang='lat' dir='ltr'><strong>p.</strong></span> <span class='ocrx_word' id='word_1_54' title='bbox 600 892 684 941; x_wconf 90' lang='grc'><strong>28.</strong></span> <span class='ocrx_word' id='word_1_55' title='bbox 712 908 756 941; x_wconf 86' lang='lat' dir='ltr'><strong>s.</strong></span> <span class='ocrx_word' id='word_1_56' title='bbox 810 890 871 941; x_wconf 85' lang='lat' dir='ltr'><strong>C.</strong></span> <span class='ocrx_word' id='word_1_57' title='bbox 895 891 1265 953; x_wconf 82' lang='lat' dir='ltr'><strong>Tischendorf‚</strong></span> <span class='ocrx_word' id='word_1_58' title='bbox 1302 892 1427 943; x_wconf 88' lang='lat' dir='ltr'><strong>diss.</strong></span> <span class='ocrx_word' id='word_1_59' title='bbox 1456 908 1528 943; x_wconf 89' lang='lat' dir='ltr'><strong>cr.</strong></span> <span class='ocrx_word' id='word_1_60' title='bbox 1555 897 1609 943; x_wconf 89' lang='lat' dir='ltr'><strong>et</strong></span> <span class='ocrx_word' id='word_1_61' title='bbox 1633 909 1715 943; x_wconf 87' lang='lat' dir='ltr'><strong>ex.</strong></span> <span class='ocrx_word' id='word_1_62' title='bbox 1743 894 1808 943; x_wconf 89' lang='lat' dir='ltr'><strong>de</strong></span> <span class='ocrx_word' id='word_1_63' title='bbox 1831 892 2020 943; x_wconf 86' lang='lat' dir='ltr'><strong>Matth.</strong></span> <span class='ocrx_word' id='word_1_64' title='bbox 2049 896 2240 955; x_wconf 80' lang='lat'><strong>19,16.</strong></span> <span class='ocrx_word' id='word_1_65' title='bbox 2287 893 2436 957; x_wconf 88' lang='lat' dir='ltr'><strong>Lips.</strong></span> <span class='ocrx_word' id='word_1_66' title='bbox 2473 894 2624 943; x_wconf 83' lang='lat'>1840.</span> 
     </span>
     <span class='ocr_line' id='line_1_6' title="bbox 192 974 2625 1048; baseline 0.002 -25"><span class='ocrx_word' id='word_1_67' title='bbox 192 974 240 1023; x_wconf 91' lang='lat' dir='ltr'><strong>G.</strong></span> <span class='ocrx_word' id='word_1_68' title='bbox 266 975 500 1035; x_wconf 84' lang='lat' dir='ltr'><strong>Doehner,</strong></span> <span class='ocrx_word' id='word_1_69' title='bbox 544 976 609 1025; x_wconf 88' lang='lat' dir='ltr'><strong>de</strong></span> <span class='ocrx_word' id='word_1_70' title='bbox 656 977 817 1027; x_wconf 83' lang='lat' dir='ltr'><strong>dictis</strong></span> <span class='ocrx_word' id='word_1_71' title='bbox 856 977 1063 1043; x_wconf 78' lang='lat' dir='ltr'><strong>aliquot</strong></span> <span class='ocrx_word' id='word_1_72' title='bbox 1095 979 1149 1027; x_wconf 86' lang='lat' dir='ltr'><strong>J.</strong></span> <span class='ocrx_word' id='word_1_73' title='bbox 1180 978 1239 1029; x_wconf 90' lang='lat' dir='ltr'><strong>C.</strong></span> <span class='ocrx_word' id='word_1_74' title='bbox 1276 994 1414 1043; x_wconf 87' lang='lat' dir='ltr'><strong>quae</strong></span> <span class='ocrx_word' id='word_1_75' title='bbox 1461 980 1575 1029; x_wconf 86' lang='lat' dir='ltr'><strong>eius</strong></span> <span class='ocrx_word' id='word_1_76' title='bbox 1620 974 1762 1048; x_wconf 76' lang='grc' dir='ltr'><strong>ἀναμ.</strong></span> <span class='ocrx_word' id='word_1_77' title='bbox 1809 979 2097 1044; x_wconf 82' lang='lat' dir='ltr'><strong>infringere</strong></span> <span class='ocrx_word' id='word_1_78' title='bbox 2142 979 2407 1028; x_wconf 75' lang='lat' dir='ltr'><strong>videntur.</strong></span> <span class='ocrx_word' id='word_1_79' title='bbox 2467 979 2625 1028; x_wconf 86' lang='lat' dir='ltr'><strong>Zwic.</strong></span> 
     </span>
     <span class='ocr_line' id='line_1_7' title="bbox 196 1062 2623 1127; baseline 0.002 -19"><span class='ocrx_word' id='word_1_80' title='bbox 196 1062 711 1125; x_wconf 74' lang='lat' dir='ltr'><strong>1840.1·3.Dandiran,</strong></span> <span class='ocrx_word' id='word_1_81' title='bbox 750 1065 914 1114; x_wconf 83' lang='lat' dir='ltr'><strong>Essai</strong></span> <span class='ocrx_word' id='word_1_82' title='bbox 939 1080 1031 1115; x_wconf 87' lang='lat' dir='ltr'><strong>sur</strong></span> <span class='ocrx_word' id='word_1_83' title='bbox 1052 1064 1109 1114; x_wconf 89' lang='lat' dir='ltr'><strong>la</strong></span> <span class='ocrx_word' id='word_1_84' title='bbox 1132 1062 1353 1114; x_wconf 74' lang='lat' dir='ltr'><strong>divinite</strong></span> <span class='ocrx_word' id='word_1_85' title='bbox 1378 1065 1451 1115; x_wconf 90' lang='lat' dir='ltr'><strong>du</strong></span> <span class='ocrx_word' id='word_1_86' title='bbox 1476 1080 1584 1115; x_wconf 88' lang='lat' dir='ltr'><strong>car.</strong></span> <span class='ocrx_word' id='word_1_87' title='bbox 1608 1081 1737 1116; x_wconf 91' lang='lat' dir='ltr'><strong>mor.</strong></span> <span class='ocrx_word' id='word_1_88' title='bbox 1759 1066 1843 1115; x_wconf 86' lang='lat' dir='ltr'><strong>de.</strong></span> <span class='ocrx_word' id='word_1_89' title='bbox 1861 1066 1913 1114; x_wconf 83' lang='lat' dir='ltr'><strong>J.</strong></span> <span class='ocrx_word' id='word_1_90' title='bbox 1935 1065 1995 1114; x_wconf 91' lang='lat' dir='ltr'><strong>C.</strong></span> <span class='ocrx_word' id='word_1_91' title='bbox 2017 1064 2150 1115; x_wconf 82' lang='lat' dir='ltr'><strong>Gen.</strong></span> <span class='ocrx_word' id='word_1_92' title='bbox 2178 1066 2328 1115; x_wconf 83' lang='lat'>1850.</span> <span class='ocrx_word' id='word_1_93' title='bbox 2368 1062 2623 1127; x_wconf 80' lang='lat' dir='ltr'><strong>Schwetz,</strong></span> 
     </span>
     <span class='ocr_line' id='line_1_8' title="bbox 192 1136 2624 1215; baseline 0.002 -20"><span class='ocrx_word' id='word_1_94' title='bbox 192 1146 427 1213; x_wconf 68' lang='lat' dir='ltr'><strong>&#39;theolog-ia</strong></span> <span class='ocrx_word' id='word_1_95' title='bbox 444 1148 759 1215; x_wconf 82' lang='lat' dir='ltr'><strong>Dogmatica</strong></span> <span class='ocrx_word' id='word_1_96' title='bbox 782 1149 1080 1201; x_wconf 85' lang='lat' dir='ltr'><strong>Catholica.</strong></span> <span class='ocrx_word' id='word_1_97' title='bbox 1094 1152 1299 1201; x_wconf 87' lang='lat' dir='ltr'><strong>Vienn.</strong></span> <span class='ocrx_word' id='word_1_98' title='bbox 1314 1150 1396 1201; x_wconf 89' lang='lat' dir='ltr'><strong>ed.</strong></span> <span class='ocrx_word' id='word_1_99' title='bbox 1411 1152 1504 1201; x_wconf 85' lang='lat' dir='ltr'><strong>Iv.</strong></span> <span class='ocrx_word' id='word_1_100' title='bbox 1526 1136 1677 1202; x_wconf 90' lang='grc'><strong>1863.</strong></span> <span class='ocrx_word' id='word_1_101' title='bbox 1697 1152 1768 1213; x_wconf 92' lang='grc' dir='ltr'><strong>Π,</strong></span> <span class='ocrx_word' id='word_1_102' title='bbox 1790 1154 1908 1201; x_wconf 90' lang='grc'><strong>297.</strong></span> <span class='ocrx_word' id='word_1_103' title='bbox 1925 1150 2386 1201; x_wconf 75' lang='lat' dir='ltr'><strong>—Nov-issimeF.</strong></span> <span class='ocrx_word' id='word_1_104' title='bbox 2405 1152 2624 1213; x_wconf 87' lang='lat' dir='ltr'><strong>Pecaut,</strong></span> 
     </span>
     <span class='ocr_line' id='line_1_9' title="bbox 194 1233 2624 1302; baseline 0.002 -21"><span class='ocrx_word' id='word_1_105' title='bbox 194 1233 229 1281; x_wconf 76' lang='lat' dir='ltr'><strong>le</strong></span> <span class='ocrx_word' id='word_1_106' title='bbox 258 1233 403 1283; x_wconf 82' lang='lat' dir='ltr'><strong>Christ</strong></span> <span class='ocrx_word' id='word_1_107' title='bbox 423 1241 473 1284; x_wconf 86' lang='lat' dir='ltr'><strong>et</strong></span> <span class='ocrx_word' id='word_1_108' title='bbox 494 1235 548 1284; x_wconf 89' lang='lat' dir='ltr'><strong>la</strong></span> <span class='ocrx_word' id='word_1_109' title='bbox 572 1238 895 1286; x_wconf 76' lang='lat' dir='ltr'><strong>conscience</strong></span> <span class='ocrx_word' id='word_1_110' title='bbox 923 1238 1074 1287; x_wconf 88' lang='grc'><strong>1859.</strong></span> <span class='ocrx_word' id='word_1_111' title='bbox 1100 1242 1154 1287; x_wconf 86' lang='lat' dir='ltr'><strong>et</strong></span> <span class='ocrx_word' id='word_1_112' title='bbox 1175 1237 1245 1287; x_wconf 91' lang='lat' dir='ltr'><strong>D.</strong></span> <span class='ocrx_word' id='word_1_113' title='bbox 1269 1238 1361 1286; x_wconf 87' lang='lat' dir='ltr'><strong>Fr.</strong></span> <span class='ocrx_word' id='word_1_114' title='bbox 1388 1236 1627 1299; x_wconf 85' lang='lat' dir='ltr'><strong>Strauss,</strong></span> <span class='ocrx_word' id='word_1_115' title='bbox 1655 1238 1842 1287; x_wconf 89' lang='lat' dir='ltr'><strong>Leben</strong></span> <span class='ocrx_word' id='word_1_116' title='bbox 1867 1237 2000 1287; x_wconf 84' lang='lat' dir='ltr'><strong>Jesu</strong></span> <span class='ocrx_word' id='word_1_117' title='bbox 2024 1237 2060 1287; x_wconf 85' lang='lat' dir='ltr'><strong>f.</strong></span> <span class='ocrx_word' id='word_1_118' title='bbox 2088 1237 2138 1287; x_wconf 85' lang='lat' dir='ltr'>d.</span> <span class='ocrx_word' id='word_1_119' title='bbox 2167 1237 2216 1286; x_wconf 88' lang='lat' dir='ltr'>d.</span> <span class='ocrx_word' id='word_1_120' title='bbox 2241 1236 2402 1287; x_wconf 91' lang='lat' dir='ltr'><strong>Volk.</strong></span> <span class='ocrx_word' id='word_1_121' title='bbox 2427 1253 2478 1302; x_wconf 91' lang='lat' dir='ltr'><strong>p.</strong></span> <span class='ocrx_word' id='word_1_122' title='bbox 2507 1237 2624 1287; x_wconf 85' lang='lat'>195.</span> 
     </span>
     <span class='ocr_line' id='line_1_10' title="bbox 194 1314 2628 1390; baseline 0.002 -23"><span class='ocrx_word' id='word_1_123' title='bbox 194 1318 333 1368; x_wconf 75' lang='lat' dir='ltr'><strong>Jesum</strong></span> <span class='ocrx_word' id='word_1_124' title='bbox 374 1314 695 1387; x_wconf 61' lang='grc' dir='ltr'><strong>ηαμᾶρτητον</strong></span> <span class='ocrx_word' id='word_1_125' title='bbox 744 1323 915 1373; x_wconf 82' lang='lat' dir='ltr'><strong>fuisse</strong></span> <span class='ocrx_word' id='word_1_126' title='bbox 948 1324 1217 1388; x_wconf 80' lang='lat' dir='ltr'><strong>impudice</strong></span> <span class='ocrx_word' id='word_1_127' title='bbox 1254 1328 1543 1389; x_wconf 81' lang='lat' dir='ltr'><strong>negarunt3</strong></span> <span class='ocrx_word' id='word_1_128' title='bbox 1584 1340 1718 1390; x_wconf 89' lang='lat' dir='ltr'><strong>quos</strong></span> <span class='ocrx_word' id='word_1_129' title='bbox 1756 1324 2069 1374; x_wconf 79' lang='lat' dir='ltr'>refutarunt.</span> <span class='ocrx_word' id='word_1_130' title='bbox 2120 1322 2312 1386; x_wconf 86' lang='lat' dir='ltr'><strong>Schaff,</strong></span> <span class='ocrx_word' id='word_1_131' title='bbox 2342 1322 2430 1372; x_wconf 89' lang='lat' dir='ltr'><strong>the</strong></span> <span class='ocrx_word' id='word_1_132' title='bbox 2453 1322 2628 1373; x_wconf 85' lang='lat' dir='ltr'><strong>Moral</strong></span> 
     </span>
     <span class='ocr_line' id='line_1_11' title="bbox 195 1404 2628 1475; baseline 0.004 -24"><span class='ocrx_word' id='word_1_133' title='bbox 195 1404 413 1457; x_wconf 74' lang='lat' dir='ltr'><strong>character</strong></span> <span class='ocrx_word' id='word_1_134' title='bbox 446 1407 504 1457; x_wconf 85' lang='lat' dir='ltr'><strong>of</strong></span> <span class='ocrx_word' id='word_1_135' title='bbox 538 1408 733 1459; x_wconf 83' lang='lat' dir='ltr'><strong>Christ.</strong></span> <span class='ocrx_word' id='word_1_136' title='bbox 776 1409 1124 1460; x_wconf 84' lang='lat' dir='ltr'><strong>chambersb.</strong></span> <span class='ocrx_word' id='word_1_137' title='bbox 1162 1412 1312 1460; x_wconf 91' lang='grc'><strong>1861.</strong></span> <span class='ocrx_word' id='word_1_138' title='bbox 1347 1411 1408 1460; x_wconf 88' lang='grc' dir='ltr'><strong>Ρ.</strong></span> <span class='ocrx_word' id='word_1_139' title='bbox 1442 1411 1495 1460; x_wconf 86' lang='lat' dir='ltr'><strong>J.</strong></span> <span class='ocrx_word' id='word_1_140' title='bbox 1532 1409 1725 1460; x_wconf 83' lang='lat' dir='ltr'><strong>Gouda</strong></span> <span class='ocrx_word' id='word_1_141' title='bbox 1767 1409 1955 1472; x_wconf 83' lang='lat' dir='ltr'><strong>Guint,</strong></span> <span class='ocrx_word' id='word_1_142' title='bbox 2001 1410 2136 1475; x_wconf 85' lang='lat' dir='ltr'><strong>disp.</strong></span> <span class='ocrx_word' id='word_1_143' title='bbox 2172 1425 2253 1459; x_wconf 88' lang='lat' dir='ltr'><strong>ex.</strong></span> <span class='ocrx_word' id='word_1_144' title='bbox 2288 1409 2340 1459; x_wconf 93' lang='lat' dir='ltr'>h.</span> <span class='ocrx_word' id='word_1_145' title='bbox 2384 1409 2450 1457; x_wconf 85' lang='lat' dir='ltr'><strong>de</strong></span> <span class='ocrx_word' id='word_1_146' title='bbox 2492 1408 2628 1460; x_wconf 85' lang='lat' dir='ltr'><strong>Jesu</strong></span> 
     </span>
     <span class='ocr_line' id='line_1_12' title="bbox 196 1485 2625 1561; baseline 0.003 -24"><span class='ocrx_word' id='word_1_147' title='bbox 196 1485 471 1560; x_wconf 46' lang='lat' dir='ltr'><strong>&amp;appeti-qs.</strong></span> <span class='ocrx_word' id='word_1_148' title='bbox 528 1495 674 1544; x_wconf 81' lang='lat' dir='ltr'><strong>Trai.</strong></span> <span class='ocrx_word' id='word_1_149' title='bbox 712 1496 799 1544; x_wconf 81' lang='lat' dir='ltr'><strong>ad.</strong></span> <span class='ocrx_word' id='word_1_150' title='bbox 834 1494 1005 1545; x_wconf 85' lang='lat' dir='ltr'><strong>Rhen.</strong></span> <span class='ocrx_word' id='word_1_151' title='bbox 1044 1498 1194 1546; x_wconf 83' lang='lat'>1861.</span> <span class='ocrx_word' id='word_1_152' title='bbox 1228 1513 1278 1561; x_wconf 91' lang='lat' dir='ltr'>p.</span> <span class='ocrx_word' id='word_1_153' title='bbox 1308 1498 1425 1546; x_wconf 87' lang='grc'><strong>129.</strong></span> <span class='ocrx_word' id='word_1_154' title='bbox 1452 1512 1495 1545; x_wconf 82' lang='lat' dir='ltr'><strong>s.</strong></span> <span class='ocrx_word' id='word_1_155' title='bbox 1543 1495 1597 1545; x_wconf 84' lang='lat' dir='ltr'><strong>J.</strong></span> <span class='ocrx_word' id='word_1_156' title='bbox 1619 1497 1683 1546; x_wconf 78' lang='lat' dir='ltr'><strong>A.</strong></span> <span class='ocrx_word' id='word_1_157' title='bbox 1709 1496 1937 1558; x_wconf 87' lang='lat' dir='ltr'><strong>Dorner,</strong></span> <span class='ocrx_word' id='word_1_158' title='bbox 1963 1500 2015 1545; x_wconf 76' lang='lat' dir='ltr'><strong>fl.</strong></span> <span class='ocrx_word' id='word_1_159' title='bbox 2042 1495 2175 1545; x_wconf 85' lang='lat' dir='ltr'><strong>Jesu</strong></span> <span class='ocrx_word' id='word_1_160' title='bbox 2201 1494 2454 1546; x_wconf 79' lang='lat' dir='ltr'><strong>stindlose</strong></span> <span class='ocrx_word' id='word_1_161' title='bbox 2479 1494 2625 1545; x_wconf 83' lang='lat' dir='ltr'><strong>Voll-</strong></span> 
     </span>
     <span class='ocr_line' id='line_1_13' title="bbox 192 1576 2625 1649; baseline 0.002 -24"><span class='ocrx_word' id='word_1_162' title='bbox 192 1576 499 1630; x_wconf 77' lang='lat' dir='ltr'><strong>kommenheit.</strong></span> <span class='ocrx_word' id='word_1_163' title='bbox 546 1580 743 1631; x_wconf 89' lang='lat' dir='ltr'><strong>Gotha.</strong></span> <span class='ocrx_word' id='word_1_164' title='bbox 781 1582 933 1632; x_wconf 91' lang='grc'><strong>1862.</strong></span> <span class='ocrx_word' id='word_1_165' title='bbox 968 1598 1019 1647; x_wconf 90' lang='lat' dir='ltr'><strong>p.</strong></span> <span class='ocrx_word' id='word_1_166' title='bbox 1057 1585 1139 1633; x_wconf 88' lang='grc'><strong>16.</strong></span> <span class='ocrx_word' id='word_1_167' title='bbox 1174 1600 1217 1633; x_wconf 90' lang='lat' dir='ltr'><strong>s.</strong></span> <span class='ocrx_word' id='word_1_168' title='bbox 1278 1583 1379 1632; x_wconf 82' lang='lat' dir='ltr'>Th.</span> <span class='ocrx_word' id='word_1_169' title='bbox 1414 1584 1595 1644; x_wconf 87' lang='lat' dir='ltr'><strong>Keim,</strong></span> <span class='ocrx_word' id='word_1_170' title='bbox 1634 1584 1730 1633; x_wconf 85' lang='lat' dir='ltr'><strong>der</strong></span> <span class='ocrx_word' id='word_1_171' title='bbox 1765 1582 1942 1649; x_wconf 82' lang='lat' dir='ltr'><strong>gesch.</strong></span> <span class='ocrx_word' id='word_1_172' title='bbox 1983 1582 2241 1633; x_wconf 86' lang='lat' dir='ltr'><strong>Christus.</strong></span> <span class='ocrx_word' id='word_1_173' title='bbox 2278 1581 2360 1631; x_wconf 88' lang='lat' dir='ltr'><strong>ed.</strong></span> <span class='ocrx_word' id='word_1_174' title='bbox 2397 1580 2468 1631; x_wconf 91' lang='lat'><strong>11.</strong></span> <span class='ocrx_word' id='word_1_175' title='bbox 2503 1582 2625 1631; x_wconf 80' lang='lat' dir='ltr'><strong>Zflr.</strong></span> 
     </span>
     <span class='ocr_line' id='line_1_14' title="bbox 194 1666 567 1729; baseline 0.019 -19"><span class='ocrx_word' id='word_1_176' title='bbox 194 1666 305 1712; x_wconf 69' lang='lat'>1865.</span> <span class='ocrx_word' id='word_1_177' title='bbox 324 1682 370 1729; x_wconf 88' lang='lat' dir='ltr'>p.</span> <span class='ocrx_word' id='word_1_178' title='bbox 394 1668 499 1716; x_wconf 88' lang='grc'><strong>107.</strong></span> <span class='ocrx_word' id='word_1_179' title='bbox 526 1684 567 1717; x_wconf 88' lang='lat' dir='ltr'><strong>s.</strong></span> 
     </span>
    </p>

    <p class='ocr_par' dir='ltr' id='par_1_3' title="bbox 176 1754 2628 4673">
     <span class='ocr_line' id='line_1_15' title="bbox 348 1754 2626 1824; baseline 0 -17"><span class='ocrx_word' id='word_1_180' title='bbox 348 1754 580 1821; x_wconf 69' lang='lat' dir='ltr'><strong>Diqressio</strong></span> <span class='ocrx_word' id='word_1_181' title='bbox 606 1756 693 1808; x_wconf 90' lang='lat' dir='ltr'>II.</span> <span class='ocrx_word' id='word_1_182' title='bbox 718 1757 780 1807; x_wconf 75' lang='lat' dir='ltr'><strong>de</strong></span> <span class='ocrx_word' id='word_1_183' title='bbox 804 1758 1071 1809; x_wconf 70' lang='lat' dir='ltr'><strong><em>tentatione</em></strong></span> <span class='ocrx_word' id='word_1_184' title='bbox 1101 1756 1299 1808; x_wconf 75' lang='lat' dir='ltr'><strong>Christi.</strong></span> <span class='ocrx_word' id='word_1_185' title='bbox 1329 1754 1589 1824; x_wconf 73' lang='lat' dir='ltr'><strong>Aqitanda</strong></span> <span class='ocrx_word' id='word_1_186' title='bbox 1612 1756 1694 1809; x_wconf 78' lang='lat' dir='ltr'><strong>hic</strong></span> <span class='ocrx_word' id='word_1_187' title='bbox 1732 1758 1826 1808; x_wconf 78' lang='lat' dir='ltr'><strong>loci</strong></span> <span class='ocrx_word' id='word_1_188' title='bbox 1847 1756 2158 1809; x_wconf 72' lang='lat' dir='ltr'><strong>eckbern&#39;ma</strong></span> <span class='ocrx_word' id='word_1_189' title='bbox 2176 1757 2422 1824; x_wconf 78' lang='lat' dir='ltr'><strong>quaestio:</strong></span> <span class='ocrx_word' id='word_1_190' title='bbox 2455 1762 2626 1808; x_wconf 83' lang='lat' dir='ltr'><strong>utrum</strong></span> 
     </span>
     <span class='ocr_line' id='line_1_16' title="bbox 189 1838 2626 1912; baseline 0.002 -25"><span class='ocrx_word' id='word_1_191' title='bbox 189 1838 325 1889; x_wconf 54' lang='grc' dir='ltr'><strong>κη’ἰίοεε</strong></span> <span class='ocrx_word' id='word_1_192' title='bbox 362 1841 491 1891; x_wconf 69' lang='lat' dir='ltr'><strong>Jews</strong></span> <span class='ocrx_word' id='word_1_193' title='bbox 537 1842 707 1911; x_wconf 75' lang='lat' dir='ltr'><strong>reipsa</strong></span> <span class='ocrx_word' id='word_1_194' title='bbox 720 1881 732 1904; x_wconf 88' lang='lat'><strong>,</strong></span> <span class='ocrx_word' id='word_1_195' title='bbox 768 1860 841 1894; x_wconf 79' lang='lat' dir='ltr'><strong>an</strong></span> <span class='ocrx_word' id='word_1_196' title='bbox 885 1860 998 1895; x_wconf 83' lang='lat' dir='ltr'><strong>vero</strong></span> <span class='ocrx_word' id='word_1_197' title='bbox 1042 1844 1419 1912; x_wconf 71' lang='lat' dir='ltr'><strong>imayinatione,</strong></span> <span class='ocrx_word' id='word_1_198' title='bbox 1457 1844 1640 1912; x_wconf 59' lang='lat' dir='ltr'><strong>agdi-itu</strong></span> <span class='ocrx_word' id='word_1_199' title='bbox 1687 1849 1778 1895; x_wconf 79' lang='lat' dir='ltr'><strong>aut</strong></span> <span class='ocrx_word' id='word_1_200' title='bbox 1817 1844 2000 1896; x_wconf 76' lang='lat' dir='ltr'><em>visione</em></span> <span class='ocrx_word' id='word_1_201' title='bbox 2035 1848 2234 1894; x_wconf 78' lang='lat' dir='ltr'><strong>tantum</strong></span> <span class='ocrx_word' id='word_1_202' title='bbox 2269 1860 2304 1893; x_wconf 86' lang='lat' dir='ltr'><strong>a</strong></span> <span class='ocrx_word' id='word_1_203' title='bbox 2338 1842 2534 1894; x_wconf 83' lang='lat' dir='ltr'><strong>diabolo</strong></span> <span class='ocrx_word' id='word_1_204' title='bbox 2568 1843 2626 1893; x_wconf 78' lang='lat' dir='ltr'><strong>in</strong></span> 
     </span>
     <span class='ocr_line' id='line_1_17' title="bbox 192 1924 2626 1999; baseline 0.001 -24"><span class='ocrx_word' id='word_1_205' title='bbox 192 1924 340 1993; x_wconf 74' lang='lat' dir='ltr'><strong>Templi</strong></span> <span class='ocrx_word' id='word_1_206' title='bbox 364 1926 708 1995; x_wconf 76' lang='lat' dir='ltr'><strong>pinnaeulum,</strong></span> <span class='ocrx_word' id='word_1_207' title='bbox 754 1936 1063 1999; x_wconf 68' lang='lat' dir='ltr'><strong>montemque</strong></span> <span class='ocrx_word' id='word_1_208' title='bbox 1101 1930 1267 1997; x_wconf 75' lang='lat' dir='ltr'><strong>suerit</strong></span> <span class='ocrx_word' id='word_1_209' title='bbox 1311 1930 1621 1982; x_wconf 71' lang='lat' dir='ltr'><strong>translatus!</strong></span> <span class='ocrx_word' id='word_1_210' title='bbox 1691 1930 1947 1979; x_wconf 89' lang='lat' dir='ltr'><strong>Novimus</strong></span> <span class='ocrx_word' id='word_1_211' title='bbox 1995 1930 2244 1994; x_wconf 87' lang='lat' dir='ltr'><strong>antiquos</strong></span> <span class='ocrx_word' id='word_1_212' title='bbox 2289 1932 2344 1977; x_wconf 88' lang='lat' dir='ltr'><strong>et</strong></span> <span class='ocrx_word' id='word_1_213' title='bbox 2385 1934 2626 1978; x_wconf 79' lang='lat' dir='ltr'><strong>recentes</strong></span> 
     </span>
     <span class='ocr_line' id='line_1_18' title="bbox 188 2008 2626 2081; baseline 0.002 -25"><span class='ocrx_word' id='word_1_214' title='bbox 188 2008 227 2057; x_wconf 81' lang='lat' dir='ltr'><strong>S.</strong></span> <span class='ocrx_word' id='word_1_215' title='bbox 252 2008 295 2058; x_wconf 80' lang='lat' dir='ltr'><strong>S.</strong></span> <span class='ocrx_word' id='word_1_216' title='bbox 323 2015 633 2077; x_wconf 77' lang='lat' dir='ltr'><strong>expositores</strong></span> <span class='ocrx_word' id='word_1_217' title='bbox 684 2030 831 2075; x_wconf 88' lang='lat' dir='ltr'><strong>esse,</strong></span> <span class='ocrx_word' id='word_1_218' title='bbox 879 2016 971 2081; x_wconf 89' lang='lat' dir='ltr'><strong>qui</strong></span> <span class='ocrx_word' id='word_1_219' title='bbox 1016 2016 1363 2080; x_wconf 75' lang='lat' dir='ltr'><strong>posteriorem</strong></span> <span class='ocrx_word' id='word_1_220' title='bbox 1410 2015 1802 2079; x_wconf 80' lang='lat' dir='ltr'><strong>amplectantur</strong></span> <span class='ocrx_word' id='word_1_221' title='bbox 1849 2016 2176 2079; x_wconf 86' lang='lat' dir='ltr'><strong>opinionem,</strong></span> <span class='ocrx_word' id='word_1_222' title='bbox 2215 2030 2278 2065; x_wconf 89' lang='lat' dir='ltr'><strong>eo</strong></span> <span class='ocrx_word' id='word_1_223' title='bbox 2325 2013 2469 2079; x_wconf 87' lang='lat' dir='ltr'><strong>quod</strong></span> <span class='ocrx_word' id='word_1_224' title='bbox 2513 2015 2626 2079; x_wconf 85' lang='lat' dir='ltr'><strong>pati</strong></span> 
     </span>
     <span class='ocr_line' id='line_1_19' title="bbox 188 2098 2625 2162; baseline 0.002 -18"><span class='ocrx_word' id='word_1_225' title='bbox 188 2104 405 2161; x_wconf 79' lang='lat' dir='ltr'><strong>nequeant</strong></span> <span class='ocrx_word' id='word_1_226' title='bbox 450 2098 505 2148; x_wconf 87' lang='lat' dir='ltr'><strong>id</strong></span> <span class='ocrx_word' id='word_1_227' title='bbox 558 2102 753 2162; x_wconf 83' lang='lat' dir='ltr'><strong>statui,</strong></span> <span class='ocrx_word' id='word_1_228' title='bbox 801 2102 1074 2151; x_wconf 86' lang='lat' dir='ltr'><strong>diabolum</strong></span> <span class='ocrx_word' id='word_1_229' title='bbox 1127 2102 1263 2151; x_wconf 86' lang='lat' dir='ltr'><strong>reali</strong></span> <span class='ocrx_word' id='word_1_230' title='bbox 1318 2101 1667 2151; x_wconf 86' lang='lat' dir='ltr'><strong>translatione</strong></span> <span class='ocrx_word' id='word_1_231' title='bbox 1723 2100 1991 2151; x_wconf 79' lang='lat' dir='ltr'><strong>Christum</strong></span> <span class='ocrx_word' id='word_1_232' title='bbox 2046 2101 2112 2151; x_wconf 85' lang='lat' dir='ltr'><strong>de</strong></span> <span class='ocrx_word' id='word_1_233' title='bbox 2163 2101 2286 2150; x_wconf 87' lang='lat' dir='ltr'><strong>loco</strong></span> <span class='ocrx_word' id='word_1_234' title='bbox 2339 2102 2394 2149; x_wconf 89' lang='lat' dir='ltr'><strong>in</strong></span> <span class='ocrx_word' id='word_1_235' title='bbox 2447 2100 2625 2150; x_wconf 89' lang='lat' dir='ltr'><strong>locum</strong></span> 
     </span>
     <span class='ocr_line' id='line_1_20' title="bbox 188 2188 2626 2253; baseline 0.003 -23"><span class='ocrx_word' id='word_1_236' title='bbox 188 2188 531 2248; x_wconf 69' lang='lat' dir='ltr'><strong>transportasse.</strong></span> <span class='ocrx_word' id='word_1_237' title='bbox 594 2188 663 2235; x_wconf 90' lang='lat' dir='ltr'><strong>In</strong></span> <span class='ocrx_word' id='word_1_238' title='bbox 711 2203 817 2252; x_wconf 92' lang='lat' dir='ltr'><strong>quo</strong></span> <span class='ocrx_word' id='word_1_239' title='bbox 866 2193 1043 2237; x_wconf 86' lang='lat' dir='ltr'><strong>tamen</strong></span> <span class='ocrx_word' id='word_1_240' title='bbox 1098 2188 1237 2237; x_wconf 88' lang='lat' dir='ltr'><strong>bene</strong></span> <span class='ocrx_word' id='word_1_241' title='bbox 1290 2189 1559 2253; x_wconf 78' lang='lat' dir='ltr'><strong>pensitato</strong></span> <span class='ocrx_word' id='word_1_242' title='bbox 1615 2188 1746 2237; x_wconf 88' lang='lat' dir='ltr'><strong>nihil</strong></span> <span class='ocrx_word' id='word_1_243' title='bbox 1801 2189 2057 2249; x_wconf 88' lang='lat' dir='ltr'><strong>occurrit,</strong></span> <span class='ocrx_word' id='word_1_244' title='bbox 2106 2188 2251 2253; x_wconf 87' lang='lat' dir='ltr'><strong>quod</strong></span> <span class='ocrx_word' id='word_1_245' title='bbox 2307 2201 2626 2252; x_wconf 73' lang='lat' dir='ltr'><strong>quemquam</strong></span> 
     </span>
     <span class='ocr_line' id='line_1_21' title="bbox 188 2267 2628 2340; baseline 0.002 -24"><span class='ocrx_word' id='word_1_246' title='bbox 188 2267 338 2319; x_wconf 80' lang='lat' dir='ltr'><strong>debeat</strong></span> <span class='ocrx_word' id='word_1_247' title='bbox 367 2272 571 2323; x_wconf 78' lang='lat' dir='ltr'><strong>offendi.</strong></span> <span class='ocrx_word' id='word_1_248' title='bbox 632 2275 893 2335; x_wconf 83' lang='lat' dir='ltr'><strong>Quamvis</strong></span> <span class='ocrx_word' id='word_1_249' title='bbox 931 2276 1073 2324; x_wconf 89' lang='lat' dir='ltr'><strong>enim</strong></span> <span class='ocrx_word' id='word_1_250' title='bbox 1110 2288 1158 2325; x_wconf 88' lang='lat' dir='ltr'><strong>a.</strong></span> <span class='ocrx_word' id='word_1_251' title='bbox 1197 2276 1409 2338; x_wconf 82' lang='lat' dir='ltr'><strong>concipi</strong></span> <span class='ocrx_word' id='word_1_252' title='bbox 1446 2279 1704 2339; x_wconf 82' lang='lat' dir='ltr'><strong>nequeat,</strong></span> <span class='ocrx_word' id='word_1_253' title='bbox 1745 2290 1852 2340; x_wconf 90' lang='lat' dir='ltr'><strong>qua</strong></span> <span class='ocrx_word' id='word_1_254' title='bbox 1900 2276 2106 2324; x_wconf 85' lang='lat' dir='ltr'><strong>ratione</strong></span> <span class='ocrx_word' id='word_1_255' title='bbox 2153 2276 2368 2339; x_wconf 88' lang='lat' dir='ltr'><strong>spiritus</strong></span> <span class='ocrx_word' id='word_1_256' title='bbox 2413 2277 2628 2323; x_wconf 83' lang='lat' dir='ltr'><strong>moveat</strong></span> 
     </span>
     <span class='ocr_line' id='line_1_22' title="bbox 184 2360 2624 2426; baseline 0.002 -20"><span class='ocrx_word' id='word_1_257' title='bbox 184 2370 410 2417; x_wconf 77' lang='lat' dir='ltr'><strong>eorpus—</strong></span> <span class='ocrx_word' id='word_1_258' title='bbox 427 2361 553 2425; x_wconf 77' lang='lat' dir='ltr'><strong>quia</strong></span> <span class='ocrx_word' id='word_1_259' title='bbox 580 2376 775 2425; x_wconf 87' lang='lat' dir='ltr'><strong>nempe</strong></span> <span class='ocrx_word' id='word_1_260' title='bbox 794 2360 927 2409; x_wconf 89' lang='lat' dir='ltr'><strong>nihil</strong></span> <span class='ocrx_word' id='word_1_261' title='bbox 954 2375 1167 2411; x_wconf 81' lang='lat' dir='ltr'><strong>movere</strong></span> <span class='ocrx_word' id='word_1_262' title='bbox 1196 2360 1435 2411; x_wconf 82' lang='lat' dir='ltr'><strong>valemus</strong></span> <span class='ocrx_word' id='word_1_263' title='bbox 1463 2362 1567 2411; x_wconf 88' lang='lat' dir='ltr'><strong>nisi</strong></span> <span class='ocrx_word' id='word_1_264' title='bbox 1588 2377 1875 2426; x_wconf 83' lang='lat' dir='ltr'><strong>corporeus</strong></span> <span class='ocrx_word' id='word_1_265' title='bbox 1911 2361 2207 2411; x_wconf 78' lang='lat' dir='ltr'><strong>intercedat</strong></span> <span class='ocrx_word' id='word_1_266' title='bbox 2240 2364 2520 2410; x_wconf 85' lang='lat' dir='ltr'><strong>contactus</strong></span> <span class='ocrx_word' id='word_1_267' title='bbox 2540 2388 2624 2422; x_wconf 91' lang='lat'><strong>—,</strong></span> 
     </span>
     <span class='ocr_line' id='line_1_23' title="bbox 186 2446 2626 2512; baseline 0.004 -24"><span class='ocrx_word' id='word_1_268' title='bbox 186 2456 359 2493; x_wconf 75' lang='lat' dir='ltr'><strong>neeesse</strong></span> <span class='ocrx_word' id='word_1_269' title='bbox 390 2452 467 2495; x_wconf 87' lang='lat' dir='ltr'><strong>est</strong></span> <span class='ocrx_word' id='word_1_270' title='bbox 500 2452 682 2496; x_wconf 87' lang='lat' dir='ltr'><strong>tamen</strong></span> <span class='ocrx_word' id='word_1_271' title='bbox 728 2447 993 2497; x_wconf 79' lang='lat' dir='ltr'><strong>fateamur</strong></span> <span class='ocrx_word' id='word_1_272' title='bbox 1036 2448 1089 2495; x_wconf 89' lang='lat' dir='ltr'><strong>id</strong></span> <span class='ocrx_word' id='word_1_273' title='bbox 1133 2446 1247 2497; x_wconf 85' lang='lat' dir='ltr'><strong>fieri</strong></span> <span class='ocrx_word' id='word_1_274' title='bbox 1294 2463 1477 2512; x_wconf 85' lang='lat' dir='ltr'><strong>posse,</strong></span> <span class='ocrx_word' id='word_1_275' title='bbox 1525 2463 1644 2497; x_wconf 88' lang='lat' dir='ltr'><strong>cum</strong></span> <span class='ocrx_word' id='word_1_276' title='bbox 1690 2464 1838 2497; x_wconf 87' lang='lat' dir='ltr'><strong>mens</strong></span> <span class='ocrx_word' id='word_1_277' title='bbox 1884 2452 2068 2497; x_wconf 88' lang='lat' dir='ltr'><strong>nostra</strong></span> <span class='ocrx_word' id='word_1_278' title='bbox 2110 2447 2364 2497; x_wconf 87' lang='lat' dir='ltr'><strong>materiae</strong></span> <span class='ocrx_word' id='word_1_279' title='bbox 2411 2462 2626 2510; x_wconf 86' lang='lat' dir='ltr'><strong>prorsus</strong></span> 
     </span>
     <span class='ocr_line' id='line_1_24' title="bbox 184 2532 2626 2599; baseline 0.002 -24"><span class='ocrx_word' id='word_1_280' title='bbox 184 2542 326 2579; x_wconf 76' lang='lat' dir='ltr'><strong>exsors</strong></span> <span class='ocrx_word' id='word_1_281' title='bbox 356 2548 539 2595; x_wconf 83' lang='lat' dir='ltr'><strong>corpus</strong></span> <span class='ocrx_word' id='word_1_282' title='bbox 576 2539 819 2583; x_wconf 87' lang='lat' dir='ltr'><strong>nostrum</strong></span> <span class='ocrx_word' id='word_1_283' title='bbox 844 2538 1075 2583; x_wconf 84' lang='lat' dir='ltr'><strong>moveat.</strong></span> <span class='ocrx_word' id='word_1_284' title='bbox 1101 2532 1329 2599; x_wconf 78' lang='lat' dir='ltr'><strong>Spiritus</strong></span> <span class='ocrx_word' id='word_1_285' title='bbox 1368 2538 1547 2583; x_wconf 87' lang='lat' dir='ltr'><strong>autem</strong></span> <span class='ocrx_word' id='word_1_286' title='bbox 1582 2534 1652 2583; x_wconf 88' lang='lat' dir='ltr'><strong>ab</strong></span> <span class='ocrx_word' id='word_1_287' title='bbox 1691 2535 1831 2583; x_wconf 89' lang='lat' dir='ltr'><strong>omni.</strong></span> <span class='ocrx_word' id='word_1_288' title='bbox 1868 2535 2092 2583; x_wconf 84' lang='lat' dir='ltr'><strong>materia</strong></span> <span class='ocrx_word' id='word_1_289' title='bbox 2127 2534 2412 2594; x_wconf 87' lang='lat' dir='ltr'><strong>seiunctos,</strong></span> <span class='ocrx_word' id='word_1_290' title='bbox 2439 2532 2626 2581; x_wconf 87' lang='lat' dir='ltr'><strong>eadem</strong></span> 
     </span>
     <span class='ocr_line' id='line_1_25' title="bbox 184 2614 2625 2686; baseline 0.002 -23"><span class='ocrx_word' id='word_1_291' title='bbox 184 2614 334 2665; x_wconf 74' lang='lat' dir='ltr'><strong>virtute</strong></span> <span class='ocrx_word' id='word_1_292' title='bbox 364 2618 586 2681; x_wconf 86' lang='lat' dir='ltr'><strong>pollere,</strong></span> <span class='ocrx_word' id='word_1_293' title='bbox 626 2625 841 2669; x_wconf 86' lang='lat' dir='ltr'><strong>constat</strong></span> <span class='ocrx_word' id='word_1_294' title='bbox 874 2620 1187 2685; x_wconf 82' lang='lat' dir='ltr'><strong>angelorum</strong></span> <span class='ocrx_word' id='word_1_295' title='bbox 1224 2620 1493 2686; x_wconf 85' lang='lat' dir='ltr'><strong>exemp10,</strong></span> <span class='ocrx_word' id='word_1_296' title='bbox 1532 2621 1625 2685; x_wconf 90' lang='lat' dir='ltr'><strong>qui</strong></span> <span class='ocrx_word' id='word_1_297' title='bbox 1669 2620 1910 2685; x_wconf 75' lang='lat' dir='ltr'><strong>Moysem</strong></span> <span class='ocrx_word' id='word_1_298' title='bbox 1955 2621 2011 2668; x_wconf 91' lang='lat' dir='ltr'><strong>in</strong></span> <span class='ocrx_word' id='word_1_299' title='bbox 2047 2618 2341 2668; x_wconf 84' lang='lat' dir='ltr'><strong>Moabitide</strong></span> <span class='ocrx_word' id='word_1_300' title='bbox 2385 2618 2625 2668; x_wconf 87' lang='lat' dir='ltr'><strong>inhuma-</strong></span> 
     </span>
     <span class='ocr_line' id='line_1_26' title="bbox 184 2703 2624 2773; baseline 0.002 -25"><span class='ocrx_word' id='word_1_301' title='bbox 184 2708 295 2764; x_wconf 75' lang='lat' dir='ltr'><strong>runt3</strong></span> <span class='ocrx_word' id='word_1_302' title='bbox 326 2703 489 2754; x_wconf 87' lang='lat' dir='ltr'><strong>Eliam</strong></span> <span class='ocrx_word' id='word_1_303' title='bbox 526 2707 627 2755; x_wconf 88' lang='lat' dir='ltr'><strong>sub</strong></span> <span class='ocrx_word' id='word_1_304' title='bbox 658 2706 1017 2755; x_wconf 87' lang='lat' dir='ltr'><strong>flammeorum</strong></span> <span class='ocrx_word' id='word_1_305' title='bbox 1056 2722 1313 2772; x_wconf 90' lang='lat' dir='ltr'><strong>equorum</strong></span> <span class='ocrx_word' id='word_1_306' title='bbox 1350 2722 1644 2773; x_wconf 85' lang='lat' dir='ltr'><strong>currusque</strong></span> <span class='ocrx_word' id='word_1_307' title='bbox 1679 2708 1822 2773; x_wconf 80' lang='lat' dir='ltr'><strong>ignei</strong></span> <span class='ocrx_word' id='word_1_308' title='bbox 1859 2708 2037 2773; x_wconf 88' lang='lat' dir='ltr'><strong>specie</strong></span> <span class='ocrx_word' id='word_1_309' title='bbox 2065 2708 2120 2755; x_wconf 89' lang='lat' dir='ltr'><strong>in</strong></span> <span class='ocrx_word' id='word_1_310' title='bbox 2157 2705 2335 2757; x_wconf 88' lang='lat' dir='ltr'><strong>coelos</strong></span> <span class='ocrx_word' id='word_1_311' title='bbox 2373 2720 2624 2767; x_wconf 83' lang='lat' dir='ltr'><strong>evexere3</strong></span> 
     </span>
     <span class='ocr_line' id='line_1_27' title="bbox 184 2784 2624 2858; baseline 0.003 -25"><span class='ocrx_word' id='word_1_312' title='bbox 184 2784 477 2840; x_wconf 82' lang='lat' dir='ltr'><strong>Habacucnm</strong></span> <span class='ocrx_word' id='word_1_313' title='bbox 502 2808 569 2841; x_wconf 77' lang='lat' dir='ltr'><strong>ex</strong></span> <span class='ocrx_word' id='word_1_314' title='bbox 592 2790 811 2841; x_wconf 81' lang='lat' dir='ltr'><strong>Judaea</strong></span> <span class='ocrx_word' id='word_1_315' title='bbox 834 2794 889 2841; x_wconf 89' lang='lat' dir='ltr'><strong>in</strong></span> <span class='ocrx_word' id='word_1_316' title='bbox 914 2792 1284 2857; x_wconf 81' lang='lat' dir='ltr'><strong>Babyloniam,</strong></span> <span class='ocrx_word' id='word_1_317' title='bbox 1310 2792 1617 2858; x_wconf 87' lang='lat' dir='ltr'><strong>Philippum</strong></span> <span class='ocrx_word' id='word_1_318' title='bbox 1647 2792 1932 2843; x_wconf 86' lang='lat' dir='ltr'><strong>diaconum</strong></span> <span class='ocrx_word' id='word_1_319' title='bbox 1959 2792 2184 2841; x_wconf 86' lang='lat' dir='ltr'><strong>Azotum</strong></span> <span class='ocrx_word' id='word_1_320' title='bbox 2221 2791 2624 2841; x_wconf 86' lang='lat' dir='ltr'><strong>transtulerunt.</strong></span> 
     </span>
     <span class='ocr_line' id='line_1_28' title="bbox 183 2871 2622 2944; baseline 0.003 -24"><span class='ocrx_word' id='word_1_321' title='bbox 183 2871 241 2921; x_wconf 71' lang='lat' dir='ltr'>Cf.</span> <span class='ocrx_word' id='word_1_322' title='bbox 258 2874 315 2923; x_wconf 88' lang='lat' dir='ltr'><strong>H.</strong></span> <span class='ocrx_word' id='word_1_323' title='bbox 326 2876 381 2925; x_wconf 82' lang='lat' dir='ltr'><strong>R.</strong></span> <span class='ocrx_word' id='word_1_324' title='bbox 394 2877 457 2926; x_wconf 94' lang='lat' dir='ltr'><strong>D.</strong></span> <span class='ocrx_word' id='word_1_325' title='bbox 470 2878 607 2928; x_wconf 66' lang='lat' dir='ltr'><strong>VJr.</strong></span> <span class='ocrx_word' id='word_1_326' title='bbox 620 2896 673 2944; x_wconf 90' lang='lat' dir='ltr'><strong>p.</strong></span> <span class='ocrx_word' id='word_1_327' title='bbox 688 2881 787 2928; x_wconf 91' lang='grc'><strong>127</strong></span> <span class='ocrx_word' id='word_1_328' title='bbox 793 2915 806 2928; x_wconf 95' lang='grc'><strong>.</strong></span> <span class='ocrx_word' id='word_1_329' title='bbox 828 2880 1077 2929; x_wconf 85' lang='grc'><strong>343.423.</strong></span> <span class='ocrx_word' id='word_1_330' title='bbox 1096 2879 1215 2928; x_wconf 83' lang='lat' dir='ltr'><strong>Act.</strong></span> <span class='ocrx_word' id='word_1_331' title='bbox 1225 2882 1274 2939; x_wconf 88' lang='lat'><strong>8,</strong></span> <span class='ocrx_word' id='word_1_332' title='bbox 1287 2881 1369 2929; x_wconf 83' lang='lat'>39.</span> <span class='ocrx_word' id='word_1_333' title='bbox 1395 2879 1519 2929; x_wconf 82' lang='lat' dir='ltr'><strong>Jsm</strong></span> <span class='ocrx_word' id='word_1_334' title='bbox 1544 2884 1721 2929; x_wconf 89' lang='lat' dir='ltr'><strong>autem</strong></span> <span class='ocrx_word' id='word_1_335' title='bbox 1748 2881 1792 2929; x_wconf 87' lang='lat' dir='ltr'><strong>si</strong></span> <span class='ocrx_word' id='word_1_336' title='bbox 1818 2878 2006 2944; x_wconf 83' lang='lat' dir='ltr'><strong>Angeli</strong></span> <span class='ocrx_word' id='word_1_337' title='bbox 2033 2893 2098 2927; x_wconf 88' lang='lat' dir='ltr'><strong>ea</strong></span> <span class='ocrx_word' id='word_1_338' title='bbox 2123 2878 2330 2944; x_wconf 89' lang='lat' dir='ltr'><strong>pollent</strong></span> <span class='ocrx_word' id='word_1_339' title='bbox 2351 2878 2622 2940; x_wconf 79' lang='lat' dir='ltr'><strong>facultate,</strong></span> 
     </span>
     <span class='ocr_line' id='line_1_29' title="bbox 183 2960 2624 3031; baseline 0.003 -25"><span class='ocrx_word' id='word_1_340' title='bbox 183 2960 324 3021; x_wconf 79' lang='lat' dir='ltr'><strong>quidni</strong></span> <span class='ocrx_word' id='word_1_341' title='bbox 354 2964 627 3027; x_wconf 86' lang='lat' dir='ltr'><strong>pollebunt</strong></span> <span class='ocrx_word' id='word_1_342' title='bbox 672 2966 855 3014; x_wconf 88' lang='lat' dir='ltr'><strong>itidem</strong></span> <span class='ocrx_word' id='word_1_343' title='bbox 892 2966 1019 3014; x_wconf 84' lang='lat' dir='ltr'><strong>mali</strong></span> <span class='ocrx_word' id='word_1_344' title='bbox 1058 2964 1303 3031; x_wconf 78' lang='lat' dir='ltr'><strong>Spiritus,</strong></span> <span class='ocrx_word' id='word_1_345' title='bbox 1343 2966 1579 3017; x_wconf 84' lang='lat' dir='ltr'><strong>eiusdem</strong></span> <span class='ocrx_word' id='word_1_346' title='bbox 1616 2982 1736 3015; x_wconf 90' lang='lat' dir='ltr'><strong>cum</strong></span> <span class='ocrx_word' id='word_1_347' title='bbox 1773 2966 1928 3015; x_wconf 88' lang='lat' dir='ltr'><strong>bonis</strong></span> <span class='ocrx_word' id='word_1_348' title='bbox 1977 2967 2233 3014; x_wconf 73' lang='lat' dir='ltr'><strong>naturae?</strong></span> <span class='ocrx_word' id='word_1_349' title='bbox 2290 2966 2624 3029; x_wconf 77' lang='lat' dir='ltr'><strong>Quamquam</strong></span> 
     </span>
     <span class='ocr_line' id='line_1_30' title="bbox 183 3046 2623 3117; baseline 0.003 -23"><span class='ocrx_word' id='word_1_350' title='bbox 183 3046 287 3094; x_wconf 80' lang='lat' dir='ltr'><strong>enim</strong></span> <span class='ocrx_word' id='word_1_351' title='bbox 326 3047 373 3097; x_wconf 89' lang='lat' dir='ltr'><strong>hi</strong></span> <span class='ocrx_word' id='word_1_352' title='bbox 414 3064 447 3099; x_wconf 89' lang='lat' dir='ltr'><strong>a</strong></span> <span class='ocrx_word' id='word_1_353' title='bbox 488 3053 769 3116; x_wconf 78' lang='lat' dir='ltr'><strong>primaeva</strong></span> <span class='ocrx_word' id='word_1_354' title='bbox 813 3066 912 3101; x_wconf 81' lang='lat' dir='ltr'><strong>sua</strong></span> <span class='ocrx_word' id='word_1_355' title='bbox 958 3052 1263 3101; x_wconf 87' lang='lat' dir='ltr'><strong>conditione</strong></span> <span class='ocrx_word' id='word_1_356' title='bbox 1310 3052 1626 3114; x_wconf 81' lang='lat' dir='ltr'><strong>exciderint,</strong></span> <span class='ocrx_word' id='word_1_357' title='bbox 1673 3052 1925 3117; x_wconf 86' lang='lat' dir='ltr'><strong>ingenitis</strong></span> <span class='ocrx_word' id='word_1_358' title='bbox 1977 3056 2156 3101; x_wconf 86' lang='lat' dir='ltr'><strong>tamen</strong></span> <span class='ocrx_word' id='word_1_359' title='bbox 2208 3050 2623 3116; x_wconf 86' lang='lat' dir='ltr'><strong>proprietatibus</strong></span> 
     </span>
     <span class='ocr_line' id='line_1_31' title="bbox 182 3135 2624 3201; baseline 0.002 -22"><span class='ocrx_word' id='word_1_360' title='bbox 182 3146 261 3179; x_wconf 81' lang='lat' dir='ltr'><strong>nou</strong></span> <span class='ocrx_word' id='word_1_361' title='bbox 290 3135 419 3185; x_wconf 83' lang='lat' dir='ltr'><strong>fuere</strong></span> <span class='ocrx_word' id='word_1_362' title='bbox 456 3138 688 3201; x_wconf 77' lang='lat' dir='ltr'><strong>spoliati.</strong></span> <span class='ocrx_word' id='word_1_363' title='bbox 749 3137 903 3187; x_wconf 77' lang='lat' dir='ltr'><strong>Adde</strong></span> <span class='ocrx_word' id='word_1_364' title='bbox 936 3138 1059 3188; x_wconf 83' lang='lat' dir='ltr'><strong>loca</strong></span> <span class='ocrx_word' id='word_1_365' title='bbox 1090 3136 1280 3188; x_wconf 84' lang='lat' dir='ltr'><strong>Matth.</strong></span> <span class='ocrx_word' id='word_1_366' title='bbox 1322 3140 1411 3201; x_wconf 92' lang='grc'><strong>17,</strong></span> <span class='ocrx_word' id='word_1_367' title='bbox 1438 3140 1488 3187; x_wconf 89' lang='grc'><strong>5.</strong></span> <span class='ocrx_word' id='word_1_368' title='bbox 1532 3138 1698 3187; x_wconf 82' lang='lat' dir='ltr'><strong>Marc.</strong></span> <span class='ocrx_word' id='word_1_369' title='bbox 1733 3140 1782 3200; x_wconf 83' lang='lat'><strong>5,</strong></span> <span class='ocrx_word' id='word_1_370' title='bbox 1808 3140 1859 3187; x_wconf 85' lang='lat'><strong>4.</strong></span> <span class='ocrx_word' id='word_1_371' title='bbox 1896 3140 1944 3199; x_wconf 90' lang='grc'><strong>9,</strong></span> <span class='ocrx_word' id='word_1_372' title='bbox 1981 3139 2063 3186; x_wconf 87' lang='grc'><strong>21.</strong></span> <span class='ocrx_word' id='word_1_373' title='bbox 2099 3138 2232 3186; x_wconf 89' lang='lat' dir='ltr'><strong>Luc.</strong></span> <span class='ocrx_word' id='word_1_374' title='bbox 2260 3138 2310 3198; x_wconf 88' lang='lat'><strong>8,</strong></span> <span class='ocrx_word' id='word_1_375' title='bbox 2335 3139 2418 3186; x_wconf 91' lang='grc'><strong>28.</strong></span> <span class='ocrx_word' id='word_1_376' title='bbox 2448 3138 2531 3186; x_wconf 91' lang='grc'><strong>29.</strong></span> <span class='ocrx_word' id='word_1_377' title='bbox 2570 3141 2624 3186; x_wconf 88' lang='lat' dir='ltr'><strong>et</strong></span> 
     </span>
     <span class='ocr_line' id='line_1_32' title="bbox 183 3218 2624 3289; baseline 0.003 -25"><span class='ocrx_word' id='word_1_378' title='bbox 183 3218 290 3279; x_wconf 84' lang='lat' dir='ltr'><strong>quod</strong></span> <span class='ocrx_word' id='word_1_379' title='bbox 306 3236 343 3268; x_wconf 83' lang='lat' dir='ltr'><strong>s.</strong></span> <span class='ocrx_word' id='word_1_380' title='bbox 358 3222 415 3270; x_wconf 92' lang='lat' dir='ltr'><strong>P.</strong></span> <span class='ocrx_word' id='word_1_381' title='bbox 424 3223 482 3272; x_wconf 95' lang='lat' dir='ltr'><strong>P.</strong></span> <span class='ocrx_word' id='word_1_382' title='bbox 496 3224 612 3273; x_wconf 86' lang='lat' dir='ltr'><strong>etS.</strong></span> <span class='ocrx_word' id='word_1_383' title='bbox 626 3224 689 3274; x_wconf 80' lang='lat' dir='ltr'><strong>E.</strong></span> <span class='ocrx_word' id='word_1_384' title='bbox 712 3224 778 3273; x_wconf 86' lang='lat' dir='ltr'><strong>de</strong></span> <span class='ocrx_word' id='word_1_385' title='bbox 800 3223 1015 3274; x_wconf 85' lang='lat' dir='ltr'><strong>Simone</strong></span> <span class='ocrx_word' id='word_1_386' title='bbox 1032 3225 1192 3289; x_wconf 84' lang='lat' dir='ltr'><strong>Mago</strong></span> <span class='ocrx_word' id='word_1_387' title='bbox 1212 3225 1467 3275; x_wconf 87' lang='lat' dir='ltr'><strong>scribunt.</strong></span> <span class='ocrx_word' id='word_1_388' title='bbox 1487 3225 1607 3274; x_wconf 90' lang='lat' dir='ltr'><strong>Non</strong></span> <span class='ocrx_word' id='word_1_389' title='bbox 1628 3224 1754 3274; x_wconf 87' lang='lat' dir='ltr'><strong>licet</strong></span> <span class='ocrx_word' id='word_1_390' title='bbox 1765 3223 1988 3287; x_wconf 87' lang='lat' dir='ltr'><strong>proinde</strong></span> <span class='ocrx_word' id='word_1_391' title='bbox 2009 3222 2208 3274; x_wconf 88' lang='lat' dir='ltr'><strong>diaboli</strong></span> <span class='ocrx_word' id='word_1_392' title='bbox 2234 3223 2551 3274; x_wconf 85' lang='lat' dir='ltr'><strong>industriam</strong></span> <span class='ocrx_word' id='word_1_393' title='bbox 2571 3228 2624 3273; x_wconf 88' lang='lat' dir='ltr'><strong>et</strong></span> 
     </span>
     <span class='ocr_line' id='line_1_33' title="bbox 180 3304 2618 3377; baseline 0.001 -20"><span class='ocrx_word' id='word_1_394' title='bbox 180 3304 303 3363; x_wconf 64' lang='lat' dir='ltr'><strong>vires,</strong></span> <span class='ocrx_word' id='word_1_395' title='bbox 336 3324 395 3357; x_wconf 83' lang='lat' dir='ltr'><strong>ex</strong></span> <span class='ocrx_word' id='word_1_396' title='bbox 438 3311 633 3361; x_wconf 85' lang='lat' dir='ltr'><strong>nostris</strong></span> <span class='ocrx_word' id='word_1_397' title='bbox 678 3312 869 3360; x_wconf 85' lang='lat' dir='ltr'><strong>metiri.</strong></span> <span class='ocrx_word' id='word_1_398' title='bbox 928 3312 1065 3361; x_wconf 88' lang='lat' dir='ltr'><strong>Tum</strong></span> <span class='ocrx_word' id='word_1_399' title='bbox 1109 3311 1319 3361; x_wconf 89' lang='lat' dir='ltr'><strong>demum</strong></span> <span class='ocrx_word' id='word_1_400' title='bbox 1362 3316 1549 3377; x_wconf 89' lang='lat' dir='ltr'><strong>posset</strong></span> <span class='ocrx_word' id='word_1_401' title='bbox 1590 3310 1786 3377; x_wconf 84' lang='lat' dir='ltr'><strong>aliquis</strong></span> <span class='ocrx_word' id='word_1_402' title='bbox 1831 3326 1940 3360; x_wconf 91' lang='lat' dir='ltr'><strong>non</strong></span> <span class='ocrx_word' id='word_1_403' title='bbox 1977 3326 2131 3360; x_wconf 88' lang='lat' dir='ltr'><strong>nemo</strong></span> <span class='ocrx_word' id='word_1_404' title='bbox 2176 3310 2418 3371; x_wconf 85' lang='lat' dir='ltr'><strong>definire,</strong></span> <span class='ocrx_word' id='word_1_405' title='bbox 2471 3308 2618 3375; x_wconf 88' lang='lat' dir='ltr'><strong>quod</strong></span> 
     </span>
     <span class='ocr_line' id='line_1_34' title="bbox 182 3396 2624 3463; baseline 0.002 -24"><span class='ocrx_word' id='word_1_406' title='bbox 182 3401 403 3451; x_wconf 69' lang='lat' dir='ltr'><strong>praestare</strong></span> <span class='ocrx_word' id='word_1_407' title='bbox 434 3397 581 3447; x_wconf 80' lang='lat' dir='ltr'><strong>valet</strong></span> <span class='ocrx_word' id='word_1_408' title='bbox 616 3397 894 3460; x_wconf 84' lang='lat' dir='ltr'><strong>diabolus,</strong></span> <span class='ocrx_word' id='word_1_409' title='bbox 934 3398 1147 3463; x_wconf 79' lang='lat' dir='ltr'><strong>quando</strong></span> <span class='ocrx_word' id='word_1_410' title='bbox 1192 3398 1355 3448; x_wconf 84' lang='lat' dir='ltr'><strong>fuerit</strong></span> <span class='ocrx_word' id='word_1_411' title='bbox 1389 3398 1633 3448; x_wconf 86' lang='lat' dir='ltr'><strong>daemon.</strong></span> <span class='ocrx_word' id='word_1_412' title='bbox 1692 3396 1776 3446; x_wconf 87' lang='lat' dir='ltr'><strong>Ad</strong></span> <span class='ocrx_word' id='word_1_413' title='bbox 1811 3397 1946 3447; x_wconf 86' lang='lat' dir='ltr'><strong>haec</strong></span> <span class='ocrx_word' id='word_1_414' title='bbox 1999 3397 2051 3446; x_wconf 94' lang='lat' dir='ltr'>b.</span> <span class='ocrx_word' id='word_1_415' title='bbox 2088 3398 2297 3462; x_wconf 80' lang='lat' dir='ltr'><strong>quoties</strong></span> <span class='ocrx_word' id='word_1_416' title='bbox 2335 3396 2390 3445; x_wconf 89' lang='lat' dir='ltr'>S.</span> <span class='ocrx_word' id='word_1_417' title='bbox 2414 3397 2624 3461; x_wconf 78' lang='lat' dir='ltr'><strong>Pagina</strong></span> 
     </span>
     <span class='ocr_line' id='line_1_35' title="bbox 181 3479 2622 3549; baseline 0.004 -26"><span class='ocrx_word' id='word_1_418' title='bbox 181 3479 494 3533; x_wconf 77' lang='lat' dir='ltr'><strong>translationis</strong></span> <span class='ocrx_word' id='word_1_419' title='bbox 530 3484 759 3534; x_wconf 87' lang='lat' dir='ltr'><strong>alicuius</strong></span> <span class='ocrx_word' id='word_1_420' title='bbox 796 3486 1118 3535; x_wconf 84' lang='lat' dir='ltr'><strong>mentionem</strong></span> <span class='ocrx_word' id='word_1_421' title='bbox 1154 3484 1299 3545; x_wconf 84' lang='lat' dir='ltr'><strong>facit,</strong></span> <span class='ocrx_word' id='word_1_422' title='bbox 1340 3500 1439 3534; x_wconf 90' lang='lat' dir='ltr'><strong>nec</strong></span> <span class='ocrx_word' id='word_1_423' title='bbox 1474 3484 1671 3545; x_wconf 86' lang='lat' dir='ltr'><strong>subdit,</strong></span> <span class='ocrx_word' id='word_1_424' title='bbox 1711 3499 1828 3533; x_wconf 89' lang='lat' dir='ltr'><strong>eam</strong></span> <span class='ocrx_word' id='word_1_425' title='bbox 1863 3484 2053 3549; x_wconf 88' lang='lat' dir='ltr'><strong>spiritu</strong></span> <span class='ocrx_word' id='word_1_426' title='bbox 2088 3488 2182 3533; x_wconf 88' lang='lat' dir='ltr'><strong>aut</strong></span> <span class='ocrx_word' id='word_1_427' title='bbox 2216 3484 2420 3533; x_wconf 80' lang='lat' dir='ltr'><strong>visione</strong></span> <span class='ocrx_word' id='word_1_428' title='bbox 2457 3483 2622 3533; x_wconf 81' lang='lat' dir='ltr'><strong>fuisse</strong></span> 
     </span>
     <span class='ocr_line' id='line_1_36' title="bbox 182 3569 2622 3635; baseline 0.004 -26"><span class='ocrx_word' id='word_1_429' title='bbox 182 3569 453 3629; x_wconf 70' lang='lat' dir='ltr'><strong>praestitam,</strong></span> <span class='ocrx_word' id='word_1_430' title='bbox 488 3572 647 3621; x_wconf 83' lang='lat' dir='ltr'><strong>toties</strong></span> <span class='ocrx_word' id='word_1_431' title='bbox 684 3571 883 3620; x_wconf 84' lang='lat' dir='ltr'><strong>realem</strong></span> <span class='ocrx_word' id='word_1_432' title='bbox 918 3570 1183 3635; x_wconf 79' lang='lat' dir='ltr'><strong>intelligit.</strong></span> <span class='ocrx_word' id='word_1_433' title='bbox 1215 3571 1287 3620; x_wconf 81' lang='lat' dir='ltr'><strong>At</strong></span> <span class='ocrx_word' id='word_1_434' title='bbox 1308 3571 1447 3620; x_wconf 90' lang='lat' dir='ltr'><strong>idem</strong></span> <span class='ocrx_word' id='word_1_435' title='bbox 1475 3572 1688 3619; x_wconf 89' lang='lat' dir='ltr'><strong>minime</strong></span> <span class='ocrx_word' id='word_1_436' title='bbox 1724 3569 2008 3619; x_wconf 88' lang='lat' dir='ltr'><strong>dicendum</strong></span> <span class='ocrx_word' id='word_1_437' title='bbox 2031 3570 2098 3619; x_wconf 89' lang='lat' dir='ltr'><strong>de</strong></span> <span class='ocrx_word' id='word_1_438' title='bbox 2121 3585 2296 3619; x_wconf 86' lang='lat' dir='ltr'><strong>rerum</strong></span> <span class='ocrx_word' id='word_1_439' title='bbox 2333 3570 2622 3633; x_wconf 88' lang='lat' dir='ltr'><strong>oblatione,</strong></span> 
     </span>
     <span class='ocr_line' id='line_1_37' title="bbox 178 3653 2620 3723; baseline 0.005 -28"><span class='ocrx_word' id='word_1_440' title='bbox 178 3658 247 3697; x_wconf 71' lang='lat' dir='ltr'><strong>aut</strong></span> <span class='ocrx_word' id='word_1_441' title='bbox 276 3653 449 3704; x_wconf 83' lang='lat' dir='ltr'><strong>intuitu</strong></span> <span class='ocrx_word' id='word_1_442' title='bbox 486 3672 582 3721; x_wconf 89' lang='lat' dir='ltr'><strong>per</strong></span> <span class='ocrx_word' id='word_1_443' title='bbox 616 3658 893 3719; x_wconf 79' lang='lat' dir='ltr'><strong>visionem,</strong></span> <span class='ocrx_word' id='word_1_444' title='bbox 920 3672 1057 3723; x_wconf 86' lang='lat' dir='ltr'><strong>quae</strong></span> <span class='ocrx_word' id='word_1_445' title='bbox 1098 3658 1409 3722; x_wconf 79' lang='lat' dir='ltr'><strong>saepissime</strong></span> <span class='ocrx_word' id='word_1_446' title='bbox 1446 3660 1658 3707; x_wconf 84' lang='lat' dir='ltr'><strong>exstant</strong></span> <span class='ocrx_word' id='word_1_447' title='bbox 1680 3658 1736 3705; x_wconf 90' lang='lat' dir='ltr'><strong>in</strong></span> <span class='ocrx_word' id='word_1_448' title='bbox 1762 3656 1921 3706; x_wconf 86' lang='lat' dir='ltr'><strong>rebus</strong></span> <span class='ocrx_word' id='word_1_449' title='bbox 1958 3657 2138 3719; x_wconf 88' lang='lat' dir='ltr'><strong>specie</strong></span> <span class='ocrx_word' id='word_1_450' title='bbox 2163 3656 2290 3708; x_wconf 81' lang='lat' dir='ltr'><strong>sola.</strong></span> <span class='ocrx_word' id='word_1_451' title='bbox 2305 3656 2620 3707; x_wconf 87' lang='lat' dir='ltr'><strong>observatis.</strong></span> 
     </span>
     <span class='ocr_line' id='line_1_38' title="bbox 181 3733 2618 3805; baseline 0.005 -24"><span class='ocrx_word' id='word_1_452' title='bbox 181 3733 395 3803; x_wconf 70' lang='lat' dir='ltr'><strong>Exempla</strong></span> <span class='ocrx_word' id='word_1_453' title='bbox 410 3741 563 3793; x_wconf 90' lang='lat' dir='ltr'><strong>huius</strong></span> <span class='ocrx_word' id='word_1_454' title='bbox 590 3750 778 3794; x_wconf 86' lang='lat' dir='ltr'><strong>sunto:</strong></span> <span class='ocrx_word' id='word_1_455' title='bbox 816 3744 991 3793; x_wconf 85' lang='lat' dir='ltr'><strong>Exod.</strong></span> <span class='ocrx_word' id='word_1_456' title='bbox 1016 3746 1101 3805; x_wconf 81' lang='grc'><strong>25,</strong></span> <span class='ocrx_word' id='word_1_457' title='bbox 1128 3746 1175 3793; x_wconf 88' lang='grc'><strong>9.</strong></span> <span class='ocrx_word' id='word_1_458' title='bbox 1202 3744 1357 3793; x_wconf 88' lang='lat' dir='ltr'><strong>Num.</strong></span> <span class='ocrx_word' id='word_1_459' title='bbox 1382 3745 1431 3805; x_wconf 89' lang='lat'><strong>8,</strong></span> <span class='ocrx_word' id='word_1_460' title='bbox 1458 3745 1509 3793; x_wconf 84' lang='lat'>4.</span> <span class='ocrx_word' id='word_1_461' title='bbox 1546 3744 1656 3792; x_wconf 86' lang='lat' dir='ltr'><strong>Jer.</strong></span> <span class='ocrx_word' id='word_1_462' title='bbox 1685 3745 1768 3805; x_wconf 88' lang='grc'><strong>24,</strong></span> <span class='ocrx_word' id='word_1_463' title='bbox 1798 3748 1843 3792; x_wconf 94' lang='grc'><strong>1.</strong></span> <span class='ocrx_word' id='word_1_464' title='bbox 1881 3743 2078 3793; x_wconf 84' lang='lat' dir='ltr'><strong>Ezech.</strong></span> <span class='ocrx_word' id='word_1_465' title='bbox 2103 3744 2188 3804; x_wconf 89' lang='grc'><strong>40,</strong></span> <span class='ocrx_word' id='word_1_466' title='bbox 2214 3744 2264 3793; x_wconf 87' lang='grc'><strong>4.</strong></span> <span class='ocrx_word' id='word_1_467' title='bbox 2301 3743 2466 3793; x_wconf 89' lang='lat' dir='ltr'><strong>Hebr.</strong></span> <span class='ocrx_word' id='word_1_468' title='bbox 2493 3744 2542 3805; x_wconf 84' lang='lat'><strong>8,</strong></span> <span class='ocrx_word' id='word_1_469' title='bbox 2569 3746 2618 3793; x_wconf 88' lang='grc'><strong>5.</strong></span> 
     </span>
     <span class='ocr_line' id='line_1_39' title="bbox 178 3820 2617 3894; baseline 0.002 -19"><span class='ocrx_word' id='word_1_470' title='bbox 178 3820 307 3885; x_wconf 76' lang='lat' dir='ltr'><strong>Apoc-</strong></span> <span class='ocrx_word' id='word_1_471' title='bbox 334 3828 381 3887; x_wconf 78' lang='lat'><strong>4,</strong></span> <span class='ocrx_word' id='word_1_472' title='bbox 415 3831 463 3877; x_wconf 90' lang='lat'><strong>1.</strong></span> <span class='ocrx_word' id='word_1_473' title='bbox 510 3828 843 3894; x_wconf 85' lang='lat' dir='ltr'><strong>Rursumque</strong></span> <span class='ocrx_word' id='word_1_474' title='bbox 878 3830 1045 3894; x_wconf 86' lang='lat' dir='ltr'><strong>Apoc.</strong></span> <span class='ocrx_word' id='word_1_475' title='bbox 1084 3832 1165 3891; x_wconf 86' lang='grc'><strong>17,</strong></span> <span class='ocrx_word' id='word_1_476' title='bbox 1200 3832 1249 3879; x_wconf 88' lang='grc'><strong>3.</strong></span> <span class='ocrx_word' id='word_1_477' title='bbox 1292 3832 1375 3891; x_wconf 89' lang='grc'><strong>21,</strong></span> <span class='ocrx_word' id='word_1_478' title='bbox 1413 3833 1493 3879; x_wconf 91' lang='grc'><strong>10.</strong></span> <span class='ocrx_word' id='word_1_479' title='bbox 1554 3829 1619 3879; x_wconf 85' lang='grc' dir='ltr'><strong>Ῑιι</strong></span> <span class='ocrx_word' id='word_1_480' title='bbox 1656 3829 1802 3879; x_wconf 87' lang='lat' dir='ltr'><strong>hisce</strong></span> <span class='ocrx_word' id='word_1_481' title='bbox 1841 3830 2086 3879; x_wconf 86' lang='lat' dir='ltr'><strong>omnibus</strong></span> <span class='ocrx_word' id='word_1_482' title='bbox 2124 3828 2255 3879; x_wconf 88' lang='lat' dir='ltr'><strong>locis</strong></span> <span class='ocrx_word' id='word_1_483' title='bbox 2293 3829 2394 3879; x_wconf 88' lang='lat' dir='ltr'><strong>hae</strong></span> <span class='ocrx_word' id='word_1_484' title='bbox 2430 3846 2617 3879; x_wconf 87' lang='lat' dir='ltr'><strong>voces:</strong></span> 
     </span>
     <span class='ocr_line' id='line_1_40' title="bbox 178 3910 2621 3981; baseline 0.004 -25"><span class='ocrx_word' id='word_1_485' title='bbox 178 3910 363 3972; x_wconf 70' lang='lat' dir='ltr'><strong>risione,</strong></span> <span class='ocrx_word' id='word_1_486' title='bbox 396 3916 597 3965; x_wconf 77' lang='lat' dir='ltr'><strong>visione</strong></span> <span class='ocrx_word' id='word_1_487' title='bbox 635 3916 769 3977; x_wconf 87' lang='lat' dir='ltr'><strong>Dei,</strong></span> <span class='ocrx_word' id='word_1_488' title='bbox 808 3917 1019 3981; x_wconf 87' lang='lat' dir='ltr'><strong>spiritu,</strong></span> <span class='ocrx_word' id='word_1_489' title='bbox 1059 3932 1153 3981; x_wconf 91' lang='lat' dir='ltr'><strong>per</strong></span> <span class='ocrx_word' id='word_1_490' title='bbox 1187 3917 1292 3966; x_wconf 89' lang='lat' dir='ltr'><strong>Dei</strong></span> <span class='ocrx_word' id='word_1_491' title='bbox 1330 3914 1607 3981; x_wconf 87' lang='lat' dir='ltr'><strong>Spiritum,</strong></span> <span class='ocrx_word' id='word_1_492' title='bbox 1647 3916 1930 3981; x_wconf 87' lang='lat' dir='ltr'><strong>perspicue</strong></span> <span class='ocrx_word' id='word_1_493' title='bbox 1967 3916 2254 3966; x_wconf 83' lang='lat' dir='ltr'><strong>ostendunt</strong></span> <span class='ocrx_word' id='word_1_494' title='bbox 2289 3915 2356 3965; x_wconf 89' lang='lat' dir='ltr'><strong>de</strong></span> <span class='ocrx_word' id='word_1_495' title='bbox 2399 3914 2621 3980; x_wconf 84' lang='lat' dir='ltr'><strong>physica</strong></span> 
     </span>
     <span class='ocr_line' id='line_1_41' title="bbox 178 3998 2616 4066; baseline 0.002 -21"><span class='ocrx_word' id='word_1_496' title='bbox 178 4002 215 4039; x_wconf 68' lang='lat'><strong>⁴²8</strong></span> <span class='ocrx_word' id='word_1_497' title='bbox 258 3998 369 4047; x_wconf 68' lang='lat' dir='ltr'><strong>reali</strong></span> <span class='ocrx_word' id='word_1_498' title='bbox 419 4003 767 4053; x_wconf 81' lang='lat' dir='ltr'><strong>translatione</strong></span> <span class='ocrx_word' id='word_1_499' title='bbox 819 4002 897 4051; x_wconf 91' lang='lat' dir='ltr'><strong>ibi</strong></span> <span class='ocrx_word' id='word_1_500' title='bbox 950 4018 1247 4054; x_wconf 86' lang='lat' dir='ltr'><strong>sermonem</strong></span> <span class='ocrx_word' id='word_1_501' title='bbox 1298 4018 1409 4053; x_wconf 89' lang='lat' dir='ltr'><strong>non</strong></span> <span class='ocrx_word' id='word_1_502' title='bbox 1462 4002 1666 4052; x_wconf 85' lang='lat' dir='ltr'><strong>haberi.</strong></span> <span class='ocrx_word' id='word_1_503' title='bbox 1735 4004 1934 4051; x_wconf 88' lang='lat' dir='ltr'><strong>Verum</strong></span> <span class='ocrx_word' id='word_1_504' title='bbox 1987 4003 2044 4061; x_wconf 85' lang='lat' dir='ltr'><strong>in</strong></span> <span class='ocrx_word' id='word_1_505' title='bbox 2098 4018 2161 4052; x_wconf 89' lang='lat' dir='ltr'><strong>eo</strong></span> <span class='ocrx_word' id='word_1_506' title='bbox 2215 4001 2335 4052; x_wconf 88' lang='lat' dir='ltr'><strong>loco</strong></span> <span class='ocrx_word' id='word_1_507' title='bbox 2391 4000 2456 4050; x_wconf 90' lang='lat' dir='ltr'><strong>de</strong></span> <span class='ocrx_word' id='word_1_508' title='bbox 2511 4016 2616 4066; x_wconf 91' lang='lat' dir='ltr'><strong>quo</strong></span> 
     </span>
     <span class='ocr_line' id='line_1_42' title="bbox 177 4078 2618 4154; baseline 0.001 -19"><span class='ocrx_word' id='word_1_509' title='bbox 177 4078 459 4145; x_wconf 58' lang='lat' dir='ltr'><strong>disputamus</strong></span> <span class='ocrx_word' id='word_1_510' title='bbox 496 4087 771 4154; x_wconf 83' lang='lat' dir='ltr'><strong>Scriptura</strong></span> <span class='ocrx_word' id='word_1_511' title='bbox 804 4088 947 4139; x_wconf 86' lang='lat' dir='ltr'><strong>nude</strong></span> <span class='ocrx_word' id='word_1_512' title='bbox 983 4089 1201 4154; x_wconf 84' lang='lat' dir='ltr'><strong>exponit</strong></span> <span class='ocrx_word' id='word_1_513' title='bbox 1236 4090 1533 4139; x_wconf 85' lang='lat' dir='ltr'><strong>diabolum:</strong></span> <span class='ocrx_word' id='word_1_514' title='bbox 1582 4088 1848 4138; x_wconf 86' lang='lat' dir='ltr'><strong>Christum</strong></span> <span class='ocrx_word' id='word_1_515' title='bbox 1885 4088 2200 4139; x_wconf 83' lang='lat' dir='ltr'><strong>assumsisse</strong></span> <span class='ocrx_word' id='word_1_516' title='bbox 2243 4086 2330 4136; x_wconf 85' lang='lat' dir='ltr'><strong>vel</strong></span> <span class='ocrx_word' id='word_1_517' title='bbox 2367 4088 2618 4137; x_wconf 82' lang='lat' dir='ltr'><strong>statuisse</strong></span> 
     </span>
     <span class='ocr_line' id='line_1_43' title="bbox 178 4166 2617 4241; baseline 0.002 -22"><span class='ocrx_word' id='word_1_518' title='bbox 178 4166 217 4213; x_wconf 79' lang='lat' dir='ltr'><strong>in</strong></span> <span class='ocrx_word' id='word_1_519' title='bbox 235 4170 497 4231; x_wconf 80' lang='lat' dir='ltr'><strong>pinnaculo</strong></span> <span class='ocrx_word' id='word_1_520' title='bbox 518 4175 745 4239; x_wconf 88' lang='lat' dir='ltr'><strong>Templi.</strong></span> <span class='ocrx_word' id='word_1_521' title='bbox 769 4176 841 4224; x_wconf 92' lang='lat' dir='ltr'>D.</span> <span class='ocrx_word' id='word_1_522' title='bbox 866 4192 916 4240; x_wconf 92' lang='lat' dir='ltr'><strong>q.</strong></span> <span class='ocrx_word' id='word_1_523' title='bbox 938 4192 987 4224; x_wconf 79' lang='lat' dir='ltr'><strong>v.</strong></span> <span class='ocrx_word' id='word_1_524' title='bbox 1014 4177 1135 4225; x_wconf 88' lang='lat' dir='ltr'><strong>Not.</strong></span> <span class='ocrx_word' id='word_1_525' title='bbox 1160 4180 1196 4224; x_wconf 89' lang='lat' dir='ltr'><strong>t.</strong></span> <span class='ocrx_word' id='word_1_526' title='bbox 1218 4192 1259 4226; x_wconf 84' lang='lat' dir='ltr'><strong>s.</strong></span> <span class='ocrx_word' id='word_1_527' title='bbox 1286 4191 1465 4240; x_wconf 84' lang='lat' dir='ltr'><strong>geogr.</strong></span> <span class='ocrx_word' id='word_1_528' title='bbox 1487 4192 1538 4241; x_wconf 90' lang='lat' dir='ltr'><strong>p.</strong></span> <span class='ocrx_word' id='word_1_529' title='bbox 1564 4176 1862 4225; x_wconf 79' lang='lat' dir='ltr'>LXXVIII.</span> <span class='ocrx_word' id='word_1_530' title='bbox 1889 4176 2028 4225; x_wconf 89' lang='lat' dir='ltr'><strong>Hist.</strong></span> <span class='ocrx_word' id='word_1_531' title='bbox 2053 4175 2116 4223; x_wconf 84' lang='lat' dir='ltr'><strong>R..</strong></span> <span class='ocrx_word' id='word_1_532' title='bbox 2142 4174 2210 4223; x_wconf 93' lang='lat' dir='ltr'><strong>D.</strong></span> <span class='ocrx_word' id='word_1_533' title='bbox 2236 4174 2300 4223; x_wconf 89' lang='lat' dir='ltr'><strong>V.</strong></span> <span class='ocrx_word' id='word_1_534' title='bbox 2329 4174 2392 4223; x_wconf 87' lang='lat' dir='ltr'><strong>T.</strong></span> <span class='ocrx_word' id='word_1_535' title='bbox 2419 4191 2472 4239; x_wconf 91' lang='lat' dir='ltr'><strong>p.</strong></span> <span class='ocrx_word' id='word_1_536' title='bbox 2497 4174 2617 4225; x_wconf 84' lang='lat'>498.</span> 
     </span>
     <span class='ocr_line' id='line_1_44' title="bbox 178 4250 2618 4325; baseline 0.002 -20"><span class='ocrx_word' id='word_1_537' title='bbox 178 4250 279 4303; x_wconf 78' lang='lat' dir='ltr'><strong>Cum</strong></span> <span class='ocrx_word' id='word_1_538' title='bbox 312 4272 429 4323; x_wconf 81' lang='lat' dir='ltr'><strong>ergo</strong></span> <span class='ocrx_word' id='word_1_539' title='bbox 467 4260 682 4311; x_wconf 87' lang='lat' dir='ltr'><strong>dicitur:</strong></span> <span class='ocrx_word' id='word_1_540' title='bbox 722 4266 885 4322; x_wconf 84' lang='lat' dir='ltr'><strong>„tunc</strong></span> <span class='ocrx_word' id='word_1_541' title='bbox 914 4263 1162 4312; x_wconf 83' lang='lat' dir='ltr'><strong>assumsit</strong></span> <span class='ocrx_word' id='word_1_542' title='bbox 1180 4278 1299 4313; x_wconf 89' lang='lat' dir='ltr'><strong>eum</strong></span> <span class='ocrx_word' id='word_1_543' title='bbox 1330 4262 1575 4313; x_wconf 85' lang='lat' dir='ltr'><strong>diabolus</strong></span> <span class='ocrx_word' id='word_1_544' title='bbox 1614 4266 1668 4312; x_wconf 89' lang='lat' dir='ltr'><strong>et</strong></span> <span class='ocrx_word' id='word_1_545' title='bbox 1703 4263 1890 4313; x_wconf 85' lang='lat' dir='ltr'><strong>statuit</strong></span> <span class='ocrx_word' id='word_1_546' title='bbox 1923 4277 2043 4311; x_wconf 91' lang='lat' dir='ltr'><strong>eum</strong></span> <span class='ocrx_word' id='word_1_547' title='bbox 2079 4276 2240 4325; x_wconf 87' lang='lat' dir='ltr'><strong>super</strong></span> <span class='ocrx_word' id='word_1_548' title='bbox 2273 4260 2618 4325; x_wconf 89' lang='lat' dir='ltr'><strong>pinnaculum</strong></span> 
     </span>
     <span class='ocr_line' id='line_1_45' title="bbox 178 4342 2619 4412; baseline 0.003 -22"><span class='ocrx_word' id='word_1_549' title='bbox 178 4342 342 4403; x_wconf 71' lang='lat' dir='ltr'><strong>templi,</strong></span> <span class='ocrx_word' id='word_1_550' title='bbox 376 4350 429 4393; x_wconf 86' lang='lat' dir='ltr'><strong>et</strong></span> <span class='ocrx_word' id='word_1_551' title='bbox 464 4346 590 4396; x_wconf 80' lang='lat' dir='ltr'><strong>dixit</strong></span> <span class='ocrx_word' id='word_1_552' title='bbox 624 4350 694 4409; x_wconf 89' lang='lat' dir='ltr'><strong>ei,</strong></span> <span class='ocrx_word' id='word_1_553' title='bbox 734 4349 781 4397; x_wconf 87' lang='lat' dir='ltr'><strong>si</strong></span> <span class='ocrx_word' id='word_1_554' title='bbox 816 4346 955 4397; x_wconf 85' lang='lat' dir='ltr'><strong>filius</strong></span> <span class='ocrx_word' id='word_1_555' title='bbox 979 4348 1083 4398; x_wconf 89' lang='lat' dir='ltr'><strong>Dei</strong></span> <span class='ocrx_word' id='word_1_556' title='bbox 1121 4364 1195 4409; x_wconf 88' lang='lat' dir='ltr'><strong>es,</strong></span> <span class='ocrx_word' id='word_1_557' title='bbox 1232 4350 1381 4399; x_wconf 84' lang='lat' dir='ltr'><strong>mitte</strong></span> <span class='ocrx_word' id='word_1_558' title='bbox 1426 4354 1477 4398; x_wconf 87' lang='lat' dir='ltr'><strong>te</strong></span> <span class='ocrx_word' id='word_1_559' title='bbox 1516 4348 1816 4409; x_wconf 87' lang='lat' dir='ltr'><strong>deorsum“,</strong></span> <span class='ocrx_word' id='word_1_560' title='bbox 1855 4364 1920 4397; x_wconf 88' lang='lat' dir='ltr'><strong>ex</strong></span> <span class='ocrx_word' id='word_1_561' title='bbox 1965 4347 2289 4412; x_wconf 89' lang='lat' dir='ltr'><strong>proprietate</strong></span> <span class='ocrx_word' id='word_1_562' title='bbox 2333 4348 2619 4397; x_wconf 86' lang='lat' dir='ltr'><strong>verborum</strong></span> 
     </span>
     <span class='ocr_line' id='line_1_46' title="bbox 176 4422 2618 4500; baseline 0.004 -24"><span class='ocrx_word' id='word_1_563' title='bbox 176 4422 337 4479; x_wconf 69' lang='lat' dir='ltr'><strong>&#39;roms</strong></span> <span class='ocrx_word' id='word_1_564' title='bbox 370 4434 613 4498; x_wconf 77' lang='lat' dir='ltr'><strong>sequitur,</strong></span> <span class='ocrx_word' id='word_1_565' title='bbox 654 4433 924 4483; x_wconf 81' lang='lat' dir='ltr'><strong>Christum</strong></span> <span class='ocrx_word' id='word_1_566' title='bbox 959 4450 1067 4485; x_wconf 88' lang='lat' dir='ltr'><strong>non</strong></span> <span class='ocrx_word' id='word_1_567' title='bbox 1112 4437 1291 4500; x_wconf 85' lang='lat' dir='ltr'><strong>specie</strong></span> <span class='ocrx_word' id='word_1_568' title='bbox 1327 4434 1421 4485; x_wconf 87' lang='lat' dir='ltr'><strong>sed</strong></span> <span class='ocrx_word' id='word_1_569' title='bbox 1475 4450 1688 4496; x_wconf 82' lang='lat' dir='ltr'><strong>revera,</strong></span> <span class='ocrx_word' id='word_1_570' title='bbox 1727 4436 1782 4485; x_wconf 91' lang='lat' dir='ltr'><strong>in</strong></span> <span class='ocrx_word' id='word_1_571' title='bbox 1829 4434 2120 4500; x_wconf 88' lang='lat' dir='ltr'><strong>pinnaculo</strong></span> <span class='ocrx_word' id='word_1_572' title='bbox 2169 4434 2406 4497; x_wconf 83' lang='lat' dir='ltr'><strong>stetisse,</strong></span> <span class='ocrx_word' id='word_1_573' title='bbox 2462 4450 2618 4485; x_wconf 89' lang='lat' dir='ltr'><strong>secus</strong></span> 
     </span>
     <span class='ocr_line' id='line_1_47' title="bbox 178 4510 2620 4585; baseline 0.002 -21"><span class='ocrx_word' id='word_1_574' title='bbox 178 4510 373 4579; x_wconf 75' lang='lat' dir='ltr'><strong>alioquin</strong></span> <span class='ocrx_word' id='word_1_575' title='bbox 426 4520 647 4571; x_wconf 82' lang='lat' dir='ltr'><strong>ridicula</strong></span> <span class='ocrx_word' id='word_1_576' title='bbox 700 4520 915 4569; x_wconf 87' lang='lat' dir='ltr'><strong>omnino</strong></span> <span class='ocrx_word' id='word_1_577' title='bbox 967 4520 1127 4571; x_wconf 86' lang='lat' dir='ltr'><strong>fuerit</strong></span> <span class='ocrx_word' id='word_1_578' title='bbox 1180 4521 1453 4571; x_wconf 85' lang='lat' dir='ltr'><strong>daemonis</strong></span> <span class='ocrx_word' id='word_1_579' title='bbox 1508 4521 1577 4571; x_wconf 88' lang='lat' dir='ltr'><strong>ad</strong></span> <span class='ocrx_word' id='word_1_580' title='bbox 1634 4520 2128 4585; x_wconf 81' lang='lat' dir='ltr'><strong>praecipitationem</strong></span> <span class='ocrx_word' id='word_1_581' title='bbox 2179 4521 2468 4585; x_wconf 85' lang='lat' dir='ltr'><strong>instigatio.</strong></span> <span class='ocrx_word' id='word_1_582' title='bbox 2545 4522 2620 4571; x_wconf 89' lang='lat' dir='ltr'><strong>Et</strong></span> 
     </span>
     <span class='ocr_line' id='line_1_48' title="bbox 178 4600 2620 4673; baseline 0.002 -24"><span class='ocrx_word' id='word_1_583' title='bbox 178 4600 352 4660; x_wconf 80' lang='lat' dir='ltr'><strong>quando</strong></span> <span class='ocrx_word' id='word_1_584' title='bbox 388 4604 572 4656; x_wconf 86' lang='lat' dir='ltr'><strong>dicitur</strong></span> <span class='ocrx_word' id='word_1_585' title='bbox 596 4606 873 4656; x_wconf 79' lang='lat' dir='ltr'><strong>diabolum</strong></span> <span class='ocrx_word' id='word_1_586' title='bbox 898 4606 954 4655; x_wconf 89' lang='lat' dir='ltr'><strong>C.</strong></span> <span class='ocrx_word' id='word_1_587' title='bbox 978 4608 1046 4657; x_wconf 91' lang='lat' dir='ltr'><strong>D.</strong></span> <span class='ocrx_word' id='word_1_588' title='bbox 1068 4607 1321 4658; x_wconf 86' lang='lat' dir='ltr'><strong>detulisse</strong></span> <span class='ocrx_word' id='word_1_589' title='bbox 1358 4608 1413 4655; x_wconf 88' lang='lat' dir='ltr'><strong>in</strong></span> <span class='ocrx_word' id='word_1_590' title='bbox 1449 4613 1698 4669; x_wconf 87' lang='lat' dir='ltr'><strong>montem,</strong></span> <span class='ocrx_word' id='word_1_591' title='bbox 1726 4606 2156 4673; x_wconf 83' lang='lat' dir='ltr'><strong>quandoquidem</strong></span> <span class='ocrx_word' id='word_1_592' title='bbox 2194 4623 2302 4657; x_wconf 89' lang='lat' dir='ltr'><strong>non</strong></span> <span class='ocrx_word' id='word_1_593' title='bbox 2335 4608 2620 4657; x_wconf 75' lang='lat' dir='ltr'><strong>adjiciatur</strong></span> 
     </span>
    </p>

    <p class='ocr_par' dir='ltr' id='par_1_4' title="bbox 2239 4695 2306 4745">
     <span class='ocr_line' id='line_1_49' title="bbox 2239 4695 2306 4745; baseline 0 -20"><span class='ocrx_word' id='word_1_594' title='bbox 2239 4695 2306 4745; x_wconf 64' lang='lat'><strong>3*</strong></span> 
     </span>
    </p>
   </div>
  </div>
 </body>
</html>
