3267 5259
596 430 723 492 274
1341 441 1405 481 no
1430 441 1626 482 fontium
1653 442 1816 483 mator.
1847 442 1899 482 ι).
1927 442 1984 483 n.
2014 442 2058 483 J.
2089 443 2134 483 c.
2163 454 2310 483 comm.

1030 724 1089 801 ξ.
1136 722 1239 787 49.
1306 718 1371 784 S.
1405 719 1676 784 Marci
1723 742 2026 804 genuS,
2073 722 2388 805 patria,
2436 719 2643 783 fata.

802 915 1195 973 celeberrima
1234 923 1328 973 est
1368 918 1652 973 memoria
1689 916 1749 973 S.
1784 915 1970 974 Marci
2009 915 2422 989 Evangelietae
2457 915 2524 973 in
2553 915 2833 972 omnibns
2861 913 3066 971 ecclaei-

594 1020 791 1077 asticis
818 1020 983 1077 festis
1012 1020 1261 1089 Latinis,
1296 1020 1531 1077 Graecis
1564 1026 1624 1078 et
1653 1018 1924 1095 CopticiS,
1977 1018 2150 1096 idque
2171 1001 2389 1077 ‘merito
2419 1024 2664 1094 propter
2695 1018 3064 1093 Evangelium

594 1122 887 1180 Altissimi
906 1168 919 1194 ,
967 1124 1120 1200 quod
1153 1123 1517 1198 praedicavit
1538 1120 1581 1199 J.
1645 1123 1914 1181 Eundem
1951 1142 2070 1181 esee
2111 1124 2309 1181 virum
2351 1142 2528 1200 quem
2569 1144 2618 1180 e.
2647 1124 2862 1179 Petrus
2889 1121 3062 1179 filium

594 1246 763 1285 suum
784 1222 812 1257 ⁹
840 1226 1244 1302 adpellaverit,
1279 1228 1399 1285 iam
1430 1226 1668 1284 Veteres
1699 1246 2009 1295 monuere3
2057 1232 2118 1283 et
2145 1246 2248 1285 suo
2277 1226 2500 1284 calculo
2530 1228 2862 1301 probarunt
2891 1245 3064 1283 recen-

595 1332 789 1387 tiores,
866 1329 1241 1388 Perdiffieilis
1272 1336 1466 1388 autem
1512 1331 1770 1388 vertitur
1799 1334 2094 1407 quaestio:
2140 1350 2284 1388 num
2327 1331 2428 1387 hic
2471 1330 2712 1388 Marcus
2757 1349 2794 1387 a
2836 1350 2882 1386 s,
2915 1329 3067 1387 Pauli

594 1435 803 1491 comite
848 1435 1161 1492 eiusdem
1202 1435 1517 1492 nominis
1561 1436 1828 1493 diversus
1857 1438 1971 1505 sit,
2007 1454 2112 1491 nec
2140 1433 2256 1491 ne?
2313 1434 2517 1492 Unum
2549 1436 2624 1492 ab
2656 1435 2844 1493 altero
2875 1434 3065 1490 discer-

594 1540 852 1595 nendum
883 1546 1233 1612 argumenta
1262 1540 1629 1613 persuadent,
1663 1558 1812 1616 quae
1841 1540 2078 1617 quidem
2107 1558 2211 1596 suo
2242 1540 2496 1613 pondere
2525 1540 2684 1596 haud
2717 1546 2939 1596 carent..
2991 1538 3068 1593 Ex

594 1648 923 1717 temporum
953 1642 1321 1720 locorumque
1351 1643 1694 1701 diversitate
1723 1650 1966 1714 constat,
2013 1645 2239 1701 eosdem
2279 1644 2451 1718 plane
2497 1644 2658 1701 inter
2691 1664 2756 1699 ee
2785 1644 3072 1700 distinctos

594 1766 730 1803 esee.
796 1757 848 1803 a.
904 1748 1139 1805 Marcus
1157 1792 1171 1817 ,
1226 1748 1329 1823 qui
1382 1747 1686 1805 Barnabae
1723 1749 2100 1806 consobrinus
2125 1752 2252 1805 erat
2303 1755 2363 1805 et
2404 1768 2450 1805 s.
2481 1746 2656 1804 Pauli
2699 1747 3018 1822 discipulus
3033 1743 3070 1807 ³.

592 1850 831 1907 natione
862 1852 1123 1908 creditur
1151 1850 1336 1927 Syrus
1366 1850 1832 1920 Antiochenus⁴;
1865 1852 1900 1909 J
1905 1871 2118 1908 oannes
2140 1853 2374 1909 Marcus
2395 1851 2890 1927 Hierosolymitee
2913 1850 3074 1907 fuisse

593 1954 851 2037 videtur.
913 1956 1069 2012 Nam
1108 1960 1297 2013 mater
1328 1958 1450 2013 eius
1491 1956 1726 2013 domum
1773 1956 2028 2014 habebat
2065 1955 2468 2033 Jerosolymis,
2520 1958 2586 2013 in
2631 1974 2752 2032 qua
2779 1956 3074 2012 divertisse

595 2058 815 2132 legitur
836 2080 881 2115 e.
904 2060 1114 2116 Petrus
1130 2080 1167 2116 a
1188 2058 1443 2117 vinculis
1473 2060 1730 2133 primum
1760 2059 1984 2117 solutus
2006 2058 2046 2131 ⁵,
2081 2060 2317 2137 ipseque
2347 2060 2564 2118 ibidem
2597 2061 2866 2134 degebat.
2911 2064 3074 2116 Acce·

593 2162 683 2219 dit
712 2165 770 2221 b.
812 2168 873 2220 et
900 2168 1231 2238 temporum
1260 2166 1439 2234 rati0,
1485 2182 1798 2240 rerumque
1829 2168 2125 2236 gestarum
2153 2165 2348 2221 series.
2395 2163 2778 2239 compertum
2805 2164 3076 2220 habemus

596 2286 641 2323 s,
675 2266 866 2323 Lucae
898 2266 1290 2339 Evangelium
1320 2272 1488 2325 ante
1520 2266 1900 2325 biennium
1943 2268 2094 2344 quod
2133 2288 2179 2325 s,
2211 2267 2432 2324 Paulus
2463 2267 2682 2325 Romae
2713 2268 2792 2324 in
2824 2268 3078 2341 primis

590 2509 672 2559 his
720 2513 908 2559 sunto:
962 2506 1285 2573 Velthueen,
1340 2507 1429 2557 the
1484 2506 1838 2572 authenticity
1890 2507 1950 2557 os
1999 2507 2088 2557 the
2141 2508 2256 2557 first
2303 2508 2412 2558 and
2465 2508 2668 2558 second
2723 2507 2980 2573 chapters
3029 2508 3083 2556 of

591 2594 667 2645 St.
702 2596 983 2647 Matthewe
1032 2594 1233 2661 Gospel
1278 2594 1586 2645 vindicated
1629 2595 1688 2643 in
1733 2609 1954 2643 anewer.
2000 2593 2173 2644 Lond.
2225 2596 2378 2645 1771.
2436 2595 2625 2660 Piper,
2673 2594 2802 2645 diss.
2847 2596 2920 2645 de
2967 2611 3078 2660 gen.

591 2688 733 2732 auct.
770 2698 817 2732 c.
858 2686 903 2733 1.
942 2688 995 2732 et
1030 2685 1079 2732 2.
1114 2683 1217 2733 Ev.
1253 2681 1441 2731 Matth.
1482 2680 1780 2747 Gryphiew.
1820 2682 1971 2731 1779.
2021 2681 2271 2744 Hencke,
2315 2681 2381 2730 de
2417 2682 2628 2747 Evang.
2665 2682 2859 2732 Matth.
2899 2684 3079 2745 integr.

590 2769 815 2819 Helmst.
849 2770 998 2819 1782.
1042 2769 1129 2818 Fr.
1166 2768 1330 2833 Smid,
1370 2782 1592 2817 examen
1628 2768 1819 2833 integr.
1857 2766 2082 2817 duorum
2118 2769 2350 2833 priorum
2391 2783 2506 2834 cap.
2539 2768 2750 2830 Matth„
2787 2771 2842 2817 in
2885 2768 3078 2817 Comm.

590 2870 623 2904 a
657 2854 903 2918 Kuinoel‚
942 2854 1237 2907 Velthusen
1273 2860 1327 2905 et
1360 2854 1584 2920 Ruperti
1622 2854 1748 2904 edit.
1797 2853 1840 2915 1,
1875 2855 1994 2903 340.
2029 2868 2071 2903 a.
2119 2854 2256 2917 Rau,
2291 2855 2460 2919 symb.
2495 2854 2566 2904 acl
2602 2856 2976 2919 quaestionem
3021 2855 3083 2902 de

590 2940 735 2991 anth.
773 2958 819 2991 c.
858 2945 903 2992 1.
952 2948 1005 2991 et
1049 2944 1099 2991 2.
1135 2942 1236 2992 Ev.
1274 2941 1460 2993 Matth.
1508 2942 1698 2992 discut.
1744 2940 1854 2990 Erl.
1896 2942 2045 2991 1793.
2109 2940 2430 3003 Griesbach,
2479 2937 2734 3009 ἐπίμετρον
2781 2941 2850 2991 ad
2901 2958 3080 2991 comm.

590 3044 663 3077 cr.
705 3029 761 3077 in
805 3034 931 3079 text.
974 3028 1162 3079 Matth.
1206 3029 1328 3078 Jen.
1376 3030 1526 3079 1811.
1584 3026 1875 3089 Schnbert,
1923 3027 1989 3077 de
2032 3028 2128 3077 inf.
2171 3028 2230 3078 C.
2275 3028 2396 3078 hiet.
2439 3028 2587 3077 auth.
2629 3045 2685 3094 p.
2731 3031 2781 3079 7.
2823 3045 2866 3078 s.
2925 3028 2990 3078 A.
3025 3029 3082 3076 L.

590 3114 979 3179 Heydenreich,
1016 3119 1070 3165 fl.
1095 3116 1277 3165 Zweif.
1303 3130 1373 3165 an
1399 3115 1495 3165 der
1528 3113 1689 3165 Auth.
1715 3114 1766 3165 d.
1791 3116 1892 3165 Ev.
1917 3114 2107 3165 Matth.
2133 3115 2186 3163 in
2213 3114 2436 3178 Wineri,
2461 3131 2514 3164 n.
2540 3114 2594 3165 k.
2619 3115 2814 3165 Journ.
2851 3116 3005 3164 1825.
3027 3132 3078 3179 p.

593 3204 708 3251 129.
736 3219 778 3252 s.
804 3204 922 3252 385.
950 3218 993 3251 s,
1040 3202 1091 3251 J.
1119 3200 1178 3251 C.
1206 3201 1402 3264 Orelli,
1438 3201 1654 3251 Selecta
1690 3203 1748 3252 P.
1783 3203 1844 3253 P.
1879 3200 2158 3251 Ecclesiae
2197 3202 2377 3266 capita
2412 3201 2483 3251 ad
2519 3198 2833 3269 εἰσηγηταὴν
2869 3217 2914 3251 s.
2947 3208 3078 3266 pert.

588 3288 789 3339 Tui-ici.
814 3290 965 3339 1821.
1004 3288 1073 3350 Π,
1103 3290 1183 3338 10.
1210 3304 1252 3337 e.
1302 3288 1522 3353 Bengel,
1548 3286 1745 3338 Archiv
1781 3288 1883 3338 fiir.
1909 3288 2094 3338 Theol.
2121 3287 2258 3337 ΤΗΙ).
2288 3290 2440 3337 1824.
2473 3288 2565 3350 VI,
2591 3290 2714 3338 572.
2739 3304 2783 3337 ε.
2833 3288 3082 3341 Guerike.

588 3374 854 3441 Beitrage,
878 3391 931 3440 p.
959 3377 1043 3424 23.
1070 3391 1111 3424 s.
1150 3373 1293 3424 Einl.
1319 3391 1370 3440 p.
1399 3376 1513 3425 117.
1542 3391 1582 3425 ε.
1631 3375 1686 3425 J.
1713 3375 1775 3425 G.
1801 3374 2012 3437 Mffller,
2041 3378 2091 3423 fl.
2118 3372 2168 3423 d.
2193 3373 2478 3424 Aechtheit
2501 3374 2598 3424 der
2624 3380 2749 3423 eret.
2779 3375 2914 3439 Cap.
2940 3374 2993 3423 d.
3019 3374 3078 3423 E.

593 3476 644 3509 n.
668 3460 859 3511 Matth.
886 3460 1054 3511 Trier.
1083 3462 1233 3510 1830.
1281 3461 1333 3511 J.
1361 3460 1420 3510 C.
1446 3460 1696 3523 R6rdam,
1724 3462 1790 3510 de
1815 3460 1920 3511 fide
1944 3461 2005 3510 P.
2030 3462 2091 3511 P.
2115 3460 2264 3513 Eccl.
2297 3461 2408 3510 chr.
2443 3462 2609 3527 antiq.
2645 3462 2706 3511 in
2741 3461 2810 3511 iis
2844 3476 2986 3526 qnae
3021 3460 3082 3508 de

594 3546 699 3595 fide
724 3548 931 3613 Evang.
958 3562 1148 3597 canon.
1174 3549 1399 3597 maxime
1424 3547 1682 3598 Matthaei
1708 3546 2054 3597 tradiderunt.
2079 3547 2328 3597 Hasniae.
2358 3549 2510 3597 1839.
2555 3546 2880 3609 Ohhausen,
2905 3554 3074 3612 apost.

591 3649 673 3683 ev·
698 3633 887 3683 Matth.
914 3635 1063 3699 origo
1095 3633 1410 3683 defenditur.
1444 3634 1661 3699 Erlang.
1690 3636 1838 3685 1—3.
1868 3636 2121 3685 1835—7.
2159 3633 2385 3697 Ebrard,
2409 3633 2666 3699 Kritiktp.
2697 3635 2816 3683 792.
2841 3648 2885 3683 s.
2931 3632 2996 3681 C.
3023 3634 3084 3681 F..

586 3719 871 3782 Luthardt,
909 3720 975 3770 de
1010 3736 1180 3785 comp.
1214 3721 1315 3769 Ev.
1351 3720 1537 3769 Matth.
1572 3737 1624 3786 p.
1654 3721 1702 3771 7.
1728 3734 1770 3769 e.
1819 3720 1884 3771 O.
1911 3720 2130 3783 zukler,
2167 3719 2252 3769 die
2289 3719 2814 3785 Evangelienkritik.
2847 3720 3080 3769 Darmst.

593 3808 742 3858 1806.
776 3824 827 3873 p.
864 3809 913 3857 9.
948 3823 989 3857 s.
1040 3807 1101 3857 G.
1133 3806 1518 3871 Tischendorf,
1548 3821 1706 3856 wann
1743 3806 1962 3857 mii-den
1998 3822 2190 3856 unsere
2227 3806 2565 3871 Evangelien
2599 3806 2850 3855 verfaeet.
2896 3805 3083 3871 Leipz.

591 3895 742 3945 1865.
767 3911 820 3960 p.
849 3897 897 3944 5.
925 3908 966 3943 a.

801 3980 840 4044 ¹)
880 3978 933 4029 S.
970 3979 1233 4042 Isidorus,
1286 3974 1499 4046 Origin.
1536 3996 1579 4031 s.
1604 3980 1838 4045 Etymol.
1878 3980 1997 4042 VH,
2032 3982 2079 4029 9.
2105 3996 2157 4044 p.
2183 3980 2301 4030 289.
2363 3978 2407 4042 ²)
2445 3979 2488 4028 1.
2517 3982 2568 4042 5,
2597 3980 2681 4028 13.
2719 3994 2830 4029 non
2863 3979 3084 4045 proprie

589 4067 805 4129 dictum,
844 4068 1036 4116 etenim
1072 4066 1277 4117 nullum
1314 4068 1366 4116 in
1404 4072 1519 4117 tota
1553 4066 1886 4132 Antiquitate
1924 4065 2178 4115 indicium
2213 4066 2532 4131 reperimus,
2579 4080 2686 4131 quo
2724 4066 2782 4115 id
2817 4067 3080 4131 suspicari

588 4153 775 4217 liceat3
837 4153 933 4203 sed
986 4154 1343 4219 spiritualem,
1398 4159 1460 4204 nt
1512 4154 1766 4203 observat
1819 4168 1845 4203 s
1890 4153 2272 4217 Hieronymus,
2335 4151 2538 4202 Comm.
2593 4153 2652 4201 in
2701 4152 2810 4203 lsai
2847 4156 2942 4209 65,
2999 4155 3084 4201 24.

592 4239 865 4305 „Apostoli
902 4242 1064 4305 igitur
1101 4246 1153 4290 et
1190 4240 1473 4305 apostolici
1508 4240 1608 4289 viri
1645 4242 1722 4289 ita
1757 4239 1894 4289 filios
1933 4239 2285 4305 generabant,
2333 4244 2394 4289 ut
2435 4239 2502 4287 tle
2540 4238 2830 4303 Scriptnris
2865 4238 3084 4287 Sanctis

586 4327 853 4375 instruant
873 4362 885 4375 .
905 4362 917 4376 .
940 4363 953 4376 .
975 4364 987 4375 .
1025 4326 1268 4391 Apostoli
1306 4330 1606 4391 genuerunt
1630 4325 1830 4375 Paulus
1855 4325 2207 4388 Timotheum,
2246 4325 2450 4374 Lucam
2485 4330 2539 4375 et
2561 4324 2740 4373 Titum
2775 4324 3084 4389 multosque

590 4412 748 4476 alios,
787 4414 978 4461 Petrus
1016 4412 1255 4462 Marcum
1292 4412 1690 4477 Evangelietam
1731 4416 1787 4461 et
1826 4413 1988 4461 ceteri
2036 4416 2290 4461 ceteros-‘⁴
2338 4427 2392 4476 p.
2433 4412 2548 4461 795.
2624 4408 2664 4475 ³)
2703 4411 2776 4461 Ut
2811 4410 3090 4474 colligitur

590 4512 619 4545 e
657 4496 834 4547 Coloe.
870 4500 921 4561 4,
959 4500 1039 4548 10.
1088 4499 1310 4549 Philem.
1336 4501 1419 4549 24.
1469 4498 1700 4564 Philipp.
1735 4500 1784 4555 4,
1820 4500 1902 4546 22.
1952 4497 2004 4547 11
2031 4498 2165 4546 Tim.
2191 4500 2240 4560 4,
2271 4500 2349 4547 11.
2411 4498 2455 4560 ⁴)
2493 4496 2610 4546 Act.
2651 4500 2733 4559 11,
2759 4498 2840 4545 29.
2865 4498 2958 4546 30.
3007 4500 3088 4549 12².

589 4586 673 4633 25.
713 4585 795 4646 13,
820 4586 974 4634 2-5.
1037 4586 1079 4646 5)
1118 4585 1233 4635 Act.
1264 4588 1345 4648 12,
1373 4586 1453 4635 12.
