3267 5259
544 328 673 395 392
1290 342 1405 385 nint.
1436 342 1540 383 nov.
1570 341 1660 383 siv.
1693 341 1860 384 Pon-iod.
1891 342 1945 383 n.
1967 352 2062 394 οι».
2091 342 2292 394 punam.

544 515 851 599 habeant,
895 540 1031 582 non
1074 538 1233 583 vero
1281 538 1415 599 eos,
1462 517 1572 605 qui
1616 526 1769 581 sunt
1795 517 2054 583 nonnisi
2082 518 2512 583 instrumenta
2543 516 2785 582 salutis.
2817 516 3026 602 Atque

546 638 619 695 ut
665 630 747 695 de
780 628 1018 696 Christi
1062 631 1369 695 ministris
1413 652 1597 695 suam
1638 632 1894 717 aperiat
1935 630 2328 695 sententiam
2355 633 2393 712 ¹,
2442 629 2677 715 quibus
2724 628 3028 716 peculiari

545 741 675 807 Dei
720 764 989 807 munere
1037 742 1418 809 concredita
1461 753 1561 809 est
1606 743 1976 809 divinorum
2021 745 2476 829 mysteriorum
2543 740 3028 823 administratio,

547 865 799 921 monet:
876 876 1069 921 nemo
1133 878 1359 921 eorum
1420 878 1537 921 suo
1600 856 1822 922 officio
1888 855 2084 939 desit3
2159 854 2278 920 sed
2321 865 2396 919 ut
2438 878 2560 941 par
2603 864 2708 921 est
2753 854 3025 919 Domino

546 968 845 1054 primum,
880 966 1118 1033 deinde
1149 968 1401 1033 muneri
1432 968 1553 1033 sibi
1584 968 1833 1034 credito
1865 967 2068 1033 fidum
2097 989 2170 1034 se
2201 967 2512 1033 exhibeat
2529 968 2572 1031 ².
2620 968 2898 1032 Praeter
2929 990 3028 1047 ea,

549 1101 719 1166 quae
748 1080 1065 1146 hactenus
1094 1080 1450 1167 Apostolus
1476 1082 1544 1145 in
1576 1080 1926 1147 Corinthiis
1958 1079 2494 1167 reprehenderat,
2540 1079 2702 1145 illud
2731 1080 3024 1165 gravissi·

550 1214 729 1257 mum
770 1190 1191 1258 videbatui-:³
1234 1192 1413 1280 quod
1454 1195 1898 1260 incestuosum
1937 1193 2305 1280 quendam⁴
2350 1193 2730 1275 tolerarent,
2776 1202 2844 1257 et
2883 1214 3020 1256 cum

549 1306 712 1370 ratio
744 1305 1124 1391 postularet,
1156 1316 1227 1371 ut
1255 1305 1539 1371 lacrimis
1560 1316 1696 1371 tam
1721 1306 1934 1371 dirum
1958 1306 2144 1371 nefas
2167 1316 2746 1393 prosequerentur,
2782 1316 3024 1371 tumore

554 1420 769 1503 potius
817 1416 986 1501 elati,
1034 1442 1153 1505 pro
1200 1418 1399 1485 nihilo
1445 1418 1604 1485 illud
1651 1418 1874 1485 facere
1907 1418 2301 1485 viderentur.
2367 1420 2566 1484 Hunc
2595 1420 3029 1483 incestuosum

554 1554 604 1596 s.
638 1530 884 1597 Paulus
930 1531 1167 1597 absens
1214 1530 1388 1615 licet,
1436 1534 1668 1618 spiritu
1714 1542 1938 1597 tamen
1997 1555 2140 1598 sese
2206 1555 2356 1598 cum
2399 1530 2704 1597 Ecclesia
2753 1530 3032 1597 Corinthi

556 1645 980 1729 coniungens,
1025 1645 1290 1709 nomine
1338 1654 1405 1709 et
1448 1647 1834 1709 auctoritate
1877 1645 1964 1709 D.
1998 1644 2078 1708 N.
2111 1644 2173 1710 J.
2207 1643 2282 1709 O.
2329 1644 2412 1709 ab
2458 1643 2805 1709 Ecclesiae
2839 1644 3030 1708 socie-

554 1766 686 1821 tate
733 1758 1013 1822 removit
1032 1760 1072 1819 ⁵.
1122 1756 1211 1821 Ut
1256 1756 1519 1823 salutari
1565 1756 1808 1844 probro
1857 1758 2131 1822 affectus
2175 1758 2609 1844 resipisceret,
2657 1758 3032 1821 maximum-

556 1908 722 1958 Hard.
761 1908 865 1970 IX,
906 1910 987 1959 19.
1042 1908 1195 1959 Haec
1238 1909 1635 1975 interpretatio,
1673 1936 1740 1945 —
1778 1924 1812 1958 a
1847 1924 1954 1974 qua
1997 1913 2211 1975 praeter
2247 1907 2588 1958 Acatholicos
2635 1908 2802 1957 ctiam
2845 1908 3031 1967 Estius,

557 1994 757 2045 Comm.
789 1996 845 2044 in
870 1993 921 2044 h.
946 1994 981 2044 l.
1008 2012 1059 2061 p.
1090 1996 1205 2046 153.
1244 2001 1299 2045 et
1332 1994 1393 2045 A.
1418 1996 1606 2059 Maia,
1644 1995 1846 2046 Comm.
1871 2001 1924 2047 fl.
1949 1996 2000 2046 d.
2027 2012 2074 2045 e.
2100 1995 2190 2046 ΒΥ.
2215 2008 2288 2045 an
2311 1995 2396 2045 die
2423 1994 2545 2045 Cor.
2582 2012 2635 2061 p.
2669 1996 2756 2045 82.
2795 1993 3032 2045 catholici

556 2080 813 2132 recedunt
848 2110 914 2119 —-
950 2086 1325 2148 praeterquam
1362 2082 1506 2147 quod
1542 2084 1740 2149 optime
1785 2084 2072 2133 conveniat
2107 2084 2396 2145 contextui,
2433 2084 2594 2133 ctiam
2631 2097 2697 2131 ex
2733 2081 3032 2131 'rx-aditione

558 2168 831 2234 probatur.
893 2168 1171 2235 Significat
1214 2169 1266 2219 b.
1302 2169 1593 2237 Apostolus
1643 2186 1762 2233 eos,
1819 2170 1911 2236 qui
1958 2169 2240 2221 ambitiose
2287 2169 2641 2235 Evangelium
2691 2167 3036 2234 promulgant,

555 2271 663 2307 non
710 2270 827 2305 esse
870 2255 993 2305 illos
1040 2254 1253 2321 quidem
1300 2237 1532 2307 aeternis
1578 2258 1856 2323 suppliciis
1901 2257 2186 2319 obnoxios,
2235 2256 2328 2305 sed
2374 2256 2501 2322 qnia
2551 2255 2726 2307 inanis
2772 2254 3034 2305 doctrinae

556 2343 813 2393 iactantia
848 2343 1043 2393 vitiosa
1066 2348 1162 2405 est,
1202 2359 1311 2393 non
1346 2342 1460 2393 fore
1487 2358 1579 2395 eos
1604 2344 1675 2395 ab
1713 2345 1856 2395 omni
1893 2358 2070 2410 poena
2103 2344 2382 2405 immunes,
2417 2358 2540 2393 cum
2575 2344 2699 2409 igno
2735 2342 3033 2409 purgatorio

558 2428 807 2495 expiandi
843 2429 965 2479 sint.
1026 2430 1179 2479 Haec
1214 2434 1297 2481 est
1342 2431 1503 2480 etiam
1550 2435 1802 2482 constans
1839 2429 1892 2480 S.
1932 2431 1991 2480 P.
2031 2436 2084 2481 et
2119 2429 2174 2480 S.
2210 2431 2276 2481 Ε.
2313 2430 2630 2496 explicatio:
2677 2428 2731 2479 S.
2771 2428 3032 2495 Cypriani,

557 2532 639 2581 ep.
676 2518 759 2578 55,
797 2517 877 2567 17.
914 2532 967 2582 Ρ.
1006 2518 1121 2567 114.
1172 2515 1435 2582 Origenis,
1472 2518 1527 2567 in
1562 2518 1736 2568 Exod.
1772 2516 1910 2568 hom.
1947 2518 2039 2581 VI,
2075 2520 2122 2567 4.
2159 2517 2243 2567 ed.
2279 2517 2484 2567 Lomm.
2521 2518 2614 2579 IX,
2641 2518 2724 2567 63.
2759 2516 2832 2565 ib.
2869 2517 2934 2577 X,
2961 2518 3034 2565 13.

556 2620 607 2667 p.
647 2605 761 2653 125.
790 2602 843 2653 S.
892 2602 1102 2666 Hilarii,
1140 2608 1203 2653 tr.
1237 2604 1295 2653 in
1330 2604 1418 2654 Ps.
1454 2605 1538 2667 59,
1576 2607 1658 2655 11.
1695 2605 1777 2655 ed.
1814 2606 1934 2655 Par.
1969 2604 2038 2668 11,
2071 2606 2190 2655 401.
2241 2602 2296 2653 S.
2319 2604 2620 2669 Augustini,
2657 2605 2714 2653 in
2753 2604 2841 2654 Pa.
2879 2605 2958 2663 37,
2989 2604 3032 2651 3.

557 2705 608 2754 p.
642 2691 761 2739 295.
810 2687 863 2739 S.
899 2690 1189 2752 Ambrosii,
1224 2691 1279 2740 in
1312 2690 1401 2740 Ps.
1438 2691 1553 2741 118.
1589 2693 1674 2753 20,
1707 2692 1792 2742 58.
1829 2707 1881 2756 p.
1918 2693 2070 2743 1238.
2121 2690 2172 2741 S.
2208 2690 2548 2755 Hieronymi,
2592 2691 2650 2740 in
2685 2690 2812 2739 lsai.
2844 2692 2926 2751 66,
2951 2690 3028 2738 24.

560 2792 611 2841 p.
638 2777 756 2826 832.
783 2776 840 2825 in
864 2775 1041 2827 Amos.
1068 2779 1118 2839 4,
1148 2779 1229 2827 11.
1268 2794 1319 2843 p.
1344 2779 1463 2828 276.
1515 2777 1568 2831 S.
1596 2777 1854 2845 Gregorii,
1882 2778 2006 2829 dial.
2031 2778 2122 2840 IV,
2149 2780 2233 2827 39.
2269 2795 2321 2844 p.
2347 2779 2467 2827 444.
2516 2778 2776 2827 Mittimus
2801 2775 3030 2827 Theodo-

561 2863 657 2911 reti
694 2862 867 2912 locum
907 2863 1128 2913 multum
1162 2869 1431 2928 vexatum,
1469 2865 1539 2915 ad
1576 2882 1628 2930 q.
1667 2865 1733 2918 cf.
1772 2865 2046 2928 Noesselt,
2083 2865 2251 2931 praef.
2290 2864 2376 2914 ad.
2411 2864 2508 2925 ΠΙ,
2548 2865 2595 2913 1.
2633 2881 2721 2929 op.
2759 2870 2814 2914 et
2847 2868 2952 2913 not
2989 2864 3032 2909 9.

560 2949 628 2999 ad
663 2951 853 3016 interp.
889 2950 933 3000 Ι.
970 2950 1091 3001 Cor.
1126 2954 1175 3014 3,
1216 2953 1297 3001 15.
1344 2968 1397 3018 Ρ.
1438 2954 1553 3003 183.
1614 2952 1690 3002 Et
1737 2968 1858 3003 cum
1901 2953 1962 3003 P.
2002 2953 2062 3002 P.
2109 2957 2166 3003 et
2209 2950 2264 3001 S.
2301 2952 2366 3001 E.
2414 2951 2590 3001 locum
2633 2950 2780 3001 hunc
2819 2950 2884 3000 de
2919 2952 3032 3015 igne

559 3038 884 3103 purgatorio,
924 3052 1079 3103 quem
1104 3043 1227 3104 post
1250 3042 1473 3089 mortem
1498 3040 1775 3106 patiuntur
1799 3038 1894 3101 illi,
1932 3040 2024 3106 qui
2049 3040 2104 3089 in
2129 3038 2328 3089 iudicio
2359 3038 2672 3105 particulari
2705 3038 3034 3088 inveniuntur

561 3123 875 3175 aedificasse
908 3124 1128 3190 lignum,
1176 3125 1390 3176 foenum
1426 3130 1481 3174 et
1514 3125 1782 3191 stipulam,
1827 3126 1905 3176 ita
1941 3142 2158 3191 quoque
2203 3125 2346 3175 hunc
2388 3125 2566 3176 locum
2607 3124 2910 3190 intelligunt
2942 3123 3032 3171 viri

561 3210 881 3261 doctissimi:
922 3211 980 3261 C.
1006 3212 1068 3260 R.
1094 3210 1469 3273 Bellarminus,
1508 3212 1575 3263 de
1611 3213 1935 3278 purgatorio,
1971 3213 2016 3274 1,
2043 3213 2092 3262 5.
2117 3212 2201 3263 ed.
2227 3212 2358 3262 Ven.
2393 3214 2443 3275 2,
2479 3212 2598 3261 288.
2646 3211 2708 3262 Β.
2739 3211 3030 3269 Justiniani,

562 3297 771 3362 explan.
804 3298 859 3347 in
896 3314 1034 3348 omn.
1072 3298 1131 3347 P.
1172 3314 1254 3365 ep.
1291 3298 1343 3360 1,
1378 3299 1497 3351 418.
1555 3300 1669 3349 Leo
1704 3299 1960 3361 Allatius,
1999 3298 2066 3350 de
2101 3299 2378 3365 utriusque
2415 3297 2698 3349 Ecclesiae
2735 3314 2844 3348 occ.
2881 3303 3032 3362 atque

564 3385 748 3434 orient.
784 3390 1047 3451 perpetua
1080 3386 1134 3435 in
1174 3384 1421 3452 dogmate
1459 3386 1525 3435 de
1560 3388 1868 3452 purgatorio
1907 3388 2273 3437 consensione.
2323 3386 2474 3437 Rom.
2504 3387 2656 3436 1655.
2695 3402 2746 3451 Ρ.
2771 3386 2883 3435 306.
2905 3400 2946 3433 s.

774 3471 811 3535 ¹)
862 3472 922 3523 C.
958 3474 1007 3522 4.
1080 3473 1123 3537 ²)
1172 3472 1487 3535 Hominum,
1542 3474 1635 3538 qui
1683 3472 1966 3536 falluntur,
2020 3473 2224 3523 iudicia
2269 3471 2592 3539 negligenda
2639 3488 2802 3523 unum
2848 3470 3034 3521 Christi

563 3559 1057 3624 pertimescendum.
1119 3560 1419 3622 Neminem,
1470 3560 1713 3625 quamvis
1749 3559 1928 3611 multis
1966 3564 2020 3609 et
2053 3560 2261 3625 magnis
2299 3558 2454 3609 donis
2487 3564 2728 3625 praestet
2758 3574 2910 3625 posse
2941 3560 3036 3607 aut

564 3644 759 3695 debere
781 3648 897 3696 iure
922 3662 981 3696 se
1006 3646 1193 3696 efferre
1229 3661 1392 3712 supra
1427 3661 1561 3698 sese.
1610 3647 1835 3697 Festum
1861 3645 2254 3698 Corinthiorum
2277 3646 2640 3711 perstringens
2667 3646 2734 3696 de
2759 3661 2816 3696 se
2837 3659 3030 3709 suoque

563 3734 853 3784 ministerio
889 3732 1156 3784 humiliter
1192 3734 1450 3800 loquitur,
1494 3734 1572 3785 ita
1604 3739 1788 3784 tamen
1833 3738 1893 3783 ut
1935 3748 2088 3785 suam
2123 3734 2181 3782 in
2215 3732 2336 3782 illos
2375 3734 2652 3783 caritatem
2699 3729 3030 3783 commendet.

566 3818 645 3869 Cf.
682 3819 745 3869 G.
784 3820 849 3872 D.
888 3820 1095 3885 Ziegra,
1133 3820 1259 3871 diss.
1295 3821 1479 3887 Apost.
1528 3818 1597 3879 ὡς
1632 3817 2028 3889 περικαθάρματα
2061 3822 2117 3871 in
2153 3819 2312 3871 Thes.
2349 3819 2423 3869 th.
2461 3836 2512 3885 p.
2538 3822 2658 3869 520.
2695 3837 2737 3870 s.
2797 3819 3030 3868 Ceterum

564 3922 745 3957 eorum
790 3922 919 3972 erga
964 3922 1021 3957 se
1066 3908 1491 3957 benevolentiam
1538 3910 1776 3973 requirit,
1817 3912 1870 3957 et
1903 3908 1950 3956 si
1985 3908 2103 3957 Deo
2153 3906 2415 3972 placuerit
2449 3922 2557 3957 non
2593 3908 2671 3957 ita
2715 3906 2874 3957 multo
2917 3910 3030 3970 post

564 3994 849 4067 adventum
889 4009 1045 4044 suum
1088 3993 1157 4044 ad
1194 4008 1285 4044 eos
1321 3994 1619 4057 pollicetur.
1677 3994 1717 4061 ³)
1748 3994 1806 4044 C.
1833 3996 1882 4045 5.
1937 3989 1976 4063 ⁴)
2011 3994 2116 4055 Qui
2151 4007 2357 4043 summa
2392 3992 2726 4059 turpitudine
2759 3993 2916 4059 patris
2953 3991 3028 4041 sui

562 4096 777 4132 uxorem
804 4080 1043 4146 polluere
1068 4096 1229 4131 ausus
1254 4081 1429 4130 fuerit.
1467 4079 1507 4146 ⁵)
1534 4081 1882 4147 Tradiditque
1911 4085 2136 4132 satanae
2159 4081 2210 4141 5,
2237 4081 2285 4129 5.
2312 4079 2712 4131 vehementiori
2734 4078 3029 4145 metaphora

566 4166 687 4217 coll.
707 4168 751 4217 Ι.
771 4167 905 4218 Tim.
927 4170 974 4229 1,
995 4170 1077 4218 20.
1110 4168 1668 4217 excommunicationis
1695 4181 1922 4233 poenam
1947 4166 2214 4227 describit,
2244 4166 2430 4217 eodem
2457 4167 2598 4216 enim
2626 4165 2762 4216 haec
2787 4167 3030 4231 pertinere

564 4258 783 4304 monent
806 4255 1137 4319 interpretes.
1189 4252 1547 4304 Consuevisse
1572 4260 1750 4304 autem
1776 4252 2086 4304 daemonem
2113 4268 2222 4315 eos,
2255 4253 2348 4317 qui
2371 4252 2541 4303 sacris
2571 4252 2824 4318 prohibiti
2853 4254 3028 4307 essent,

566 4339 743 4391 multis
768 4340 938 4391 modis
963 4356 1173 4403 vexare,
1212 4340 1545 4391 affirmarunt
1567 4356 1673 4391 non
1699 4340 1875 4407 pauci.
1925 4338 2033 4389 Sed
2065 4338 2224 4390 iidem
2257 4340 2545 4405 scriptores
2579 4344 2758 4389 tamen
2794 4338 2890 4388 hoc
2922 4338 3028 4387 loco

568 4426 655 4490 agi
674 4426 741 4476 de
760 4442 987 4478 censura
1012 4427 1393 4489 ecclesiastica,
1418 4442 1558 4493 quae
1579 4427 1648 4477 ad
1669 4428 1799 4489 eius,
1820 4426 1912 4492 qui
1935 4426 2196 4492 peccavit,
2223 4425 2450 4476 salutem
2474 4426 2719 4489 refertur,
2745 4430 3030 4477 constanter

566 4512 815 4563 fatentur.
866 4512 945 4563 Cf.
972 4514 1263 4579 Vitringae,
1302 4512 1369 4564 de
1405 4528 1590 4579 synag.
1616 4518 1722 4563 vet.
1745 4512 1844 4564 111.
1874 4516 1920 4575 1,
1949 4514 2031 4564 10.
2067 4528 2120 4577 Ρ.
2149 4513 2263 4562 757.
2301 4511 2370 4562 Η.
2397 4512 2460 4563 Ν.
2487 4512 2549 4563 T.
2577 4529 2631 4578 p.
2656 4513 2775 4563 383.
