3267 5259
579 418 707 483 280
1346 430 1408 471 De
1436 430 1633 472 fontibus
1661 429 1821 471 Hister.
1851 429 1904 470 1).
1932 429 1986 471 R.
2007 428 2051 470 J.
2071 428 2119 470 C.
2139 438 2290 469 comm.

580 606 1029 691 epitomatore‚
1062 602 1378 668 Matthaei
1424 602 1760 667 adversari
1804 604 2129 685 universo,
2179 624 2308 687 quo
2343 604 2408 665 in
2453 600 2804 665 scribendo
2845 600 3042 663 Evan-

578 716 749 802 gelio
812 738 929 781 suo
974 738 1130 781 usus
1177 726 1276 781 est
1320 715 1609 781 consilio.
1682 716 1769 779 D.
1815 714 2113 779 Marcum
2159 714 2486 779 assiduum
2545 737 2595 777 s.
2643 714 2823 777 Petri
2868 715 3044 777 comi-

576 838 730 912 tem,
791 830 1331 893 commentarium
1392 851 1579 893 suum
1638 830 1704 891 in
1766 826 2183 892 commodum
2243 826 2686 891 Romanorum
2753 847 3044 889 exarasse

576 950 805 1005 notum
850 951 1167 1005 tenemus.
1242 940 1437 1005 Unde
1482 963 1704 1005 rursus
1749 939 1876 1005 hoc
1908 941 2226 1025 sequitur:
2274 962 2324 1003 s.
2356 937 2654 1003 Marcum
2699 960 2780 1001 ea
2809 938 3044 1024 potissi-

522 1126 529 1135 ,
578 1076 755 1117 mum
802 1074 888 1117 ex
932 1052 1235 1118 Historiis
1276 1052 1363 1117 D.
1410 1053 1489 1117 N.
1538 1052 1600 1118 J.
1651 1051 1724 1118 O.
1773 1053 2010 1138 capita,
2073 1051 2159 1116 ad
2201 1072 2433 1137 preces
2491 1048 2780 1114 fidelium
2827 1049 3044 1114 Roma-

577 1188 813 1231 norum
858 1164 1241 1249 delineasse‚
1297 1187 1466 1251 quae
1514 1164 1742 1229 auditu
1786 1186 1907 1251 per
1951 1188 2001 1229 s.
2048 1162 2226 1228 Petri
2272 1162 2830 1249 praedicationem
2877 1184 3044 1226 acce-

577 1289 846 1365 perant3
909 1299 1039 1363 quo
1100 1280 1419 1342 monitore
1484 1286 1547 1341 et
1606 1277 1902 1342 adiutore
1965 1278 2240 1363 scripsit.
2304 1275 2564 1339 Revera
2625 1276 2676 1339 si
2739 1274 2801 1339 d.
2857 1274 3044 1338 Marci

575 1389 1011 1475 Evangelium
1058 1399 1303 1455 attente
1347 1388 1644 1475 legimus,
1693 1391 1752 1453 ei
1782 1391 1996 1453 inesse
2037 1388 2240 1453 multa
2267 1386 2656 1469 videbimus,
2703 1408 2874 1471 quae
2914 1408 3046 1449 cum

580 1500 880 1567 omnibus
926 1524 1011 1565 ex
1058 1502 1318 1566 ethnica
1363 1503 1820 1588 superstitione
1869 1500 1955 1565 ad
2001 1500 2326 1566 Christum
2379 1500 2747 1581 conversis,
2817 1508 2951 1563 tum
2993 1507 3048 1561 et

578 1615 887 1680 Romanis
918 1615 1159 1679 fuerint
1187 1614 1387 1697 utilia,
1418 1624 1491 1678 ut
1522 1614 1894 1678 crederent:
1927 1613 1970 1679 J
1975 1636 2156 1679 esum
2189 1612 2514 1677 Christum
2561 1612 2888 1676 exstitisse
2929 1633 3048 1675 om·

578 1730 756 1791 nium
791 1724 1215 1791 Salvatorem.
1255 1726 1623 1791 Praemissa
1656 1728 1828 1791 enim
1853 1725 2002 1791 huic
2035 1724 2302 1790 consilio
2337 1722 2666 1789 scribendi
2698 1734 3050 1810 opportuna
3149 1729 3158 1741 “

578 1838 765 1904 brevi
794 1841 1164 1904 narratione
1189 1840 1524 1903 ministerii
1548 1838 1591 1904 J
1596 1840 1823 1903 oannis
1853 1839 1929 1903 B.
1947 1840 2002 1921 2;
2035 1840 2306 1923 exponit
2329 1835 2686 1901 Salvatoris
2711 1836 2798 1901 ad
2822 1834 3048 1901 obeun-

581 1952 734 2017 dum
781 1974 1015 2016 munus
1059 1974 1245 2015 suum
1291 1953 1879 2037 praeparationem.
1948 1950 2208 2013 Deinde
2255 1950 2456 2013 refert
2492 1946 2703 2013 verba
2749 1958 2816 2012 et
2861 1969 3044 2033 opera

583 2086 750 2149 quae
811 2064 1039 2130 Jcsum
1099 2064 1317 2129 Deum
1348 2102 1369 2111 -
1393 2064 1722 2128 hominem
1745 2112 1762 2147 ,
1823 2064 2212 2148 generisque
2271 2063 2536 2126 humani
2597 2060 3050 2125 Redemtorem

581 2176 781 2241 fuisse
827 2175 1297 2241 declararentss.
1344 2175 1585 2241 Postea
1630 2178 1924 2261 sequitur
1966 2175 2215 2257 Passi0,
2275 2174 2475 2257 Mem,
2535 2174 2950 2239 Resurrectio
2994 2181 3052 2235 et

579 2288 929 2371 Ascensio,
1000 2287 1232 2375 quibus
1280 2288 1571 2353 Christus
1628 2291 1852 2353 mortis
1916 2299 1980 2352 et
2024 2288 2382 2352 inferorum
2427 2288 2660 2352 Victor
2706 2286 3049 2352 coelorum-

582 2422 709 2486 que
754 2401 1079 2465 Dominus
1122 2400 1486 2465 luculenter
1532 2399 1975 2466 describitur&
2040 2400 2239 2481 Quod
2269 2400 2534 2486 quidem
2573 2400 2931 2479 consilium,
2976 2419 3052 2460 ex

582 2512 936 2598 originibus
994 2512 1181 2577 huius
1227 2513 1569 2598 Evangelii
1628 2514 2081 2600 repetendum,
2143 2515 2196 2577 si
2241 2523 2601 2594 teneamuS‚
2665 2511 2844 2576 nulla
2897 2513 3049 2574 ratio

580 2635 905 2711 suppetet,
938 2648 1054 2689 cur
1084 2625 1145 2690 d.
1168 2624 1432 2690 Marcus
1465 2625 1721 2690 dicatur
1751 2625 2169 2690 abbreviator
2200 2650 2249 2689 s.
2271 2624 2605 2689 Matthaei.
2638 2624 2890 2687 Eadem
2924 2634 3050 2686 tex-

577 2747 724 2801 tura
770 2748 835 2802 et
880 2736 1131 2802 indoles
1162 2738 1503 2821 Evangelii
1550 2736 1790 2824 probat
1828 2737 1890 2802 d.
1923 2738 2220 2802 Marcum
2269 2739 2573 2801 comitem
2623 2748 2690 2800 et
2737 2738 3054 2819 ἑρμηνευτὴν

578 2848 897 2936 Principis
941 2848 1406 2936 Apostolorum
1452 2850 1672 2915 fuisse.
1719 2850 2071 2915 Enimvero
2123 2848 2372 2915 cer'tum
2420 2860 2536 2932 est,
2583 2872 2632 2913 s.
2681 2849 2948 2913 Petrum
2991 2848 3053 2909 in

576 2960 703 3025 hoc
763 2961 1123 3045 Evangelio
1185 2962 1589 3047 frequentius
1651 2965 2178 3045 commemorari3
2236 2964 2504 3047 eiusque
2569 2960 2748 3025 dicta
2803 2956 3052 3044 saepius

579 3074 829 3155 referri,
880 3094 1073 3160 quam
1121 3073 1204 3137 ab
1237 3074 1501 3159 reliquis
1534 3074 1739 3139 tribus
1771 3075 2228 3159 Evangelistis.
2278 3074 2486 3138 Multa
2518 3096 2742 3138 eorum
2777 3073 3054 3136 locorum

580 3354 857 3403 enarratis.
928 3352 1094 3403 Plura
1146 3354 1354 3403 interim
1408 3353 1641 3403 dabunt:
1688 3354 1750 3402 B.
1787 3354 1845 3403 C.
1882 3354 2120 3418 Mengel,
2167 3368 2310 3419 spec.
2349 3368 2483 3403 com.
2522 3368 2567 3401 c.
2605 3352 2794 3403 Matth.
2831 3370 2880 3417 q.
2917 3352 3054 3402 evin·

580 3439 717 3487 citur
760 3439 1001 3489 Marciun
1048 3456 1155 3489 non
1200 3456 1319 3489 esse
1363 3439 1716 3489 breviatorem
1761 3439 2038 3489 Matthaei.
2093 3440 2263 3489 Giess.
2310 3441 2460 3489 1711.
2519 3440 2792 3505 Koppius‚
2837 3440 2905 3489 M.
2957 3454 3056 3488 non

582 3526 900 3590 epitomator
945 3526 1218 3575 Matthaei.
1270 3525 1412 3575 Gott.
1451 3526 1601 3576 1782.
1662 3526 1730 3575 Η.
1767 3526 1830 3575 G.
1869 3525 2116 3586 Halfeld,
2165 3525 2229 3575 de
2268 3526 2470 3590 origine
2509 3543 2559 3591 q.
2595 3526 2695 3575 Ev.
2737 3526 2873 3575 Gott.
2913 3526 3056 3574 1784.

581 3624 634 3677 p.
663 3612 709 3660 8.
750 3610 961 3673 Schulz,
987 3615 1040 3661 ii.
1066 3610 1116 3661 d.
1142 3610 1464 3662 schriftstell.
1494 3610 1649 3661 Char.
1678 3612 1726 3661 d.
1753 3613 1817 3661 E.
1843 3612 2026 3674 Marc„
2059 3613 2112 3660 in
2139 3611 2297 3661 Keilii
2323 3612 2582 3663 analectis
2609 3612 2791 3677 Leipz.
2821 3612 2966 3661 1814.
2991 3610 3056 3659 11.

580 3700 631 3759 2,
670 3699 785 3747 107.
820 3714 863 3747 s.
914 3698 975 3749 B.
1009 3698 1129 3748 Van
1164 3698 1381 3761 wilica,
1416 3713 1560 3764 spec.
1597 3699 1757 3747 herm.
1795 3698 1861 3748 de
1897 3700 1963 3748 iis
2001 3712 2140 3764 quae
2177 3698 2245 3748 ab
2289 3714 2398 3748 uno
2434 3698 2618 3748 Marco
2668 3704 2793 3748 sunt
2834 3702 3058 3752 narrata,

581 3788 675 3833 aut
710 3785 978 3849 copiosius
1016 3789 1070 3834 et
1106 3786 1421 3851 explicatius
1460 3786 1717 3850 exposita.
1779 3785 1907 3835 Trai
1945 3784 2013 3833 ad
2051 3784 2148 3833 Rh.
2179 3786 2329 3834 1811.
2357 3802 2407 3849 p.
2433 3786 2481 3834 5.
2509 3799 2551 3834 s.
2601 3784 2802 3845 Schott,
2839 3784 3056 3849 Isagoge

582 3887 635 3935 p.
663 3872 745 3920 36.
780 3886 823 3920 s.
858 3872 941 3920 90.
992 3868 1045 3919 S.
1072 3870 1134 3921 A.
1159 3870 1386 3931 Knobel,
1426 3871 1491 3920 de
1528 3872 1629 3920 Ev.
1663 3870 1832 3919 Marci
1871 3870 2092 3934 orig-ine.
2141 3870 2288 3920 Vrat.
2328 3872 2477 3921 1831.
2513 3888 2566 3936 p.
2601 3872 2685 3920 29.
2723 3888 2763 3921 s.
2814 3868 3055 3927 (iuer-iim,

582 3956 903 4022 Gesammtg.
929 3973 981 4021 p.
1011 3958 1125 4006 143.
1174 3956 1360 4017 Maier,
1386 3956 1528 4006 Einl.
1554 3974 1605 4022 p.
1634 3958 1715 4006 72.
1742 3970 1785 4004 s.
1834 3954 2160 4021 Reithmayr,
2189 3956 2332 4006 Einl.
2359 3958 2476 4006 390.
2525 3956 2648 4007 Non
2673 3956 2864 4007 desunt
2885 3960 3054 4005 tamen

582 4042 663 4094 his
700 4042 889 4093 diebus
924 4042 1042 4105 alii,
1086 4045 1175 4107 qui
1201 4044 1257 4093 in
1292 4042 1401 4093 alia
1434 4044 1611 4092 omnia
1645 4044 1964 4092 coniecturis
2001 4044 2110 4093 suis
2149 4044 2424 4103 abeuntes,
2463 4044 2791 4093 arbitrantur
2825 4042 3055 4092 Marcum

580 4131 807 4194 primum
858 4131 1090 4180 omnium
1136 4130 1439 4195 scripsisse,
1488 4132 1650 4194 atque
1697 4142 1730 4177 a
1778 4144 1820 4178 s.
1855 4128 2127 4179 Matthaco
2174 4136 2228 4180 et
2274 4144 2316 4179 s.
2341 4130 2494 4179 Luca
2541 4129 2838 4179 adhibitum
2883 4130 3056 4178 fuisse.

794 4216 831 4279 ¹)
868 4216 1143 4267 Fritzsche
1181 4216 1392 4282 quidem
1430 4214 1836 4281 Spanhemium,
1871 4210 2095 4265 Miscell.
2132 4230 2172 4265 s.
2208 4217 2242 4266 l.
2277 4217 2346 4266 11.
2383 4215 2613 4282 append.
2649 4216 2715 4267 de
2749 4216 2926 4265 Marco
2959 4214 3056 4263 Ev.

582 4318 753 4352 exerc.
780 4320 831 4353 n.
858 4304 939 4353 16.
964 4318 1007 4353 σ.
1033 4300 1105 4365 11,
1131 4304 1249 4353 279.
1272 4308 1503 4363 secutus,
1532 4301 1731 4351 Comm.
1759 4302 1814 4350 in
1839 4302 1940 4351 Ev.
1967 4302 2153 4352 Marci.
2180 4303 2325 4367 Lips.
2357 4302 2505 4353 1830.
2533 4302 2666 4367 prol.
2693 4320 2744 4368 p.
2771 4304 2852 4351 25.
2877 4318 2917 4351 s.
2941 4315 3056 4350 cum

584 4387 703 4438 aliis
727 4390 1129 4451 recentioribus,
1154 4388 1406 4437 Veterum
1429 4387 1531 4436 hac
1550 4386 1616 4436 de
1636 4402 1694 4436 re
1719 4389 2118 4439 narrationibus
2145 4388 2300 4438 fidem
2327 4389 2566 4453 abrogat.
2606 4387 2712 4438 Sed
2738 4404 2862 4437 vero
2888 4386 3056 4436 memi-

584 4474 727 4525 nisse
763 4489 857 4524 eos
904 4480 1139 4540 oportet,
1190 4474 1392 4525 nullam
1436 4472 1552 4523 dari
1590 4473 1882 4523 Historiam
1918 4474 2373 4537 Ecclesiasticam,
2421 4475 2512 4524 ubi
2551 4475 2732 4540 prisca
2767 4472 3058 4524 testimonia

584 4560 763 4609 omnia
799 4564 1122 4610 evertuntur.
1184 4560 1225 4625 ²)
1264 4561 1306 4622 Ι,
1337 4562 1519 4611 1-29.
1582 4560 1623 4626 ³)
1660 4560 1703 4622 1,
1741 4560 2028 4610 so—xm.
2101 4560 2144 4626 ⁴)
2181 4560 2521 4611 XIV—XVI.
