3267 5259
1181 425 1383 468 curi-tu.
1410 437 1655 478 resurgens.
2542 415 2665 478 159

191 615 374 664 turum
419 607 777 682 promiserit,
825 625 1105 685 suamque
1151 627 1227 665 ex
1272 606 1547 664 Passione
1575 606 1642 662 in
1673 625 1806 664 eum
1837 605 2002 684 quasi
2049 607 2472 664 redundantem
2500 607 2664 681 igno-

190 711 465 768 bilitatem
529 730 729 768 coram
780 711 1082 787 discipulis
1140 731 1209 769 ea
1262 710 1642 787 promissione
1702 709 2017 786 depulerit3
2081 709 2348 768 Christus
2404 715 2463 767 et
2521 710 2668 769 falsa

189 814 443 886 docuisse,
493 819 557 872 et
601 814 863 872 homines
907 815 1166 892 turpiter
1210 814 1485 872 delusisse
1528 815 1920 886 convincitur,
1967 814 2018 870 si
2065 813 2259 890 reipsa
2303 833 2421 872 non
2475 833 2665 872 resur-

190 918 330 974 rexit
358 917 393 975 ¹.
440 917 618 976 Unde
664 917 841 976 etiam
885 920 959 976 ab
1004 918 1164 976 omni
1210 924 1369 976 retro
1414 916 1771 996 antiquitate
1815 917 1936 976 viri
1981 917 2336 992 sagacissimi
2369 917 2666 975 Historias

190 1009 390 1078 Christi
436 1021 802 1096 resurgentis
857 1022 1141 1080 dixerunt
1198 1023 1289 1080 uti
1350 1022 1686 1081 verissimas
1741 1021 1828 1079 ita
1887 1021 2256 1095 dignissimas
2310 1041 2455 1091 esse,
2519 1041 2667 1100 quae

188 1124 343 1182 avide
372 1125 769 1202 excipiantur,
812 1131 985 1204 atque
1014 1125 1203 1184 veluti
1235 1125 1555 1202 plurimum
1588 1125 1872 1184 salutares
1901 1126 2161 1184 maximo
2192 1145 2324 1183 cum
2353 1125 2560 1184 solatio
2591 1128 2666 1184 ab

186 1231 439 1288 omnibus
478 1231 821 1288 credantur.
868 1229 1023 1288 Sunt
1051 1236 1249 1288 tamen
1280 1233 1429 1307 proh
1458 1231 1625 1290 dolor
1642 1227 1670 1269 2
1699 1231 1858 1288 omni
1890 1250 2034 1290 aevo
2065 1230 2302 1307 reperti,
2351 1230 2452 1308 qui
2499 1231 2663 1288 testi-

184 1485 307 1520 mors
344 1470 623 1520 destructa
660 1475 762 1533 est,
811 1485 1037 1536 eamque
1075 1485 1257 1520 omnes
1302 1475 1519 1537 propter
1564 1469 1831 1521 Christum
1880 1470 2223 1532 conculcant,
2273 1471 2438 1520 multo
2487 1471 2658 1536 magis

184 1557 285 1621 ipse
318 1556 461 1606 illam
498 1558 721 1622 proprio
758 1571 981 1622 corpore
1027 1559 1227 1622 primus
1277 1557 1614 1607 conculcavit
1651 1561 1706 1606 et
1741 1556 2054 1606 destruxit*
2103 1556 2240 1606 Item
2271 1573 2325 1606 n.
2362 1560 2446 1607 50.
2485 1574 2536 1623 p.
2577 1559 2662 1608 91.

188 1643 334 1703 ..Quis
370 1643 513 1693 alius
549 1643 797 1694 homines
834 1645 911 1692 ita
946 1647 1121 1694 certos
1156 1643 1225 1693 de
1260 1643 1656 1694 immortalitate
1692 1643 1938 1706 reddidit,
1977 1648 2036 1692 ut
2073 1641 2268 1694 Christi
2315 1660 2469 1707 crux,
2521 1645 2659 1694 eius-

184 1745 275 1794 que
310 1731 545 1796 corporis
586 1731 957 1780 resurrectio.“

378 1817 414 1880 ¹)
454 1817 519 1866 V.
546 1817 619 1866 H.
646 1817 711 1866 N.
737 1817 798 1865 T.
838 1833 887 1882 p.
919 1819 999 1866 72.
1062 1815 1103 1880 ²)
1150 1817 1319 1866 Nimis
1366 1817 1581 1882 longum
1628 1817 1767 1866 foret
1815 1819 2004 1866 seriem
2049 1821 2228 1866 texere
2278 1816 2490 1882 plenam
2539 1833 2660 1883 pro-

184 1902 405 1951 fanorum
454 1903 733 1952 hominum
782 1908 835 1951 et
880 1903 1121 1952 veritatis
1170 1902 1424 1966 hostium,
1474 1905 1566 1968 qui
1602 1903 1658 1952 in
1695 1904 1858 1952 vit-am
1896 1919 1923 1952 e
1961 1905 2179 1953 mortuis
2219 1903 2437 1952 rediisse
2475 1903 2662 1953 Jesum

186 1995 441 2052 negarunt.
496 1989 661 2051 Quod
707 1989 961 2055 aequales
999 1987 1294 2040 Salvatoris
1328 1991 1495 2040 nostri
1534 1989 1765 2040 absurde
1805 1991 2086 2038 commenti
2124 1995 2270 2051 sunt,
2309 1989 2441 2038 illud
2479 1991 2556 2038 uti
2597 2006 2661 2038 ex

184 2075 341 2125 Rabbi
384 2077 599 2126 Perizol
652 2076 795 2142 apud
843 2076 894 2126 J.
927 2077 991 2126 A.
1025 2077 1435 2142 Eisenmenger,
1480 2076 1792 2126 entdecktes
1825 2075 2172 2126 Judenthum.
2209 2076 2465 2141 Konigsb.
2507 2077 2656 2126 1711.

190 2160 359 2218 1‚193.
382 2179 423 2214 s.
462 2163 741 2224 discimus,
776 2163 925 2214 nullo
963 2179 1071 2214 non
1096 2167 1333 2228 tempore
1359 2179 1467 2212 non
1490 2163 1682 2228 puduit
1701 2162 1940 2213 Judaeos
1979 2167 2236 2228 repetere.
2273 2163 2338 2212 V.
2363 2179 2406 2212 s.
2442 2163 2660 2223 Justini,

187 2245 294 2296 dial.
330 2265 446 2299 cum
483 2250 671 2316 Triph.
710 2267 762 2301 n.
791 2252 905 2300 108.
944 2266 995 2315 p.
1022 2252 1141 2300 367.
1195 2250 1454 2299 Mittimus
1493 2249 1726 2312 Celsum,
1754 2249 2048 2312 Julianum,
2089 2248 2398 2312 Gnosticos3
2437 2265 2662 2315 quorum

186 2335 457 2387 calumniae
478 2341 533 2386 et
552 2337 873 2402 phantasiae
892 2335 999 2402 legi
1020 2341 1243 2402 possunt
1260 2338 1315 2385 in
1337 2336 1395 2386 C.
1409 2337 1473 2386 L.
1494 2336 1726 2398 Miilleri,
1749 2335 1873 2386 diss.
1897 2335 1961 2385 de
1981 2337 2369 2386 resurrectione
2388 2336 2440 2386 J.
2457 2335 2516 2386 C.
2539 2352 2657 2386 sen-

186 2423 361 2472 tentiae
384 2440 435 2488 p.
460 2425 547 2473 63.
572 2439 619 2474 s.
651 2423 766 2472 114.
793 2439 834 2472 s.
859 2422 1163 2472 Recentiori
1191 2438 1403 2487 quoque
1423 2437 1557 2472 aevo
1582 2421 1734 2472 multi
1759 2421 1916 2471 fldem
1934 2421 2291 2472 Historiarum
2316 2423 2657 2472 resurrectio-

186 2508 255 2556 nis
268 2507 574 2559 Dominicae
595 2513 838 2558 evertere
856 2513 983 2559 sunt
1000 2510 1191 2572 annisi,
1221 2523 1357 2574 quos
1382 2510 1519 2558 inter
1539 2524 1730 2574 agmen
1755 2508 1929 2559 ducit:
1955 2509 2086 2558 Ben.
2115 2507 2362 2574 Spinoza,
2391 2525 2420 2558 e
2443 2508 2656 2558 Judaeo

186 2593 365 2643 Atheus
400 2596 595 2658 factus,
638 2609 805 2661 supra
838 2597 1097 2646 maiorum
1134 2611 1347 2645 suorum
1385 2595 1668 2645 mendacia
1703 2595 1862 2660 longe
1899 2595 2074 2646 adhuc
2111 2597 2280 2660 magis
2315 2595 2504 2660 putida
2533 2611 2655 2660 pro-

186 2679 355 2731 ferens.
410 2683 674 2744 Quamvis
720 2683 881 2732 fuerit
928 2699 1010 2748 ep.
1047 2682 1247 2732 XXIII.
1290 2682 1567 2733 confessus
1625 2682 1942 2748 „Apostolos
1989 2699 2171 2732 omnes
2221 2683 2436 2732 omnino
2491 2682 2658 2733 credi-

188 2765 335 2830 disse,
379 2769 523 2833 quod
576 2768 822 2820 Christus
859 2784 893 2818 a
928 2771 1149 2819 mortuis
1198 2771 1561 2831 resurrexerit,
1600 2773 1656 2819 et
1689 2769 1760 2818 ad
1797 2769 2006 2820 coelum
2042 2784 2231 2820 revera
2266 2769 2652 2819 adscenderit.“

187 2851 275 2916 Op.
313 2854 389 2904 ed.
434 2855 657 2905 Paulus.
712 2855 831 2905 Jen.
882 2857 1032 2906 1802.
1088 2856 1160 2916 H,
1198 2857 1315 2905 514.
1356 2869 1397 2904 s.
1454 2855 1574 2905 coll.
1614 2871 1698 2921 ep.
1737 2856 1901 2904 XXV.
1948 2873 1999 2921 p.
2037 2858 2154 2905 519.
2222 2856 2496 2906 Refutavit
2543 2855 2660 2921 Spi-

188 2954 355 2989 nozam
388 2942 445 2992 P.
473 2941 694 3004 Gerike,
734 2958 906 3007 progr.
946 2958 1055 3008 quo
1090 2943 1339 2992 mirarum
1366 2941 1463 2992 sed
1488 2956 1750 2992 vanarum
1787 2943 1979 2992 artium
2014 2944 2070 2992 in
2108 2958 2230 3008 opp.
2275 2942 2396 2992 hist.
2443 2943 2656 2992 Resurr-

189 3024 239 3073 C.
272 3027 539 3078 exhibetur
578 3028 895 3094 exemplum.
934 3028 1339 3078 Helmaestadii.
1388 3029 1539 3078 1741.
1577 3045 1629 3093 p.
1672 3030 1753 3078 11.
1803 3046 1845 3078 s·
1896 3029 1956 3078 C.
2001 3029 2052 3078 S.
2105 3015 2381 3094 Georgius,
2422 3029 2486 3078 de
2523 3029 2657 3078 veri-

188 3115 279 3160 tate
332 3129 520 3164 resurr.
560 3116 721 3165 Dom.
772 3115 840 3164 ab
890 3116 1179 3181 impietatis
1228 3116 1371 3164 crim.
1422 3114 1565 3164 vind.
1616 3115 1765 3164 Witt.
1817 3117 1966 3164 1750.
2004 3132 2056 3181 p.
2107 3117 2154 3164 6.
2205 3131 2246 3164 s.
2287 3115 2659 3180 Sequebantur

187 3197 372 3249 interim
407 3201 696 3268 Spinozam
734 3201 953 3250 Deistae
978 3201 1142 3265 angli,
1178 3201 1431 3266 imprimis
1468 3200 1567 3250 Th.
1601 3201 1842 3265 Morgan,
1877 3201 1968 3252 the
1992 3201 2369 3252 Resurrection
2407 3202 2466 3251 of
2496 3201 2658 3252 Jesus

190 3285 496 3337 considered.
556 3287 733 3337 Lond.
785 3289 960 3349 1743.;
1034 3289 1121 3336 cui
1172 3287 1402 3352 praeivit
1465 3286 1564 3336 Th.
1612 3287 1959 3338 Woolstonus
2013 3289 2240 3353 scriptor
2292 3287 2412 3337 libri
2469 3303 2502 3338 a
2555 3287 2658 3336 dis-

190 3385 355 3420 course
399 3389 467 3422 on
512 3373 609 3424 the
650 3374 894 3424 miracles
944 3373 1003 3422 of
1035 3388 1133 3423 our
1170 3372 1413 3422 Saviour.
1452 3374 1583 3422 fasc.
1632 3373 1724 3422 VI.
1772 3373 2001 3422 London
2041 3375 2188 3424 1729.
2243 3373 2489 3423 Omnium
2525 3389 2657 3424 vero

189 3453 325 3505 huius
358 3461 567 3522 generis
605 3459 947 3524 impiissimus
986 3461 1099 3508 iure
1136 3459 1363 3508 habetur
1398 3459 1696 3519 Reimarus,
1741 3461 1834 3524 qui
1877 3459 2228 3524 fragmentum
2253 3461 2482 3526 scripsit,
2515 3461 2658 3526 quod

191 3540 335 3592 edidit
358 3545 417 3594 G.
436 3547 501 3595 E.
520 3546 769 3610 Lessing,
796 3546 851 3594 in
868 3545 1031 3595 Beitr.
1052 3562 1095 3593 z.
1119 3543 1310 3594 Gesch.
1333 3545 1383 3594 d.
1402 3545 1508 3594 Lit.
1546 3560 1645 3595 aus
1672 3545 1722 3594 d.
1749 3545 1802 3594 S.
1829 3545 1878 3594 d.
1906 3545 2173 3596 Wolfenb.
2199 3545 2261 3596 B.
2302 3549 2450 3598 1777.
2489 3548 2582 3610 IV,
2609 3550 2658 3598 ὅ.

191 3625 384 3692 Semler,
427 3631 673 3682 Beantw.
713 3632 761 3681 d.
798 3631 1011 3696 Fragen
1048 3633 1153 3680 ein.
1188 3631 1327 3696 Ung.
1369 3633 1519 3682 1780.
1556 3631 1853 3694 Eberhard,
1894 3631 2044 3682 Geist
2090 3632 2184 3681 des
2209 3632 2465 3682 Urchrist.
2507 3635 2656 3684 1807.

192 3712 275 3776 111,
300 3719 389 3766 119
414 3733 454 3766 s.
491 3719 543 3769 J.
572 3717 639 3768 F.
679 3717 773 3768 des
800 3717 986 3781 Oetes,
1025 3717 1113 3766 die
1147 3716 1337 3768 Gesch.
1376 3734 1427 3767 u.
1465 3718 1529 3768 L.
1566 3735 1674 3768 von
1701 3718 1750 3768 d.
1776 3718 1966 3768 Ersch.
1991 3719 2044 3768 J.
2071 3735 2122 3768 n.
2149 3736 2191 3768 s.
2217 3719 2277 3768 Τ.
2320 3721 2468 3769 1809.
2517 3721 2570 3769 J.
2607 3737 2657 3770 v.

194 3798 513 3870 Henneberg,
565 3804 767 3854 Comm.
820 3809 869 3854 ii.
920 3804 969 3853 d.
1022 3803 1215 3854 Gesch.
1253 3805 1303 3854 d.
1340 3804 1570 3854 Auferet.
1626 3806 1813 3870 Lcipz.
1864 3807 2013 3854 1826.
2075 3805 2274 3870 Aperte
2321 3805 2464 3871 quod
2509 3807 2659 3856 aiunt

196 3893 338 3938 marte
370 3894 647 3942 veritatem
684 3891 1107 3942 Resurrectionis
1145 3890 1317 3940 adorti
1354 3897 1478 3942 sunt
1514 3893 1591 3942 sic
1628 3891 1756 3942 dicti
1791 3891 2095 3957 philosophi
2132 3895 2184 3941 et
2220 3891 2454 3956 theologi
2489 3891 2657 3957 philo-

195 3973 372 4036 sophici
405 3979 597 4028 aetatis
635 3983 875 4028 nostrae:
914 3977 1103 4042 Hegel,
1135 3977 1339 4028 Vorlcs.
1390 3983 1441 4028 il.
1486 3978 1535 4028 d.
1582 3977 1778 4028 Philos.
1824 3977 1872 4026 d.
1907 3978 2023 4027 Rel.
2061 3978 2202 4029 Berl.
2242 3980 2390 4028 1840.
2428 3977 2498 4038 11,
2539 3979 2656 4028 300.

198 4055 528 4128 Rosenkranz,
569 4064 871 4130 Eucyclop.
897 4065 946 4114 d.
976 4065 1136 4114 theol.
1168 4065 1325 4114 Wiss.
1356 4066 1505 4114 1831.
1532 4081 1583 4141 p.
1617 4067 1731 4116 148.
1757 4065 1825 4114 D.
1851 4065 1914 4114 F.
1942 4065 2173 4127 Strauss,
2213 4064 2260 4113 d.
2298 4064 2483 4114 Leben
2507 4063 2657 4114 Jesu.

198 4142 227 4190 s.
256 4145 299 4194 (1.
322 4147 366 4196 d.
399 4151 555 4214 Volk,
596 4167 649 4216 p.
688 4153 807 4200 601.
843 4165 884 4200 s.
922 4151 1034 4200 Der
1072 4151 1313 4202 Christus
1354 4151 1449 4201 des
1490 4150 1766 4201 Glaubens
1806 4167 1855 4200 u.
1883 4150 1932 4200 d.
1983 4151 2144 4200 Jesus
2180 4150 2272 4200 der
2321 4149 2656 4200 Geschichte.

198 4227 315 4281 Berl.
342 4237 483 4286 1865.
526 4255 579 4303 p.
630 4239 744 4288 163.
786 4251 828 4286 s.
865 4239 968 4288 Die
1018 4237 1235 4286 Ilalben
1278 4237 1400 4286 u.d.
1446 4237 1684 4287 Ganzen.
1733 4237 1805 4287 ib.
1853 4238 2002 4286 1865.
2046 4253 2097 4302 p.
2137 4239 2220 4286 57.
2255 4250 2297 4285 s.
2344 4237 2524 4297 Keim,
2565 4236 2660 4286 der

202 4319 351 4378 gesch.
386 4323 638 4386 Christus,
677 4341 727 4389 p.
766 4325 880 4374 126.
916 4340 956 4373 s.
996 4324 1209 4385 Noack,
1246 4325 1301 4374 in
1338 4323 1543 4376 famoso
1578 4323 1762 4374 libello
1801 4323 2025 4387 Psyche.
2063 4323 2128 4372 L.
2169 4325 2319 4373 1861.
2353 4323 2422 4372 D.
2459 4321 2658 4372 Schen-

202 4399 295 4464 kel,
329 4407 407 4457 die
446 4410 841 4475 Auferstehung
885 4411 1019 4461 Jesu
1057 4411 1135 4461 als
1187 4409 1782 4462 Geschichtsthatsachc
1829 4409 1940 4459 und
1986 4409 2066 4459 als
2103 4409 2552 4473 Heilsthatsache,
2601 4412 2658 4460 in

206 4501 306 4538 ann.
336 4493 452 4560 allg.
488 4497 541 4546 k.
578 4497 834 4547 zeitschr.
871 4496 1073 4546 Elbcrf.
1103 4498 1254 4546 1865.
1290 4513 1344 4562 p.
1380 4498 1497 4547 289.
1532 4513 1573 4546 s.
1610 4496 1699 4546 Nil
1737 4497 2028 4546 omiserunt
2063 4501 2124 4544 ut
2159 4494 2308 4546 clara
2343 4496 2656 4562 Evangelia-

205 4580 347 4627 tarum
379 4583 537 4633 verba
574 4589 629 4632 et
664 4583 991 4648 Scriptorum
1028 4583 1071 4628 V
1076 4587 1275 4631 eternun
1312 4585 1615 4632 testimonia
1651 4584 1799 4631 iuxta
1823 4582 2088 4647 superbas
2124 4582 2352 4634 Criticae
2379 4579 2657 4650 ἐυστοχείας
