3267 5259
560 398 643 464 88
1232 411 1347 452 mat.
1378 410 1483 451 sev.
1516 410 1603 451 div.
1634 410 1686 451 ιτ.
1711 408 1761 450 τ.
1791 408 1961 451 Persou.
1991 408 2027 450 1.
2048 419 2140 460 ap.
2171 407 2371 460 primm.

559 588 961 671 impietatem
1009 583 1387 669 castigabat,
1434 583 1698 648 adscitis
1745 584 1812 647 in
1857 583 2160 647 factionis
2207 582 2587 647 societatem
2648 579 3034 667 principibus

560 698 789 785 plebis,
838 700 1067 784 quavis
1112 708 1250 762 arte
1296 707 1429 761 tam
1474 696 1744 761 fatalem
1791 695 1912 760 sibi
1957 698 2169 759 virum
2213 695 2494 781 perdere
2550 693 2980 759 decrevenmt
3001 698 3033 756 ¹.

560 813 857 897 Vespere
920 809 1210 875 Christus
1276 812 1509 873 iterum
1578 831 1730 873 cum
1797 807 2128 894 discipulis
2195 809 2326 872 suis
2391 807 2584 872 rediit
2639 805 3034 871 Bethaniam.

562 924 829 989 Summo
892 944 1084 987 mane
1152 922 1483 1007 sequentis
1543 920 1717 985 diei²
1774 920 1970 985 Jesus
2032 919 2248 984 denuo
2307 942 2442 984 una
2509 942 2658 983 cum
2719 917 3038 1005 Apostolis

560 1036 884 1101 Bethania
928 1036 971 1100 J
976 1034 1375 1119 erosolymas
1424 1036 1708 1099 intravit.
1788 1033 1868 1097 In
1919 1034 2060 1116 via,
2107 1055 2229 1118 per
2274 1054 2470 1118 quam
2523 1031 2732 1117 pridie
2787 1032 3039 1095 transie-

562 1160 727 1232 rant,
776 1148 1135 1213 arefactam
1180 1147 1377 1211 ficum
1424 1146 1784 1211 cernebant
1830 1146 2162 1232 discipuli,
2211 1144 2390 1231 quod
2447 1168 2598 1209 cum
2643 1146 3038 1223 mirarentur,

564 1262 856 1326 Christus
903 1260 1086 1343 dixit,
1134 1268 1379 1345 quanta
1416 1261 1514 1323 vis
1546 1270 1722 1324 esset
1765 1258 1914 1323 fidei
1963 1270 2028 1323 et
2073 1260 2401 1342 orationis,
2443 1260 2662 1322 omnia
2707 1280 2826 1321 eos
2869 1278 3040 1342 prae-

564 1376 841 1451 stituros,
890 1374 945 1436 si
996 1371 1191 1436 modo
1240 1372 1387 1436 Deo
1444 1371 1850 1436 confiderent
1869 1374 1912 1434 3.
1987 1371 2282 1455 Pergunt
2341 1372 2406 1433 in
2460 1368 2811 1456 Templum
2833 1374 2878 1451 ⁴,
2923 1391 3038 1454 quo

562 1486 708 1551 loco
756 1484 1152 1567 sacerdoteS,
1200 1483 1473 1565 scribae,
1505 1482 1861 1569 populique
1909 1484 2198 1547 seniores
2237 1482 2322 1546 ad
2355 1482 2684 1547 Christum
2730 1481 3042 1546 accedunt

564 1600 1195 1683 interrogaruntque,
1223 1617 1354 1681 qua
1375 1604 1700 1681 potestate
1725 1603 1820 1659 tot
1841 1596 2006 1659 mira
2035 1595 2374 1681 patraret?
2395 1599 2420 1637 ⁵
2465 1595 3042 1679 Interrogationem

566 1710 1075 1795 interrogatione
1118 1707 1391 1772 eludens
1436 1716 1923 1793 percunctatur,
1957 1706 2114 1792 quid
2159 1708 2280 1793 ipsi
2321 1708 2636 1772 sentirent
2665 1706 2748 1771 de
2781 1706 2828 1771 J
2831 1708 3046 1771 oannis

563 1822 908 1908 baptismo·
984 1820 1491 1907 Responderunt
1530 1842 1601 1883 se
1648 1820 1931 1902 nescire,
1977 1830 2196 1883 utrum
2249 1843 2318 1883 se
2365 1820 2728 1905 Baptistam
2785 1820 3048 1904 gesserit

564 1935 877 2018 human0,
934 1957 1017 1999 an
1079 1934 1301 1998 divino
1362 1932 1693 1997 mandato.
1769 1931 1960 1996 Tunc
2015 1956 2130 1997 eos
2185 1932 2268 1996 de
2315 1931 2712 2018 Synagogae
2775 1932 3047 2012 interitu,

564 2047 995 2134 Ecclesiaque
1051 2070 1137 2111 ex
1196 2045 1499 2131 gentibus
1548 2044 1944 2130 colligenda,
1991 2046 2321 2131 parabolis
2369 2045 2686 2110 erudiit:⁶
2730 2056 2806 2109 ut
2851 2068 2936 2109 ex
2977 2046 3046 2107 iis

566 2159 1023 2245 intelligerent,
1072 2159 1249 2245 quod
1293 2170 1703 2246 peccassent,
1752 2170 1818 2223 et
1863 2159 2022 2245 quid
2067 2161 2163 2223 sui
2212 2158 2410 2224 officii
2457 2160 2646 2225 foret.
2721 2157 3050 2222 Pharisaei

566 2295 724 2337 vero
759 2272 980 2355 etalii,
1015 2274 1125 2358 qui
1157 2272 1544 2337 audiverant
1586 2271 1785 2337 hasce
1831 2272 2180 2358 parabolas
2225 2272 2420 2337 nihilo
2468 2271 2774 2336 meliores
2822 2271 3048 2351 effecti,

570 2384 897 2450 Christum
950 2385 1273 2449 insidiosis
1331 2384 1822 2471 quaestionibus
1876 2386 2224 2466 irretitum,
2271 2386 2628 2450 maiestatis
2678 2407 2868 2449 reum
2913 2406 3048 2470 per-

569 2519 767 2582 agere
792 2500 1009 2563 conati
1034 2508 1200 2562 sunt.
1248 2497 1617 2583 Explorant
1648 2496 1878 2562 callide
1911 2520 2044 2561 una
2076 2521 2224 2562 cum
2247 2498 2644 2563 Herodianis
2665 2502 2709 2580 ⁷,
2743 2520 2831 2561 an
2859 2496 3048 2560 tribu-

568 2620 705 2674 tum
738 2609 1003 2676 Caesari
1036 2610 1457 2697 pendendum
1491 2610 1784 2675 Christus
1826 2612 2274 2677 existimaret?
2325 2610 2664 2675 Annuenti
2695 2614 2764 2675 in
2795 2620 3049 2697 promtu

570 2732 710 2786 erat
763 2723 987 2809 populi
1042 2723 1438 2809 indignatiO,
1495 2726 1794 2789 renuenti
1839 2724 2286 2790 Romanorum
2343 2726 2470 2788 ira!
2548 2723 2748 2789 Jesus
2795 2724 3050 2808 cognita

568 2834 1089 2901 adversariorum
1146 2848 1363 2901 mente
1418 2838 1621 2923 cupiit
1676 2836 1795 2901 sibi
1842 2838 2096 2902 ostendi
2153 2860 2388 2903 census
2440 2839 2797 2919 numisma,
2846 2858 2932 2901 ex
2977 2857 3048 2898 eo

780 3012 816 3079 ¹)
855 3012 1104 3063 Ceterum
1146 3013 1408 3075 consiliis,
1444 3012 1756 3077 suffragium
1799 3013 1984 3079 populi
2019 3018 2192 3063 metus
2227 3014 2436 3075 iniecit,
2477 3014 2569 3079 qui
2613 3013 2806 3063 ,losum
2849 3028 3050 3061 revere-

567 3099 726 3149 batur
748 3098 1123 3149 miraculorum
1148 3098 1514 3165 magnitudine
1541 3099 1838 3165 perculsus.
1877 3100 1917 3163 ²)
1939 3099 2100 3150 Feria
2123 3102 2297 3150 tertia.
2337 3100 2378 3164 ³)
2405 3099 2594 3149 Matth.
2615 3101 2700 3161 21,
2723 3100 2806 3150 18.
2825 3114 2867 3149 s.
2893 3098 3054 3147 Marc.

570 3188 651 3249 11,
679 3188 763 3235 12.
788 3200 831 3234 s.
876 3186 1009 3235 Luc.
1038 3186 1119 3249 19,
1144 3186 1228 3235 47.
1290 3187 1333 3250 ⁴)
1372 3185 1479 3235 Ubi
1515 3186 1620 3235 iam
1659 3201 1756 3251 per
1791 3186 1997 3252 aliquot
2031 3186 2146 3237 dies
2177 3187 2370 3237 docere
2406 3186 2632 3236 solebat.
2693 3187 2738 3251 ⁵)
2777 3186 3056 3235 Instituere

567 3271 824 3337 populum
868 3272 927 3321 in
970 3272 1103 3322 aede
1148 3272 1267 3321 Deo
1304 3286 1485 3335 sacra3
1532 3272 1658 3322 inde
1693 3272 1986 3323 vendentes
2023 3278 2078 3323 et
2113 3278 2348 3323 ementes
2393 3273 2614 3335 eiicere,
2651 3277 2708 3323 et
2741 3287 2844 3321 nec
2884 3272 3056 3321 sinere

570 3372 891 3424 quemquam
934 3357 1021 3407 vel
1066 3372 1163 3408 vas
1212 3373 1310 3424 per
1352 3360 1523 3423 ipsam
1568 3358 1802 3421 deferre,
1839 3374 1980 3425 quae
2027 3360 2204 3409 omnia
2249 3358 2319 3408 ad
2363 3358 2673 3409 sacerdotes
2719 3360 3056 3425 pertinerent.

570 3444 613 3509 ὖ)
660 3445 947 3510 Proposuit
997 3445 1166 3511 primo
1221 3444 1369 3494 illam
1415 3445 1483 3493 de
1528 3445 1740 3496 duobus
1789 3446 1910 3497 filiis
1958 3447 2028 3495 ad
2073 3446 2288 3495 vineam
2339 3444 2622 3496 colendam
2675 3447 2869 3496 missis.
2943 3445 3058 3506 Qua

572 3536 821 3581 enarrata
858 3531 927 3580 ab
964 3531 1307 3581 audientibus
1342 3532 1646 3582 sciscitatus
1685 3538 1780 3595 est,
1805 3537 1925 3583 uter
1950 3534 2088 3598 patri
2123 3547 2324 3583 morem
2361 3534 2621 3597 gesserit?
2655 3534 2832 3598 quise
2855 3532 3058 3597 palmiti

572 3621 912 3682 operaturum
946 3618 1283 3683 promittens,
1321 3632 1385 3668 eo
1420 3617 1668 3683 neglecto
1705 3622 2034 3669 recesserat?
2079 3632 2150 3669 an
2187 3620 2280 3684 qui
2315 3618 2554 3669 laborem
2599 3618 2904 3680 fastidiens,
2943 3623 3060 3684 post

570 3704 903 3769 poenitentia
955 3702 1145 3755 ductus
1198 3704 1373 3755 labori
1418 3719 1476 3754 se
1526 3706 1790 3755 accinxit?
1858 3705 2034 3755 Aliam
2081 3720 2294 3771 quoque
2347 3706 2664 3771 parabolam
2719 3704 2952 3755 addidit:
2995 3704 3058 3753 de

569 3791 731 3840 vinea
776 3790 1024 3855 agricolis
1074 3790 1308 3853 elocata,
1357 3792 1450 3856 qui
1495 3792 1577 3840 ira
1628 3792 1844 3857 perciti,
1894 3807 2078 3841 servos
2133 3792 2329 3841 fructui
2383 3791 2688 3857 colligendo
2744 3805 2779 3841 a
2831 3792 3058 3841 Domino

573 3876 899 3943 designatos,
924 3876 1062 3927 fuste
1089 3882 1339 3942 exceptos
1370 3878 1764 3940 interemerant,
1791 3877 1981 3927 vineae
2007 3878 2164 3927 etiam
2191 3876 2422 3927 haerede
2447 3878 2786 3943 postmodum
2811 3882 3058 3927 mactato.

570 3964 805 4015 Tertiam
848 3980 1063 4030 quoque
1108 3963 1423 4029 parabolam
1467 3964 1688 4013 adiecit:
1736 3963 1800 4013 de
1851 3979 1991 4029 rege,
2032 3966 2123 4029 qui
2159 3964 2402 4028 nuptiale
2449 3966 2756 4013 convivium
2803 3964 2912 4014 filio
2961 3980 3058 4013 suo

572 4057 951 4117 apparaverat,
1008 4050 1103 4101 sed
1156 4052 1391 4100 invitatis
1448 4050 1635 4115 epulas
1689 4051 2126 4115 aspernantibus,
2183 4052 2367 4115 copias
2421 4064 2548 4099 suas
2604 4064 2788 4101 eorum
2841 4050 3062 4100 urbibus

572 4138 907 4201 admoverat,
943 4137 1153 4188 facibus
1190 4138 1243 4187 in
1281 4152 1373 4187 eas
1411 4137 1479 4186 ad
1516 4137 1824 4187 incendium
1857 4138 2084 4187 iniectis.
2147 4136 2252 4187 Per
2271 4137 2421 4186 'haec
2465 4138 2650 4187 intulit
2683 4139 2816 4203 ipsis
2855 4136 3061 4203 praefe-

572 4226 790 4275 rendam
838 4239 954 4275 esse
996 4229 1337 4290 peccatorum
1374 4224 1758 4287 obedientiam3
1805 4222 2158 4289 significabat,
2198 4224 2324 4288 quid
2361 4222 2440 4273 illi
2487 4238 2618 4289 erga
2661 4226 2840 4289 ipsum
2885 4229 3062 4273 essent

572 4312 723 4361 brevi
760 4312 977 4374 facturi3
1022 4311 1469 4376 praemonstravit
1505 4309 1720 4359 tandem
1768 4312 2106 4360 vocationem
2143 4311 2378 4375 gentium
2415 4309 2485 4359 ad
2521 4309 2697 4360 fidem.
2757 4310 2946 4359 Matth.
2979 4312 3063 4370 21,

575 4400 658 4448 23.
696 4414 739 4447 s.
786 4399 868 4459 22,
906 4400 953 4447 1.
988 4412 1028 4447 s.
1077 4397 1245 4447 Marc.
1281 4400 1363 4460 11,
1398 4398 1481 4445 27.
1508 4412 1550 4446 s.
1591 4398 1673 4458 12,
1703 4399 1749 4446 1.
1777 4411 1818 4446 s.
1863 4397 1994 4446 Luc.
2021 4398 2105 4459 20,
2133 4400 2181 4447 1.
2207 4411 2248 4446 s.
2298 4397 2447 4458 Quas
2485 4396 2784 4447 Parabolas
2821 4396 3063 4463 pluribus

574 4484 844 4548 expositas
880 4482 1057 4547 legere
1093 4483 1279 4532 licebit
1313 4482 1458 4548 apud
1494 4484 1780 4548 scriptores
1819 4481 2332 4533 Commentariorum
2375 4484 2432 4532 in
2457 4482 2785 4547 Evangelia,
2824 4482 2892 4531 ad
2929 4498 3064 4547 quos

574 4569 829 4635 legendos
866 4569 927 4617 L.
954 4568 1016 4617 B.
1056 4571 1383 4632 remittimus,
1410 4585 1476 4619 nc
1507 4569 1778 4634 longiores
1815 4582 1990 4635 aequo
2028 4570 2210 4619 simus.
2260 4568 2302 4633 ⁷)
2328 4569 2396 4618 D.
2425 4586 2476 4634 q.
2502 4570 2566 4619 V.
2593 4570 2663 4618 H.
2689 4570 2754 4619 V.
2781 4569 2842 4618 Τ.
2867 4586 2916 4634 p.
2945 4570 3064 4617 595.
