3267 5259
465 402 540 451 VI
1264 415 1517 458 Protheoria
1541 415 1588 456 in
1614 415 1729 458 nist.
1759 415 1865 457 Rev.
1894 415 1991 457 Div.
2020 415 2074 456 N.
2104 416 2154 457 Τ.

726 651 840 714 De
887 650 1339 738 Synopseos
1382 649 1506 714 vel
1552 650 2025 714 Harmoniae
2071 649 2685 736 Evangeliorum

1229 763 1777 828 contexendae
1824 764 2180 828 scientia.

683 961 730 1009 5.
767 955 1155 1023 Evanyeliorum
1189 974 1445 1008 consensus
1479 963 1524 1008 et
1558 957 1812 1009 dissensus.
1855 956 2147 1007 Historiam
2184 955 2476 1006 Salvatoris
2515 956 2730 1006 Domini
2768 957 2954 1004 Nostri

465 1045 500 1092 J
505 1059 598 1094 esu
619 1042 829 1105 Christi,
857 1043 1053 1107 pariter
1073 1046 1231 1107 atque
1251 1040 1626 1107 Apostolorum
1646 1042 1815 1092 literis
1833 1042 2160 1107 mandaturi3
2182 1045 2490 1109 priusquam
2509 1043 2679 1108 ipsam
2699 1056 2953 1092 enarrare

469 1129 856 1196 aggrediamur,
882 1127 1255 1194 explicandum
1280 1143 1397 1178 esse
1420 1129 1800 1180 iudicavimus:
1828 1130 1969 1195 quid,
1997 1129 2207 1180 collatis
2228 1146 2348 1179 cum
2366 1134 2603 1180 veterum
2626 1134 2740 1178 tum
2764 1145 2951 1178 recen-

469 1219 660 1266 tiorum
695 1216 1172 1278 lucubrationibus,
1211 1217 1278 1265 sit
1304 1221 1358 1265 et
1382 1231 1498 1265 esse
1537 1216 1733 1266 debeat
1770 1215 2155 1282 ¹,Synopsis“
2196 1217 2283 1267 vel
2318 1217 2672 1278 „Harmonia“
2700 1216 2951 1282 Evange-

470 1304 672 1366 liorum,
713 1308 766 1352 et
803 1307 1057 1368 quantum
1095 1303 1334 1352 conferat
1371 1301 1440 1352 ad
1463 1303 1819 1354 Historiarum
1846 1302 2043 1352 Christi
2077 1303 2510 1368 intelligentiam;
2548 1319 2615 1352 ne
2650 1304 2954 1352 institutum

469 1389 605 1440 illud
641 1391 982 1453 existimetur,
1019 1391 1289 1440 curiosum
1325 1389 1491 1454 magis
1518 1404 1679 1454 quam
1712 1389 1861 1440 utile.
1908 1390 1982 1439 Et
2006 1404 2186 1441 sacras
2213 1389 2425 1456 quidem
2452 1389 2743 1440 Salvatoris
2768 1389 2953 1440 Histo-

471 1479 576 1528 rias
603 1492 636 1527 a
661 1483 887 1542 quatuor
905 1476 1283 1542 Evangelistis,
1309 1481 1494 1541 utpote
1519 1491 1553 1526 a
1575 1493 1617 1526 s.
1631 1476 1923 1540 Matthaeo,
1950 1491 1991 1526 s.
2006 1478 2205 1540 Marco,
2232 1494 2273 1528 s.
2299 1477 2451 1528 Luca
2475 1482 2635 1542 atque
2659 1494 2700 1528 s.
2714 1479 2949 1544 Joanne,

471 1570 722 1630 tanquam
747 1563 972 1613 testibus
998 1564 1139 1612 omni
1163 1564 1474 1628 exceptione
1499 1563 1811 1628 maioribus3
1838 1577 1873 1612 a
1897 1564 2084 1628 quovis
2104 1579 2217 1626 suo,
2245 1580 2415 1630 eoque
2436 1563 2617 1614 divino
2639 1565 2793 1615 modo
2821 1581 2949 1616 con-

472 1653 724 1716 scriptam
749 1665 865 1700 esse
900 1667 1053 1700 nemo
1081 1649 1266 1699 nescit.
1293 1649 1357 1699 V.
1370 1649 1439 1698 H.
1453 1651 1517 1699 N.
1530 1649 1590 1699 T.
1607 1667 1657 1715 p.
1674 1652 1791 1700 260.
1806 1665 1847 1699 s.
1873 1651 2071 1700 Verum
2098 1651 2364 1701 enimvero
2392 1667 2509 1700 cum
2534 1651 2744 1702 illorum
2768 1651 2871 1702 hoc
2895 1655 2953 1702 in

393 1764 403 1773 ·
471 1739 760 1802 scriptione
797 1737 898 1787 sibi
923 1737 1255 1802 propositum
1279 1735 1559 1786 consilium
1595 1741 1736 1786 esset
1758 1738 1815 1785 in
1839 1738 2147 1786 universum
2171 1737 2291 1788 coll.
2313 1739 2510 1788 Joann.
2531 1740 2613 1801 20,
2635 1740 2746 1788 31.:
2784 1755 2815 1789 e
2838 1755 2951 1790 ser-

474 1824 716 1874 monibus
744 1829 797 1872 et
820 1824 978 1873 rebus
1004 1838 1038 1873 a
1055 1822 1264 1873 Christo
1290 1823 1450 1888 gestis
1472 1837 1537 1872 ea
1557 1823 1714 1873 modo
1740 1824 1989 1886 scribere,
2014 1824 2207 1889 quibus
2226 1823 2358 1876 fides
2376 1824 2656 1875 Ecclesiae
2681 1825 2953 1876 altissimis

473 1911 736 1974 mysteriis
773 1926 868 1975 per
902 1911 1209 1960 universum
1244 1909 1497 1959 mundum
1534 1911 1896 1972 instrueretur,
1936 1909 2351 1974 confirmaretur,
2390 1915 2443 1962 et
2477 1913 2532 1960 in
2569 1927 2723 1963 omne
2760 1927 2954 1964 aevum

473 2005 756 2046 venturum
792 2001 1203 2062 propagaretur3
1242 2001 1407 2061 utque
1445 1995 1722 2046 credentes
1758 1998 1923 2046 vitam
1958 1997 2215 2047 haberent
2240 2013 2333 2063 per
2356 2013 2551 2048 nomen
2574 2000 2756 2064 ipsius,
2794 2000 2953 2048 huius

475 2082 683 2133 consilii
703 2086 894 2149 potius,
921 2099 1079 2148 quam
1099 2083 1297 2134 ordinis
1318 2088 1371 2132 et
1388 2085 1641 2149 temporis
1662 2085 1873 2134 anxiam
1891 2086 2151 2135 rationem
2168 2085 2223 2134 in
2244 2084 2538 2135 scribendis
2563 2087 2953 2137 commentariis

475 2172 584 2221 suis
620 2171 936 2238 ¹habuerunt.
986 2170 1143 2220 Unde
1173 2170 1382 2234 accidit,
1419 2170 1563 2236 quod
1587 2170 1955 2238 Hagiographi
1988 2171 2067 2220 illi
2089 2171 2216 2221 licet
2238 2173 2295 2221 in
2326 2171 2587 2222 dictorum
2624 2177 2679 2222 et
2712 2179 2953 2223 actorum

475 2259 688 2308 Domini
712 2274 788 2307 ve
801 2260 998 2307 ritate
1011 2296 1024 2321 ,
1045 2273 1302 2308 summum
1323 2263 1538 2308 servent
1557 2273 1899 2323 consensum3
1924 2259 1980 2307 in
1998 2259 2134 2308 serie
2154 2263 2331 2308 tamen
2350 2259 2707 2309 Historiarum
2726 2261 2953 2326 quisque

477 2344 797 2410 peculiarem
834 2345 934 2394 sibi
970 2345 1229 2393 rationem
1265 2350 1534 2410 sequatur.
1597 2345 1673 2395 Ut
1708 2345 1903 2395 diserte
1942 2345 2064 2395 olim
2109 2346 2215 2394 iam
2258 2345 2487 2395 advertit
2522 2361 2563 2395 s.
2600 2347 2951 2413 Epiphanius,

474 2431 616 2481 haer.
643 2431 733 2493 LI,
761 2433 843 2481 61.
880 2431 923 2494 I,
949 2432 1094 2480 42⁷.:
1137 2431 1356 2491 „Nonne
1394 2431 1614 2496 singulis
1653 2433 1868 2498 propria
1893 2431 2155 2497 quaedam
2181 2432 2449 2497 attribuit3
2487 2439 2547 2482 ut
2570 2433 2953 2499 Evangelistae

475 2523 704 2583 quatuor
729 2517 798 2567 ad
821 2517 1236 2584 praedica-ndum
1273 2518 1629 2584 Evangelium
1656 2518 1850 2568 delecti
1886 2533 2039 2568 suum
2076 2517 2345 2584 quoddam
2379 2521 2723 2585 praecipuum
2759 2536 2953 2570 munus

477 2605 770 2655 haberent?
838 2605 924 2654 Ita
971 2604 1182 2670 quidem
1226 2609 1286 2654 ut
1331 2604 1591 2655 nonnulla
1640 2605 1893 2656 concordi
1940 2620 2003 2655 ac
2052 2611 2415 2656 consentanea
2462 2622 2595 2656 voce
2644 2613 2951 2672 narrarent3

477 2709 580 2758 quo
618 2709 674 2742 se
714 2708 778 2742 ex
815 2691 1000 2742 eodem
1037 2690 1277 2741 hausisse
1315 2693 1460 2742 fonte
1497 2697 1875 2754 monstrarent,
1923 2691 2183 2758 quaedam
2222 2709 2351 2742 vero
2390 2708 2423 2743 a
2458 2692 2679 2759 singulis
2720 2700 2951 2760 praeter-

477 2780 638 2828 missa
667 2779 801 2829 alius
840 2783 1143 2845 exponeret,
1182 2780 1266 2828 cui
1293 2779 1541 2845 privatim
1576 2778 1712 2828 illud
1748 2785 1889 2829 esset
1925 2794 1959 2829 a
1982 2778 2181 2845 Spiritu
2208 2779 2403 2830 Sancto
2429 2795 2524 2846 pro
2558 2784 2676 2830 rata
2710 2782 2955 2846 portione

478 2880 928 2916 concessum....
985 2865 1073 2915 Sic
1107 2866 1163 2914 in
1209 2867 1272 2914 iis
1318 2880 1457 2931 quae
1503 2866 1705 2917 Beatus
1747 2865 1985 2916 Joannes
2032 2866 2307 2916 mandavit
2350 2868 2661 2929 memoriae,
2708 2881 2953 2932 quaeque

479 2953 678 3018 Spiritu
715 2951 912 3001 Sancto
949 2953 1280 3018 gubernante
1317 2951 1421 3001 fide
1447 2953 1588 3002 omni
1613 2967 1677 3002 ac
1702 2954 1924 3003 veritate
1960 2953 2198 3003 stabilita
2234 2958 2372 3017 sunt,
2410 2952 2463 3002 id
2486 2953 2737 3004 videlicet
2760 2960 2952 3016 actum,

479 3047 537 3090 ut
561 3056 669 3090 non
694 3039 862 3090 solum
890 3055 955 3089 ea
979 3054 1116 3105 quae
1154 3041 1367 3105 saepius
1405 3041 1660 3090 nunciata
1694 3041 1921 3102 fuerant,
1961 3045 2411 3107 proponerentur3
2449 3040 2543 3091 sed
2570 3046 2622 3091 et
2652 3043 2956 3092 necessaria

479 3126 742 3192 quaedam
779 3126 1102 3176 adderentur
1138 3127 1404 3191 dogmata,
1444 3142 1580 3192 quae
1607 3130 1769 3178 ceteri
1795 3132 1917 3177 ante
1943 3127 2089 3177 illum
2115 3128 2327 3177 minime
2358 3129 2566 3194 scriptis
2604 3129 2952 3194 attigissent.“

478 3214 638 3263 Paria
673 3213 835 3263 habet
871 3230 913 3264 s.
951 3213 1192 3264 Joannes
1239 3213 1677 3279 chrysostomus,
1724 3215 1779 3264 in
1816 3213 2001 3264 Matth.
2037 3214 2214 3264 homil.
2248 3215 2291 3277 Ι,
2328 3217 2376 3264 2.
2414 3232 2464 3280 p.
2499 3217 2547 3264 5.
2612 3214 2752 3278 „Cur
2795 3232 2956 3281 porro

479 3317 600 3350 cum
634 3307 814 3350 tantus
852 3301 922 3350 sit
957 3299 1338 3366 discipulorum
1376 3317 1624 3351 numerus
1664 3301 1769 3352 duo
1806 3305 2011 3351 tantum
2048 3317 2113 3351 ex
2148 3300 2420 3367 Apostolis
2457 3302 2721 3366 scribunt,
2760 3308 2815 3352 et
2850 3303 2957 3354 duo

481 3405 546 3437 ex
583 3403 764 3438 eorum
801 3387 1158 3452 sequacibus?
1203 3403 1327 3437 nam
1373 3387 1509 3437 alter
1553 3387 1709 3438 Pauli
1754 3387 1888 3438 alter
1932 3389 2080 3438 Petri
2124 3389 2444 3455 discipulus,
2492 3405 2611 3438 cum
2655 3389 2868 3440 -Joanne
2905 3395 2960 3439 et

479 3475 751 3525 Matthaeo
796 3473 1096 3539 Evangelia
1143 3477 1485 3539 scripserunt.
1554 3476 1696 3536 Quia
1738 3474 1867 3524 nihil
1913 3447 2463 3541 per‘ostentationem
2517 3476 2811 3540 faciebant,
2862 3477 2958 3528 sed

481 3563 660 3612 omnia
708 3561 775 3611 ad
823 3560 1120 3610 utilitatem.
1193 3561 1334 3622 Quid
1381 3562 1578 3626 igitur?
1632 3576 1701 3610 an
1748 3578 1855 3612 non
1906 3561 2206 3612 sufficiebat
2251 3579 2389 3613 unus
2438 3563 2812 3628 Evangelista‚
2868 3566 2959 3630 qui

483 3648 662 3699 omnia
695 3651 971 3698 narraret?
1032 3646 1342 3697 Sufficiebat
1378 3647 1592 3713 quidem
1629 3663 1693 3698 ac
1728 3648 1857 3698 licet
1894 3653 2121 3714 quatuor
2162 3650 2509 3715 scripserunt,
2558 3665 2733 3716 neque
2770 3650 2959 3701 eodem

481 3736 536 3784 in
572 3739 810 3800 tempore
846 3750 1020 3800 neque
1057 3733 1242 3784 eodem
1267 3735 1324 3784 in
1349 3735 1488 3798 1000,
1526 3750 1699 3800 neque
1725 3737 2031 3801 congregati
2068 3735 2224 3786 simul
2260 3741 2315 3785 et
2337 3752 2401 3786 ex
2428 3741 2604 3786 mutuo
2638 3753 2959 3804 congressu3

483 3829 536 3872 et
571 3827 749 3871 tamen
785 3838 905 3871 cum
942 3823 1097 3887 quasi
1134 3837 1199 3870 ex
1236 3837 1342 3871 uno
1369 3838 1460 3872 ore
1486 3823 1666 3873 omnia
1700 3824 2055 3888 pronuncient
2086 3821 2209 3872 hinc
2232 3837 2429 3888 magna
2465 3825 2695 3889 emergit
2718 3825 2960 3875 veritatis

483 3909 878 3959 demonstratio.
937 3909 1100 3973 Atqui
1137 3909 1348 3974 inquies
1385 3910 1598 3958 omnino
1638 3913 1824 3959 contra
1860 3909 2069 3972 accidit,
2107 3909 2269 3974 saepe
2314 3911 2450 3959 enim
2486 3911 2625 3960 inter
2660 3927 2718 3961 se
2756 3911 2959 3962 dissen-

483 3998 581 4046 tire
619 3994 1100 4060 deprehenduntur.
1157 3995 1311 4045 Certe
1357 3995 1490 4045 illud
1535 3996 1709 4061 ipsum
1756 4009 2003 4061 magnum
2052 4001 2133 4046 est
2168 4011 2263 4062 pro
2308 3997 2532 4046 veritate
2576 4003 2960 4063 argumentum.

485 4083 542 4132 Si
587 4083 724 4133 enim
771 4083 949 4132 omnia
995 4087 1244 4132 accurate
1293 4087 1677 4134 consonassent
1720 4087 1775 4132 et
1819 4087 2075 4148 quantum
2120 4082 2190 4132 ad
2226 4088 2458 4149 tempus,
2507 4089 2561 4134 et
2596 4091 2851 4150 quantum
2891 4086 2961 4134 ad

484 4169 606 4218 loca
642 4174 696 4218 et
729 4173 986 4234 quantum
1021 4168 1091 4218 ad
1125 4171 1246 4234 ipsa
1281 4169 1461 4232 verba,
1499 4184 1566 4218 ex
1599 4169 1825 4220 inimicis
1861 4184 2016 4219 nemo
2056 4168 2351 4220 crediturus
2389 4175 2516 4234 erat,
2556 4169 2649 4221 sed
2675 4187 2738 4220 ex
2776 4178 2959 4222 mutuo

485 4256 824 4321 humanoque
862 4271 1126 4306 consensu
1161 4256 1297 4305 haec
1331 4257 1532 4321 scripta
1565 4257 1730 4305 fuisse
1766 4261 2069 4321 putassent,
2117 4261 2277 4323 atque
2318 4256 2621 4309 huiusmodi
2664 4274 2961 4310 consonan-

484 4344 614 4392 tiam
649 4359 757 4393 non
795 4359 860 4392 ex
897 4342 1234 4408 simplicitate
1273 4345 1683 4410 sinceritateque
1719 4343 2024 4409 procedere.
2073 4345 2195 4394 Jam
2232 4360 2359 4394 vero
2384 4343 2481 4394 illa
2510 4346 2728 4411 quaein
2755 4347 2962 4412 exiguis

485 4430 643 4480 rebus
680 4428 1002 4494 deprehendi
1047 4429 1257 4478 videtur
1293 4428 1598 4493 diversitas,
1636 4447 1842 4482 omnem
1881 4431 1949 4481 ab
1986 4432 2119 4497 ipsis
2156 4431 2512 4497 suspicionem
2550 4431 2789 4497 depellit,
2834 4434 2961 4483 scri-

486 4518 828 4581 bentiumque
853 4515 1010 4565 fidem
1035 4515 1179 4565 clare
1204 4515 1489 4566 vindicat-‘⁴
1519 4516 1599 4567 cf.
1625 4519 1872 4581 Kiichler,
1898 4519 1965 4568 de
1990 4519 2325 4584 simplicitate
2351 4519 2663 4583 scriptorum
2689 4535 2959 4570 sacrorum

485 4604 540 4652 in
577 4603 965 4661 commentariis
1003 4602 1068 4652 de
1105 4604 1216 4653 vita
1250 4603 1382 4653 Jesu
1421 4602 1629 4654 Christi.
1672 4604 1713 4652 I.
1738 4605 1807 4653 11.
1833 4605 1981 4671 Lips.
2010 4607 2159 4656 1821.
2188 4607 2235 4655 7.
