3267 5259
603 398 687 462 74
1272 412 1389 453 nist.
1420 412 1525 453 sav.
1554 412 1644 453 siv.
1672 410 1724 452 u.
1755 410 1806 451 r.
1837 410 2004 453 Porios.
2034 412 2068 452 1.
2089 422 2186 463 esp.
2215 410 2414 462 primum.

601 608 839 668 meum,
873 586 981 667 ait,
1024 587 1264 649 amoris
1311 594 1377 649 et
1422 583 1808 649 clementiae
1855 586 2146 671 spiritum
2193 585 2482 649 nondum
2525 584 2892 668 agnoscitis.
2937 584 3074 668 Ego

598 722 733 761 non
798 697 1151 783 perdendis
1216 696 1583 761 hominibus
1651 699 1802 761 veni
1869 696 1988 761 sed
2053 696 2414 761 salvandis!
2513 696 2619 761 Ab
2689 698 2868 761 initio
2935 698 3076 761 festi

600 808 1203 874 Tabernaculorum
1242 809 1480 874 Judaei
1532 809 1575 874 J
1579 832 1761 873 esum
1787 814 1806 853 ¹
1851 809 2324 895 Hierosolymis
2363 810 2797 893 quaesierunt.
2851 810 3072 894 Itaque

600 921 1099 987 sciscitabantur
1147 944 1189 985 a
1224 920 1569 1004 Galilaeis,
1628 922 1742 986 ubi
1803 932 2008 1003 esset,
2055 944 2179 986 nec
2243 923 2518 1006 exiguus
2576 944 2802 985 rumor
2859 921 2938 985 de
3000 944 3070 985 eo

600 1034 936 1099 ferebatur
978 1037 1046 1098 in
1091 1034 1274 1099 urbe.
1352 1034 1650 1099 Tandem
1697 1034 1816 1099 sub
1873 1034 2158 1099 medium
2217 1034 2466 1099 dierum
2521 1035 2834 1098 festorum
2879 1034 3078 1099 adfuit

602 1146 912 1230 Christus,
952 1156 1149 1233 atque
1194 1149 1263 1210 in
1294 1146 1569 1232 Templo
1617 1147 1858 1212 docere
1893 1149 2110 1234 coepit
2142 1146 2478 1234 populum.
2527 1146 2847 1211 Sermone
2893 1169 3074 1231 quem

599 1258 826 1323 habuit
884 1259 972 1323 ad
1024 1261 1409 1323 concionem
1470 1259 1781 1344 ostendit,
1839 1260 2190 1325 coelestem
2253 1282 2394 1324 esse
2455 1258 2822 1325 doctrinam
2881 1282 3074 1323 suam.

602 1372 857 1437 Octavo
906 1371 1011 1436 die
1056 1373 1099 1438 J
1104 1395 1251 1436 esus
1298 1372 1429 1437 alta
1470 1396 1673 1456 voce,
1729 1383 1801 1437 ut
1843 1372 1927 1437 ab
1985 1373 2286 1438 omnibus
2339 1372 2698 1454 audiretur,
2747 1370 3073 1435 clamavit:

600 1486 652 1549 si
700 1486 845 1570 quis
890 1486 1053 1567 sitit,
1100 1487 1321 1549 veniat
1366 1483 1453 1549 ad
1494 1508 1638 1569 me,
1687 1496 1754 1551 et
1795 1485 2004 1568 bibat,
2053 1508 2292 1571 aquam
2338 1485 2724 1550 coelestem!
2753 1484 2782 1521 ²
2853 1484 3076 1547 Exitus

600 1598 917 1661 sermonis
976 1597 1116 1681 fuit,
1162 1606 1235 1661 ut
1292 1597 1587 1683 plerique
1645 1598 1728 1661 de
1787 1598 2032 1683 populo
2087 1608 2154 1662 et
2202 1597 2368 1683 legis
2431 1597 2734 1662 doctores
2793 1599 2962 1661 inter
3013 1620 3075 1659 se

600 1708 1085 1773 altercarentur.
1158 1710 1523 1775 Nicodemo
1568 1718 1792 1795 partes
1822 1710 2087 1775 Domini
2133 1720 2624 1797 propugnante:
2673 1730 2952 1794 cumque
2999 1730 3076 1771 ex

598 1821 789 1886 turba
847 1820 1029 1886 multi
1090 1822 1553 1905 credidissent,
1614 1821 1920 1887 ardentes
1981 1823 2224 1887 invidia
2283 1822 2687 1887 Judaeorum
2746 1822 3076 1907 primores„

598 1936 923 2000 ministros
968 1937 1203 1999 misere
1250 1959 1401 2000 suos
1445 1944 1517 1999 ut
1561 1936 1789 2000 Jesum
1847 1946 2192 2021 caperent,
2240 1936 2474 2021 quibus
2518 1935 2844 1999 Dominus
2889 1933 3076 2011 dixit3

596 2047 705 2111 vel
749 2048 1265 2134 repugnantibus
1308 2048 1558 2112 tamdiu
1600 2048 1942 2113 vobiscum
1987 2071 2120 2113 una
2161 2048 2497 2131 versabor,
2531 2046 2846 2133 quamdiu
2887 2046 3077 2110 Pater

598 2182 781 2225 meus
825 2159 1107 2224 voluerit
1124 2162 1168 2223 3.
1229 2159 1503 2245 Dilapso
1550 2160 1795 2246 populo
1842 2163 1908 2225 in
1956 2160 2186 2225 domos
2233 2182 2404 2242 suas,
2441 2160 2638 2224 Jesus
2681 2161 2972 2244 perrexit
3013 2160 3074 2220 in

598 2283 887 2337 montem
921 2272 1181 2355 Oliveti,
1212 2272 1385 2337 unde
1419 2273 1702 2339 diluculo
1747 2273 2010 2338 rediens
2041 2276 2108 2337 in
2137 2272 2482 2359 Templum
2527 2294 2678 2336 curn
2708 2270 2952 2335 ibidem
2983 2294 3072 2335 se·

598 2385 787 2449 deret
817 2383 1081 2467 docens,
1108 2384 1359 2449 scribae
1386 2396 1453 2449 et
1475 2386 1812 2451 Pharisaei
1849 2386 2266 2451 adduxerunt
2297 2385 2636 2450 mulierem
2666 2386 2734 2448 in
2765 2384 3074 2448 adulterio

600 2496 1094 2584 deprehensam,
1127 2508 1570 2584 rogaruntque
1605 2498 1760 2584 quid
1793 2499 1968 2563 facto
2009 2520 2175 2584 opus
2215 2508 2404 2579 esset,
2439 2520 2586 2563 cum
2618 2498 2802 2561 iuxta
2831 2496 3074 2581 Legem

594 2610 871 2697 lapidari
935 2610 1257 2676 deberet?
1278 2614 1301 2655 ⁴
1392 2610 1686 2676 Christus
1746 2611 1857 2676 ubi
1921 2613 2188 2676 sentiret
2255 2612 2740 2675 accusationem
2807 2608 3074 2674 subdolo

596 2725 811 2789 animo
858 2726 1166 2809 proponi,
1214 2723 1553 2811 suspendit
1608 2724 1953 2807 iudicium3
2017 2734 2084 2788 et
2124 2726 2310 2788 iussit
2363 2722 2647 2808 aliquem
2693 2744 2780 2787 ex
2827 2722 3074 2787 adstan-

596 2833 769 2899 tibus
835 2838 903 2899 in
970 2836 1283 2901 feminam
1348 2838 1629 2923 primum
1705 2837 1994 2924 lapidem
2067 2840 2284 2901 iacere
2305 2886 2322 2919 ,
2399 2838 2512 2921 qui
2578 2857 2808 2900 exsors
2875 2836 3074 2899 crimi-

596 2948 695 3011 nis
763 2956 953 3011 esset.
1050 2948 1318 3012 Interim
1386 2972 1614 3013 eorum
1695 2951 1964 3013 crimina
2037 2948 2354 3013 exarabat
2427 2950 2495 3011 in
2561 2946 2834 3033 pulvere
2903 2948 3074 3033 pavi-

598 3062 795 3123 menti
816 3064 859 3143 ⁵,
908 3082 1075 3145 quae
1124 3082 1273 3124 cum
1319 3060 1629 3146 legissent
1676 3072 1740 3126 et
1787 3084 2010 3127 eorum
2059 3070 2277 3126 essent
2329 3062 2608 3142 conscii,
2657 3059 2892 3144 singuli
2937 3069 3078 3145 post

598 3172 759 3237 alios
807 3172 915 3235 alii
960 3172 1339 3237 discessere.
1416 3174 1603 3237 Tunc
1649 3173 1844 3237 Jesus
1899 3195 2173 3258 surgens
2228 3196 2410 3237 rea-m
2457 3175 2550 3237 sic
2595 3172 2970 3255 admonuit,
3013 3179 3078 3233 ut

598 3282 974 3349 ostenderet
1032 3306 1247 3370 neque
1310 3285 1430 3350 sibi
1490 3287 1864 3368 scientiam,
1911 3296 1980 3349 ut
2034 3285 2293 3371 culpam
2354 3292 2821 3369 cognosceret,
2867 3304 3075 3368 neque

593 3398 900 3462 iustitiam
944 3406 1015 3461 ut
1060 3398 1441 3482 castigaret,
1486 3421 1702 3484 neque
1750 3398 2128 3462 facilitatem
2173 3408 2244 3461 ut
2291 3397 2724 3479 condonaret,
2771 3396 3076 3461 homini

596 3509 820 3573 simul
866 3519 1101 3595 atque
1140 3510 1307 3574 Deo
1356 3510 1644 3575 defuisse
1665 3514 1708 3573 θ.
1769 3509 2284 3575 Accusatoribus
2325 3532 2476 3573 cum
2515 3509 2782 3596 probro,
2815 3508 3075 3571 muliere

592 3642 752 3684 vero
800 3644 948 3685 cum
991 3623 1188 3685 venia
1234 3622 1526 3702 dimissis,
1573 3624 1808 3687 iterum
1857 3624 2240 3687 concionem
2287 3620 2528 3706 alloqui
2577 3622 2967 3706 suscipiens,
3013 3640 3074 3681 se

595 3730 865 3796 mundi
901 3731 1164 3798 lucem
1206 3733 1387 3797 dixit.
1431 3734 1739 3799 Offensus
1773 3733 2070 3820 improba
2093 3733 2593 3798 Pharisaeorum
2627 3732 3075 3811 obstinatione,

594 3846 660 3907 in
691 3856 967 3929 peccato
1016 3868 1133 3911 suo
1182 3848 1537 3911 exstinctos
1582 3849 1660 3911 iri
1706 3847 2099 3932 pronuntiat.
2145 3845 2354 3911 Multa
2397 3844 2686 3909 addiecit
2730 3845 2814 3909 de
2857 3866 3076 3909 neces-

806 4036 843 4103 1)
880 4039 1051 4098 Quem
1086 4038 1287 4102 passim
1323 4036 1393 4086 ad
1429 4037 1674 4087 solennia
1705 4038 1844 4089 festa
1879 4037 2214 4103 metropolim
2247 4052 2306 4087 se
2341 4038 2582 4087 conferre
2619 4037 2836 4087 solitum
2871 4041 3074 4087 norant.

595 4123 635 4189 ²)
674 4124 755 4174 Cf.
778 4124 1028 4189 Deyling,
1056 4123 1186 4173 Obs.
1213 4137 1255 4173 s.
1290 4122 1370 4187 ΙΙ,
1397 4125 1482 4173 31.
1506 4140 1559 4188 p.
1586 4126 1706 4174 302.
1765 4124 1806 4189 ³)
1843 4124 2040 4174 Joann.
2070 4127 2116 4186 7,
2150 4127 2370 4175 11-52,
2431 4123 2473 4190 4)
2509 4124 2866 4174 Accusatores
2903 4124 3076 4173 crede-

592 4210 727 4259 bant
750 4225 785 4259 a
808 4226 865 4259 se
892 4210 1161 4260 Christum
1192 4212 1270 4259 sic
1306 4209 1635 4275 implicatum
1659 4212 1740 4273 iri,
1767 4215 1828 4260 ut
1849 4210 2146 4275 periculum
2183 4210 2356 4261 adiret
2389 4210 2624 4261 violatae
2659 4210 3075 4261 mansuetudinis

594 4296 683 4346 vel
717 4295 907 4361 legalis
942 4297 1195 4347 iustitiae.
1258 4297 1297 4361 ⁵)
1335 4296 1423 4346 Ita
1458 4310 1499 4346 s.
1524 4297 1912 4361 Hieronymus,
1951 4296 2148 4362 dialog.
2191 4303 2380 4347 contra
2413 4296 2598 4362 Pelag.
2631 4313 2683 4346 n.
2723 4299 2807 4345 17.
2849 4296 2928 4359 Π,
2967 4298 3074 4345 ‘261-

596 4382 637 4447 θ)
675 4382 872 4432 Joann.
906 4385 955 4445 8,
992 4386 1040 4433 1.
1074 4397 1117 4431 s.
1168 4382 1248 4433 cf.
1284 4382 1407 4433 Chr.
1440 4383 1505 4432 L.
1538 4382 1742 4446 stolidi,
1779 4384 2000 4448 interpr.
2035 4380 2344 4451 γεωγραφίας
2383 4384 2504 4434 Chr.
2529 4383 2674 4433 Gott-
2713 4385 2864 4434 1738.
2897 4400 2952 4449 p.
2984 4384 3074 4442 13„

588 4470 689 4534 qui
733 4473 911 4518 tamen
956 4470 1073 4519 vult
1108 4468 1375 4520 Christum
1418 4486 1527 4519 non
1571 4486 1700 4519 vere
1737 4470 2038 4535 scripsisse,
2076 4470 2170 4520 sed
2206 4484 2422 4521 manum
2465 4474 2674 4520 tantum
2717 4471 2776 4519 in
2811 4470 3074 4521 substrato

593 4556 900 4623 pavimento
936 4556 1181 4630 movisse,
1220 4561 1379 4632 atque
1415 4557 1495 4606 ita
1530 4557 1811 4607 scribentis
1850 4558 2174 4623 expressisse
2209 4557 2508 4625 imaginem.
