3267 5259
556 379 681 444 120
1221 393 1337 434 nist.
1368 393 1472 434 nov.
1502 392 1592 435 div.
1620 393 1677 435 Η.
1706 393 1757 435 r.
1787 393 1956 436 Parios.
1985 394 2020 436 1.
2041 405 2133 446 ap.
2165 394 2361 445 primum.

550 572 661 642 los,
724 592 798 629 ne
856 591 892 629 a
948 572 1065 630 fide
1108 577 1167 630 et
1211 572 1523 630 dilectione
1566 572 1871 644 deficiant,
1933 575 2030 632 sed
2091 574 2178 632 ita
2236 575 2518 648 magistro
2577 595 2682 632 suo
2747 574 3064 632 coniuncti

552 685 827 733 maneant
870 697 985 751 per
1030 676 1204 734 fidem
1249 695 1316 733 ac
1360 696 1644 748 amorem,
1709 683 1780 734 ut
1833 677 2101 753 palmites
2155 679 2269 736 viti
2331 679 2671 736 adhaerent.
2747 679 2854 736 Ita
2907 679 3064 735 enim

552 780 811 837 fructum
856 781 1157 856 proferent
1211 781 1591 851 uberrimum,
1641 781 1692 838 si
1739 800 1900 838 secus
1931 781 2194 860 alioquin
2237 782 2659 840 exscindentur
2704 789 2770 840 et
2821 781 3064 840 nullum

552 885 871 960 producent
900 886 1179 943 fructum.
1226 886 1477 960 Operam
1508 886 1642 942 date
1669 889 1738 942 ut
1769 887 2052 944 maneatis
2083 886 2147 943 in
2178 885 2496 944 delectione
2525 907 2674 944 mea.
2721 887 3064 944 Hominum

552 989 711 1046 enim
752 993 813 1045 et
856 989 1103 1059 Christi,
1152 995 1451 1066 tamquam
1511 989 1824 1064 palmitum
1869 995 1927 1048 et
1969 990 2112 1048 vitis
2157 990 2490 1048 coniunctio
2515 988 2552 1061 ¹,
2615 983 2878 1048 caritate
2927 1009 3064 1046 con-

554 1094 779 1150 tinetur
792 1089 837 1150 ².
906 1093 1167 1166 Diligere
1212 1113 1313 1150 vos
1358 1099 1561 1150 mutuo
1605 1094 1853 1165 debetis,
1914 1099 1982 1152 ut
2039 1094 2091 1151 si
2135 1095 2406 1170 expediat
2453 1099 2715 1152 mortem
2761 1115 2880 1170 pro
2931 1113 3060 1170 pro-

555 1196 715 1253 ximo
761 1197 1065 1271 oppetatis,
1113 1197 1243 1254 vita
1285 1197 1443 1254 enim
1488 1197 1642 1255 nihil
1687 1198 1898 1255 carius.
1967 1198 2088 1255 Iste
2131 1204 2216 1255 est
2263 1217 2423 1256 amor
2471 1217 2652 1269 meus,
2707 1219 2809 1255 me
2857 1199 3064 1256 imita-

555 1300 723 1358 mini.
792 1300 907 1356 Vos
971 1320 1197 1375 semper
1256 1301 1433 1358 habui
1496 1301 1820 1358 amicorum
1873 1302 2023 1373 loco,
2087 1321 2224 1359 nam
2268 1308 2408 1360 nota
2451 1302 2620 1361 vobis
2665 1301 2784 1359 feci
2837 1303 3058 1371 omnia,

554 1423 703 1480 quae
747 1424 784 1461 a
826 1404 1002 1460 Patre
1046 1423 1173 1460 meo
1217 1405 1427 1479 accepi,
1475 1409 1545 1462 ut
1588 1405 1809 1463 abeatis
1853 1406 1918 1463 in
1963 1409 2160 1464 orbem
2203 1411 2264 1464 et
2305 1406 2566 1464 fructum
2607 1407 2888 1463 afferatis
2927 1405 3058 1462 fidei

556 1507 927 1580 evangelicae
992 1514 1447 1581 permanentem.
1524 1509 1754 1566 Iterum
1813 1515 1986 1587 atque
2050 1510 2268 1568 iterum
2333 1516 2391 1567 et
2459 1510 2691 1585 saepius
2757 1510 3064 1586 praecipio

556 1611 747 1682 vobis,
812 1615 879 1668 ut
937 1611 1198 1685 diligatis
1260 1631 1387 1670 meo
1446 1613 1712 1688 exemplo
1773 1614 2072 1688 provocati
2132 1613 2236 1671 alii
2297 1613 2459 1671 alios.
2529 1617 2816 1670 Amorem
2863 1613 3060 1670 veluti

556 1714 826 1791 clypeum
872 1716 1144 1790 opponite
1190 1715 1320 1774 odio
1364 1717 1588 1774 mundi.
1658 1717 1866 1774 Amori
1927 1718 2289 1774 contrarium
2343 1723 2431 1775 est
2474 1717 2700 1787 odium,
2751 1719 3056 1793 praecepit

556 1819 959 1876 divinissimus
1004 1819 1273 1878 Salvator
1331 1827 1601 1878 mutuum
1665 1840 1952 1888 amorem;
2023 1841 2180 1879 nunc
2251 1823 2318 1878 ad
2367 1822 2780 1879 sustinendum
2823 1823 3054 1890 odium,

556 1943 671 2000 quo
714 1923 1026 1999 discipulos
1083 1923 1267 1999 ipsius
1310 1924 1539 1981 inimici
1597 1931 2035 2002 persequentur,
2098 1931 2290 1984 armat
2305 1923 2347 1982 ³.
2415 1925 2477 1982 Si
2524 1925 2700 2000 impii
2761 1926 3056 1993 homines,

558 2033 797 2103 propter
840 2029 947 2084 hoc
992 2027 1185 2102 ipsum
1228 2030 1381 2104 quod
1426 2028 1538 2085 mei
1585 2029 1723 2085 estis
1767 2047 1870 2085 vos
1915 2029 2044 2086 odio
2088 2030 2331 2098 habent,
2394 2029 2599 2086 scitote
2654 2049 2748 2085 me
2793 2029 3050 2104 praeire,

558 2131 722 2208 prior
766 2131 923 2188 enim
969 2132 1041 2188 ab
1086 2131 1207 2189 illis
1250 2131 1381 2188 odio
1424 2131 1664 2189 habitus
1692 2151 1840 2190 sum.
1888 2131 2120 2190 Similes
2164 2133 2279 2190 sibi
2325 2132 2543 2196 similes
2585 2131 2868 2206 diligunt.
2924 2134 3058 2190 Non

560 2241 1005 2313 persequeretur
1046 2253 1149 2292 vos
1193 2237 1462 2306 mundus,
1510 2235 1561 2293 si
1606 2235 1778 2310 impii
1823 2236 2021 2293 essetis
2065 2242 2124 2293 et
2167 2236 2477 2294 increduli.
2534 2235 2719 2318 'Nihil
2763 2242 2854 2294 est
2899 2237 3056 2315 quod

560 2345 910 2415 praetexant
966 2337 1163 2414 impii;
1232 2358 1371 2395 nam
1430 2358 1563 2396 cum
1622 2340 1779 2397 inter
1839 2359 1932 2396 eos
1993 2345 2258 2398 versatus
2319 2341 2430 2397 sim
2493 2339 2822 2398 instructus
2875 2341 3054 2397 certis

559 2443 850 2500 missionis
896 2463 1055 2500 meae
1100 2442 1478 2516 argumentis,
1527 2449 1586 2500 et
1628 2443 1778 2500 scire
1823 2445 2151 2501 debuerunt
2195 2463 2286 2500 me
2331 2463 2366 2500 a
2394 2445 2572 2512 Patre
2615 2463 2736 2500 esse
2785 2443 3052 2500 missum.

560 2547 859 2624 Quidquid
905 2547 971 2603 in
1014 2565 1121 2615 me,
1170 2547 1295 2603 sine
1341 2546 1466 2604 ulla
1508 2565 1706 2617 causa,
1757 2547 2236 2605 contumeliosum
2255 2519 2535 2618 vfaciunt,
2599 2547 2660 2604 id
2708 2549 2877 2604 Patri
2927 2567 3054 2604 meo

560 2649 844 2708 inferunt.
914 2650 1024 2706 Sed
1066 2651 1177 2706 hac
1221 2651 1281 2706 in
1330 2670 1394 2707 re
1440 2650 1499 2707 id
1544 2657 1757 2724 agunt,
1806 2653 1959 2728 quod
2003 2651 2145 2709 olim
2186 2652 2469 2723 Davides‚
2519 2651 2622 2729 qui
2673 2659 2882 2728 typum
2935 2653 3048 2709 mei

560 2754 754 2828 gessit,
803 2753 913 2811 sibi
960 2752 1088 2810 fieri
1136 2758 1479 2830 conquestus
1522 2753 1674 2823 est43
1723 2757 1876 2812 unde
1922 2757 2136 2826 evenit,
2185 2761 2252 2813 ut
2295 2757 2404 2814 hoc
2447 2755 2514 2813 in
2555 2775 2646 2812 me
2679 2755 3050 2831 impleretur.

561 2858 829 2915 Ceterum
876 2876 1091 2925 eorum,
1162 2877 1308 2936 quae
1363 2858 1530 2916 docui
1584 2863 1792 2916 testem
1847 2859 2082 2916 mittam
2123 2859 2414 2935 Spiritum
2467 2865 2766 2930 sanctum,
2835 2867 2894 2916 et
2952 2880 3050 2916 vos

560 2981 787 3040 quoque
840 2962 1037 3018 eodem
1098 2961 1402 3037 inspirati,
1465 2961 1720 3037 idipsum
1791 2963 2192 3021 testimonium
2251 2965 2320 3021 de
2395 2981 2486 3019 me
2555 2961 2829 3034 feretis⁵;
2911 2965 3052 3042 quia

776 3167 811 3232 ¹)
846 3167 1139 3232 Eleganter
1174 3165 1276 3215 hac
1313 3165 1379 3215 de
1416 3182 1473 3215 re
1511 3183 1553 3216 s.
1590 3166 1876 3228 Paulinus,
1915 3182 1999 3232 ep.
2037 3166 2105 3215 Π.
2144 3165 2214 3216 ad
2253 3165 2524 3216 Severum.
2565 3167 2741 3224 „Nihil
2769 3169 2908 3216 enim
2933 3169 3048 3217 sine

564 3270 627 3304 eo
664 3253 841 3303 facere
880 3269 1185 3318 possumus,
1248 3254 1377 3317 quia
1421 3255 1539 3318 ipse
1582 3261 1664 3303 est
1699 3254 1823 3304 vitis
1859 3267 1988 3302 vera
2025 3259 2078 3303 et
2111 3269 2210 3304 nos
2247 3258 2519 3304 sarmenta
2554 3255 2686 3303 eius.
2749 3253 2806 3302 Si
2843 3256 2898 3303 in
2935 3256 3048 3304 eins

565 3341 850 3390 dilectione
886 3354 1220 3403 maneamus,
1276 3355 1385 3390 non
1430 3341 1744 3401 arescimus,
1799 3341 2042 3390 viventes
2089 3355 2250 3389 succo
2287 3340 2484 3390 radicis
2521 3345 2804 3404 aeternam
2843 3355 2942 3390 nec
2979 3341 3044 3389 ad

562 3429 739 3492 ignem
786 3427 1178 3491 amputabimur
1222 3427 1326 3490 ira,
1388 3426 1481 3477 sed
1529 3425 1597 3474 ad
1643 3426 1874 3474 fructum
1921 3426 2226 3491 putabimur
2273 3425 2577 3491 disciplina,
2634 3432 2900 3492 purgante
2954 3441 3046 3475 nos

565 3513 927 3577 Evangelicae
962 3512 1116 3562 falcis
1154 3515 1297 3575 acie,
1344 3517 1407 3562 ut
1440 3513 1704 3576 castigata
1738 3511 1946 3561 luxurie
1983 3512 2216 3577 palmitis
2251 3513 2418 3562 nostri
2457 3511 2785 3562 fructuosius
2821 3513 3044 3578 pullule-

564 3603 729 3648 mus.“
768 3601 950 3664 Magn.
986 3599 1124 3648 Bibl.
1164 3600 1223 3648 P.
1250 3600 1310 3648 P.
1339 3598 1451 3648 Col.
1483 3600 1631 3648 1618.
1659 3597 1701 3647 1.
1729 3602 1776 3660 1,
1805 3599 1920 3648 147.
1983 3597 2026 3659 ²)
2063 3598 2260 3648 Joann.
2289 3601 2367 3658 15,
2403 3599 2590 3649 9-17,
2653 3597 2695 3664 ³)
2731 3599 2927 3649 Joann.
2971 3603 3044 3652 15.

568 3687 787 3746 18-16,
814 3688 862 3734 4.
912 3685 953 3750 ⁴)
990 3686 1078 3734 Ps.
1106 3687 1189 3746 24,
1230 3687 1310 3735 19.
1338 3688 1421 3747 34,
1461 3687 1539 3735 19.
1568 3686 1650 3746 68,
1691 3687 1739 3734 5.
1773 3686 1837 3735 V.
1873 3685 1942 3734 H.
1977 3686 2040 3734 R.
2073 3686 2138 3735 V.
2165 3685 2226 3734 Τ.
2261 3701 2313 3750 p.
2339 3687 2459 3734 271.
2497 3700 2539 3734 s.
2575 3687 2696 3734 281.
2731 3703 2776 3736 s.
2835 3688 2878 3739 ⁵)
2917 3685 3047 3735 Con.

564 3771 760 3820 Joann.
801 3775 882 3833 14,
922 3773 1001 3822 16.
1041 3774 1119 3821 17.
1156 3773 1239 3820 26.
1286 3771 1515 3820 efficitur
1558 3771 1812 3837 Spiritum
1866 3776 2108 3821 sanctum
2161 3785 2196 3819 a
2249 3771 2408 3820 Patre
2453 3770 2700 3836 Filioque
2749 3773 3045 3836 procedere.

564 3858 611 3908 A
648 3858 831 3918 Patre,
894 3859 1021 3922 quia
1057 3873 1121 3908 ex
1156 3857 1461 3908 substantia
1498 3859 1611 3907 eius
1658 3857 1914 3923 procedit.
1977 3857 2083 3906 Sed
2121 3862 2175 3906 et
2220 3871 2254 3906 a
2299 3857 2495 3918 Verb0,
2545 3857 2790 3922 alioquin
2845 3860 3044 3907 mittere

565 3943 715 3993 illum
748 3943 919 3993 Filius
956 3959 1061 3993 non
1100 3949 1297 4008 posset,
1336 3943 1479 4008 quod
1516 3949 1695 3993 tamen
1731 3943 2015 4008 promittit3
2079 3943 2328 4008 quoniam
2366 3956 2598 4007 persona
2644 3942 2834 3993 divina
2883 3945 2952 3993 ab
2989 3959 3046 3992 ea

564 4031 802 4092 mittitur,
842 4045 875 4080 a
911 4045 1019 4095 qua
1054 4031 1317 4095 procedit3
1358 4030 1549 4094 quodsi
1586 4031 1656 4079 ab
1695 4045 1760 4080 ea
1795 4043 2026 4096 persona
2061 4045 2168 4078 non
2211 4029 2495 4095 procedat,
2547 4030 2684 4079 mitti
2723 4031 2796 4080 ab
2845 4047 2916 4080 ea
2947 4047 3046 4080 non

567 4122 758 4182 potest.
792 4118 877 4166 Ita
914 4131 954 4165 s.
994 4116 1223 4180 Cyrillus
1260 4115 1360 4177 AL,
1396 4118 1451 4166 in
1490 4133 1554 4181 ep
1593 4117 1662 4165 ad
1699 4117 2026 4179 Nestorium,
2065 4131 2204 4181 quae
2241 4116 2470 4165 habetur
2503 4117 2562 4164 in
2601 4115 2846 4166 Concilio
2881 4117 3044 4182 Ephe·

568 4205 683 4253 sino
722 4203 1021 4268 approbata
1055 4203 1098 4264 1,
1134 4205 1183 4252 4.
1222 4203 1382 4268 apud.
1420 4202 1585 4251 Hard.
1622 4202 1664 4263 1,
1703 4205 1852 4252 1291.
1915 4203 2212 4252 Concilium
2249 4201 2618 4251 Florentimun
2656 4204 2714 4251 in
2759 4203 2974 4253 decreto
3011 4219 3047 4250 s.

568 4291 810 4352 Unionis,
849 4289 922 4338 ib.
956 4289 1049 4352 IX,
1087 4292 1205 4339 422.
1232 4291 1349 4339 986.
1412 4290 1475 4338 In
1512 4289 1613 4338 hoc
1653 4289 1897 4353 dogmate
1935 4297 2043 4337 tam
2079 4289 2285 4350 Latini,
2325 4303 2486 4352 quam
2523 4287 2722 4338 Graeci
2759 4291 2948 4338 Patres
2981 4290 3046 4336 ibi

570 4381 967 4426 consenserant.
1024 4376 1095 4425 At
1143 4391 1325 4424 rursus
1363 4375 1431 4424 ab
1470 4376 1576 4424 ista
1608 4374 1838 4423 veritate
1873 4374 2184 4423 defecerunt
2221 4375 2414 4424 Graeci
2451 4373 2806 4436 schismatici,
2841 4389 3044 4424 versan-

570 4469 763 4527 turque
800 4463 959 4511 etiam
996 4461 1153 4510 hodie
1190 4477 1405 4527 quoque
1440 4463 1495 4510 in
1534 4462 1762 4511 maximo
1802 4476 2004 4522 errore,
2069 4476 2187 4510 cum
2212 4460 2412 4509 -dicunt
2449 4461 2704 4526 Spiritum
2743 4479 2787 4511 s.
2835 4477 2868 4510 a
2913 4461 3044 4511 solo

570 4548 781 4608 Patre,
818 4563 925 4595 non
952 4552 1127 4595 autem
1167 4552 1229 4596 et
1266 4561 1299 4596 a
1322 4547 1496 4596 Filio
1532 4545 1838 4612 procedere.
1866 4547 1988 4608 Qua
2011 4546 2076 4596 de
2101 4563 2160 4595 rc
2182 4545 2444 4612 legendus
2465 4551 2548 4596 est
2571 4548 2792 4596 omnino
2823 4546 2918 4596 cel.
2941 4546 3044 4594 Leo
