3267 5259
1213 446 1415 489 Christus
1442 458 1686 501 resurgens.
2573 438 2698 501 165

214 624 319 707 git3
365 643 652 707 cumque
700 644 773 687 se
819 623 1225 687 incurvasset
1248 626 1290 705 ¹,
1338 621 1501 687 vidit
1545 623 1761 708 posita
1805 622 2025 705 lintea,
2071 645 2202 687 non
2248 631 2468 687 tamen
2499 625 2694 689 intro·

214 736 331 799 ivit.
374 734 617 799 Petrus
646 758 809 801 vero
842 735 887 800 J
890 757 1169 801 oannem
1212 737 1513 821 proxime
1544 744 1809 800 secutus
1838 736 2124 801 introivit
2162 738 2228 799 in
2259 734 2694 821 sepulchrum,

214 846 484 911 similiter
556 847 604 911 J
607 870 859 913 oannes
934 847 1203 913 Petrum
1278 849 1585 913 imitatuS.
1681 846 1898 913 Ambo
1977 847 2278 913 omnibus
2355 847 2696 934 diligenter

212 958 474 1024 lustratis
492 1010 509 1043 ,
579 969 1074 1047 conspexerunt
1129 961 1369 1025 fascias
1424 961 1716 1025 iacentes
1779 969 1845 1025 et
1899 960 2256 1043 sudarium,
2321 984 2448 1047 quo
2498 972 2695 1048 caput

213 1070 403 1136 fuerat
462 1071 891 1156 obvolutum;
968 1096 1101 1138 non
1163 1072 1427 1159 quidem
1490 1072 1724 1137 eodem
1788 1096 1935 1139 cum
1996 1074 2214 1139 fasciis
2256 1073 2404 1141 loco
2450 1075 2692 1157 iacens,

213 1183 313 1247 sed
356 1184 647 1250 diverso.
668 1188 695 1229 2
763 1185 951 1251 Tunc
996 1187 1192 1271 igitur
1235 1186 1530 1251 Joannes
1577 1185 1764 1252 dictis
1811 1208 1850 1250 a
1893 1185 2288 1271 Magdalena
2334 1186 2415 1251 de
2463 1209 2692 1273 corpo-

208 1299 281 1359 ris
323 1296 631 1361 absentia
675 1296 873 1361 fidem
918 1296 1163 1365 habere
1213 1298 1465 1384 coepit:
1526 1299 1617 1363 ita
1668 1298 1952 1384 quidem,
1999 1308 2072 1363 ut
2115 1321 2264 1363 cum
2309 1298 2505 1365 Petro
2551 1321 2692 1365 rem

210 1418 443 1493 gestam
512 1409 956 1475 admiraretur
1016 1420 1081 1475 et
1140 1433 1324 1497 spem
1386 1410 1713 1475 Christum
1772 1410 2101 1476 revisendi
2166 1434 2286 1497 per
2351 1411 2693 1477 intervalla

210 1521 471 1605 foveret3
538 1522 664 1588 sed
708 1521 909 1610 plena
950 1523 1191 1588 fiducia
1234 1526 1455 1587 vivum
1503 1522 1772 1589 credere
1817 1524 2109 1589 nondum
2162 1523 2456 1589 valuerit.
2523 1525 2691 1590 Nec-

212 1632 347 1699 dum
390 1637 569 1700 enim
621 1636 1109 1723 perspiciebant
1152 1637 1607 1701 vaticiniorum
1651 1639 1805 1721 vim,
1855 1635 2087 1723 quibus
2132 1659 2475 1723 resurgere
2509 1636 2690 1704 Chri-

211 1758 357 1811 stum
400 1770 441 1812 a
486 1750 769 1813 mortuis
816 1760 1119 1835 oportere
1166 1748 1574 1835 praedictum
1620 1760 1720 1814 est
1741 1753 1784 1813 ³.
1847 1749 1969 1814 His
2014 1749 2248 1814 Petrus
2281 1759 2346 1814 et
2375 1750 2688 1835 Joannes,

208 1873 269 1923 ut
306 1862 395 1925 rei
438 1884 481 1925 a
528 1884 606 1925 se
653 1864 835 1926 visae
882 1864 1097 1927 socios
1142 1872 1509 1943 monerent,
1556 1862 2002 1948 Jerosolymas
2047 1861 2319 1927 rediere.

392 1972 615 2038 Maria
678 1973 1109 2059 Magdalene‚
1181 1997 1349 2060 quae
1412 1998 1561 2039 cum
1619 1977 1698 2040 iis
1765 1984 2072 2059 venerat,
2143 1977 2428 2040 constitit
2486 1974 2689 2041 luctui

213 2084 539 2171 indulgens
614 2086 775 2151 foris
840 2086 925 2150 ad
981 2096 1505 2170 monumentum,
1574 2086 1838 2174 plorans
1901 2111 1936 2153 e
1997 2097 2178 2155 metu
2238 2097 2302 2153 et
2362 2088 2684 2155 desiderio

220 2198 583 2264 inveniendi
654 2202 949 2285 corporis
996 2198 1252 2265 Christi.
1316 2198 1609 2265 Subinde
1649 2200 1958 2267 inclinato
1993 2222 2270 2287 corpore
2301 2223 2423 2287 per
2453 2204 2687 2267 ostium

211 2310 547 2395 sepulchri,
617 2313 805 2397 quasi
852 2311 1145 2377 dolorem
1193 2311 1510 2396 solutura,
1558 2315 1966 2399 introspexit.
2030 2313 2208 2378 Ecce
2255 2322 2474 2379 autem
2522 2312 2685 2380 duos

212 2420 281 2485 ad
322 2433 673 2510 utrumque
720 2427 1123 2491 monumenti
1171 2434 1537 2490 extremum
1584 2426 1963 2491 assedentes
2007 2424 2169 2491 vidit
2211 2426 2513 2512 angelos,
2577 2429 2688 2513 qui

210 2534 525 2600 mulierem
572 2540 1003 2622 interrogant,
1053 2561 1169 2603 cur
1196 2536 1603 2603 lacrimaris?
1672 2538 2004 2625 Conqueri
2050 2560 2120 2603 se
2165 2538 2506 2625 respondit
2535 2537 2684 2604 sub-

207 2645 385 2711 latum
459 2651 915 2736 praeceptoris
989 2652 1087 2714 sui
1157 2672 1412 2736 corpus.
1502 2650 1767 2716 Interea
1831 2653 1971 2717 viso
2049 2652 2430 2738 angelorum
2503 2660 2684 2718 motu

206 2764 627 2827 reverentiam
678 2761 933 2830 Christo
982 2762 1362 2829 adventanti
1412 2761 1886 2848 exhibentium,
1951 2787 2270 2830 conversa
2329 2776 2684 2831 retrorsum

208 2876 392 2938 cernit
435 2875 675 2940 Jesum
722 2875 1110 2958 adstantem,
1157 2875 1276 2939 sed
1320 2898 1479 2962 prae
1524 2898 1822 2941 maerore
1868 2901 2000 2941 non
2049 2880 2333 2963 agnovit.
2397 2878 2565 2943 Tum
2597 2878 2685 2943 illi

207 2982 411 3051 Jesus:
479 2987 722 3052 mulier
789 3009 992 3073 quare
1060 2986 1209 3071 fles,
1282 3010 1560 3073 quemve
1628 2988 1734 3053 hic
1805 2990 2109 3075 quaeris?
2178 3012 2394 3077 neque
2461 3000 2684 3057 tamen

208 3098 761 3165 animadvertebat
803 3100 847 3164 J
849 3122 1035 3165 esum
1081 3102 1478 3187 apparuisse.
1526 3100 1924 3187 Magdalene
1984 3113 2128 3167 rata
2187 3126 2331 3169 esse
2388 3103 2683 3169 olitorem

208 3211 285 3274 ait
331 3213 415 3277 ei:
486 3212 781 3277 Domine
842 3214 894 3277 si
954 3213 1124 3279 forte
1185 3236 1318 3277 non
1378 3212 1623 3299 placuit
1681 3223 2008 3281 mortuum
2067 3218 2134 3279 in
2187 3215 2373 3282 horto
2423 3216 2682 3303 sepeliri

212 3332 330 3405 tuo,
374 3324 576 3389 dicito
624 3324 801 3408 mihi,
856 3333 929 3390 ut
971 3324 1195 3391 tollam
1243 3348 1393 3391 eum
1439 3327 1577 3390 sine
1625 3335 1737 3391 tuo
1784 3326 2030 3393 labore.
2113 3328 2222 3393 Ad
2269 3351 2439 3415 quae
2486 3330 2682 3394 Jesus

208 3454 353 3499 voce
386 3436 717 3520 familiari,
763 3439 1027 3524 proprio
1062 3460 1209 3503 eam
1242 3440 1503 3503 nomine
1536 3438 1783 3504 Maria
1829 3438 2212 3526 adpellavit3
2269 3463 2355 3505 ex
2402 3464 2530 3527 quo
2571 3441 2682 3507 illa

209 3560 695 3636 praeceptorem
778 3573 967 3616 suum
1042 3574 1111 3616 se
1186 3550 1411 3616 videre
1488 3550 1788 3617 advertit.
1901 3552 1994 3619 Ut
2067 3553 2320 3619 solebat
2391 3556 2683 3640 magistri

207 3663 447 3725 nomine
466 3667 493 3706 ⁴
558 3662 911 3749 adpellatO,
976 3664 1163 3729 simul
1224 3667 1427 3750 quasi·
1467 3663 1705 3729 abhinc
1765 3688 1899 3731 non
1952 3668 2187 3731 iterum
2243 3666 2324 3732 de
2380 3668 2680 3734 manibus

396 3980 435 4045 ¹)
473 3980 551 4031 Ut
586 3996 687 4045 per
710 3978 959 4030 humilius
986 3983 1313 4031 monumenti
1341 3983 1535 4033 ostium
1559 3983 1948 4049 introspiceret.
2002 3982 2044 4047 2)
2083 3984 2270 4034 Talem
2295 3989 2472 4034 autem
2497 3999 2680 4035 curam

212 4078 343 4115 nemo
378 4068 481 4117 sibi
517 4066 869 4132 persuadebit
904 4067 1263 4119 adhibiturum
1298 4068 1463 4119 fuisse
1502 4084 1636 4131 eum,
1678 4072 1768 4135 qui
1807 4086 2000 4136 corpus
2038 4072 2406 4137 surripuisset3
2461 4086 2584 4120 nam
2629 4072 2676 4122 is

212 4164 267 4199 ne
310 4154 363 4202 in
408 4153 675 4220 flagrante
721 4152 917 4205 delicto
965 4154 1471 4220 deprehenderetur,
1527 4157 1707 4221 potius
1763 4172 1881 4205 cum
1937 4156 2114 4207 linteis
2151 4156 2302 4206 ‘illud
2351 4157 2675 4207 abstulisset.

215 4234 247 4297 ³)
277 4236 351 4288 Cf.
382 4240 473 4289 Ps.
515 4242 598 4301 15,
626 4242 709 4290 10.
738 4243 819 4291 11.
857 4240 984 4291 Isai.
1009 4243 1093 4303 53,
1124 4244 1203 4292 10.
1242 4244 1325 4305 55,
1353 4245 1401 4292 3.
1450 4241 1770 4307 Saepissime
1816 4245 2000 4308 utique
2048 4243 2288 4293 Christus
2335 4258 2453 4293 sese
2499 4259 2674 4295 resur·

214 4330 451 4376 recturum
487 4326 713 4390 dixerat,
751 4326 848 4378 sed
885 4328 1124 4393 Apostoli
1160 4344 1375 4379 sensum
1412 4329 1836 4393 praedictionum
1859 4330 1992 4381 Jesu
2017 4331 2228 4379 minime
2254 4332 2488 4381 assecuti
2522 4336 2675 4394 sunt3

214 4414 427 4472 quamvis
464 4428 499 4463 a
532 4414 793 4479 Magistro
830 4430 939 4464 non
975 4430 1137 4465 unum
1175 4422 1439 4465 mort-uum
1476 4416 1545 4465 ad
1580 4417 1749 4466 vitam
1784 4422 2090 4468 revocatum
2117 4416 2389 4468 vidissent.
2427 4420 2489 4467 L.
2517 4418 2587 4467 Η.
2611 4419 2676 4469 R.

216 4494 269 4542 D.
290 4497 349 4548 N.
370 4499 431 4549 Τ.
466 4517 521 4565 p.
547 4502 631 4551 50.
657 4502 741 4551 62.
772 4502 852 4551 79.
879 4516 920 4549 s.
947 4501 989 4567 ⁴)
1030 4502 1341 4561 „Rabboni“
1371 4498 1644 4567 Ῥαββουνὶ,
1671 4519 1775 4553 vox
1799 4502 1992 4553 hieros.
2030 4498 2150 4567 ³353),
2189 4520 2285 4570 pro
2323 4506 2340 4554 i
2377 4505 2674 4557 alternante

217 4593 255 4643 ⁸,
287 4582 503 4636 Domine
539 4588 637 4636 mi!
685 4586 937 4637 Ceterum
973 4586 1041 4638 *³:¹2
1077 4588 1261 4639 titulus
1300 4594 1383 4639 est
1416 4588 1631 4639 honoris
1672 4590 1814 4655 apud
1850 4590 2116 4653 Judaeos,
2165 4590 2304 4641 idem
2343 4592 2486 4657 quod
2521 4592 2676 4643 nobis
