3267 5259
636 413 766 479 492
1379 426 1492 469 nist.
1526 428 1628 469 Rev.
1659 426 1746 469 div.
1779 426 1946 469 Period.
1974 428 2031 469 11.
2053 438 2148 480 cap.
2177 429 2376 471 alterum.
2415 474 2422 493 Ι

842 606 1117 673 Diyressio,
1142 624 1245 675 qua
1274 606 1571 659 conciliatur
1602 606 1649 658 d.
1677 605 1853 659 Jacobi
1875 612 2020 675 atque
2051 624 2086 659 ε.
2114 606 2275 657 ‚Pauli
2301 607 2530 659 doctrina
2553 606 2646 667 „de
2665 606 2774 676 fide
2807 612 2856 657 et
2885 605 3094 675 operibus

637 691 821 745 bonis.“
874 692 1170 743 Novatores
1217 692 1419 743 saeculi
1470 692 1658 743 decimi
1707 694 1842 742 sexti
1889 698 2104 759 propter
2155 693 2447 743 doctrinam
2497 710 2537 743 s.
2573 692 2767 743 Jacobi
2807 694 2858 754 2,
2895 692 3101 741 14—26.

638 777 951 842 exhibitam,
1000 780 1334 829 occasionem
1382 796 1642 831 sumsere:
1689 786 1852 830 totam
1912 780 2214 847 epistolam,
2263 782 2338 830 uti
2387 781 2620 845 spuriam
2664 796 2696 829 e
2741 778 2795 828 S.
2833 779 3104 828 Librorum

638 864 856 915 Canone
892 866 1255 932 expungendi3
1292 867 1426 917 illud
1460 868 1673 932 quidem
1705 873 2091 933 praetexentes,
2130 867 2274 934 quod
2306 868 2576 917 doctrinae
2601 884 2642 916 s.
2669 867 2829 917 Pauli
2853 866 3102 916 contradi-

636 958 796 1001 ceret.
843 952 921 1001 Re
946 960 1123 1003 autem
1148 968 1277 1003 vera
1302 954 1421 1003 ideo
1448 968 1567 1005 eam
1602 956 1914 1016 reiecerunt,
1952 955 2093 1020 quod
2121 955 2331 1021 placitis
2367 954 2678 1005 acatholicis
2717 960 2905 1019 aperte
2930 954 3102 1003 adver·

636 1044 860 1091 saretur.
908 1041 1199 1091 Doctrinae
1236 1041 1505 1091 revelatae
1542 1041 1640 1103 „de
1668 1044 1982 1092 necessitate
2021 1042 2280 1092 bonorum
2305 1046 2573 1107 operum“‚
2611 1056 2838 1107 quorum
2876 1046 3105 1091 versatur

635 1128 746 1177 fere
790 1128 932 1177 circa
980 1128 1115 1177 alios
1160 1129 1494 1189 exercitium,
1545 1131 1821 1195 oppositus
1871 1136 1952 1178 est
2000 1144 2169 1179 error:
2215 1129 2535 1179 sufficere
2589 1128 2808 1179 saluti
2855 1129 3104 1178 unicam

636 1214 857 1279 fidem3
898 1213 1165 1263 Christum
1203 1215 1414 1264 abunde
1452 1216 1792 1279 satisfecisse,
1831 1218 1906 1266 ita
1930 1222 1988 1266 ιιι
2011 1231 2176 1282 opera
2201 1216 2344 1266 bona
2373 1218 2585 1265 minime
2621 1218 2947 1277 necessaria,
2985 1216 3102 1279 quin

642 1303 815 1351 otiosa
864 1305 1057 1351 essent.
1118 1302 1188 1352 Ut
1234 1302 1376 1351 hunc
1434 1318 1664 1353 errorem
1711 1305 1964 1353 eximeret
2017 1318 2058 1353 s.
2105 1304 2345 1353 Jacobus
2389 1303 2456 1352 de
2498 1302 2763 1352 industria
2817 1302 3104 1351 accuratius

636 1394 841 1455 pugnat
867 1406 963 1455 pro
993 1391 1285 1439 sententia:
1324 1406 1487 1455 opera
1518 1390 1644 1440 fidei
1672 1390 1958 1456 iungenda,
1987 1392 2113 1441 licet
2143 1408 2249 1441 non
2279 1390 2373 1441 illa
2401 1392 2610 1457 proprie
2643 1405 2784 1456 quae
2813 1390 2884 1439 ad
2919 1391 3105 1454 Legem

637 1476 1029 1526 cerimonialem
1056 1479 1399 1542 pertinerent,
1426 1494 1583 1543 quam
1610 1477 1853 1527 Christus
1879 1480 2279 1544 antiquaverat3
2305 1478 2398 1528 sed
2425 1478 2516 1527 illa
2542 1492 2680 1543 quae
2705 1477 2826 1527 Lex
2852 1482 3101 1543 quatenus

637 1567 718 1613 est
752 1564 965 1614 moralis
1015 1564 1254 1627 dictaret,
1294 1564 1379 1613 vel
1416 1565 1749 1629 Evangelica
1785 1567 2134 1631 praeciperet.
2185 1566 2344 1617 Nuda
2379 1566 2639 1631 professio
2689 1564 2815 1615 fidei
2853 1564 2983 1626 sola,
3019 1578 3102 1628 per

637 1664 694 1699 se
722 1650 929 1701 salvare
956 1666 1063 1700 non
1090 1655 1287 1718 potest3
1326 1652 1421 1702 sed
1451 1652 1590 1701 iuter
1616 1652 1724 1702 alia
1749 1666 1887 1717 quae
1913 1654 2163 1719 proponit
2189 1653 2453 1703 credenda
2477 1652 2607 1702 illud
2635 1658 2743 1702 est:
2782 1658 2846 1701 ut
2867 1656 3104 1717 pareatur

636 1737 829 1787 divinis
866 1740 1188 1803 praeceptis,
1236 1755 1300 1788 ex
1352 1739 1545 1804 quibus
1582 1740 1794 1789 maximi
1833 1740 2150 1801 faciendum,
2201 1740 2340 1805 quod
2377 1741 2610 1805 pertinet
2643 1739 2710 1789 ad
2749 1737 3100 1788 sublevandas

636 1826 859 1889 proximi
896 1826 1151 1875 miserias.
1196 1826 1259 1875 Id
1304 1841 1428 1875 vero
1475 1827 1772 1876 institutum
1822 1844 1976 1877 suum
2013 1828 2208 1893 probat
2243 1827 2498 1892 exemplis
2535 1826 2783 1876 Abrahae
2823 1830 2880 1874 et
2913 1824 3102 1883 Bahal),

636 1926 859 1977 quorum
906 1912 1040 1961 alter
1076 1912 1273 1977 Legem
1322 1913 1607 1962 mosaicam
1659 1915 1974 1978 praecessit,
2023 1914 2190 1964 altera
2227 1930 2292 1963 ex
2329 1913 2502 1963 electa
2537 1919 2694 1979 gente
2739 1929 2853 1963 non
2889 1916 3022 1974 erat3
3058 1917 3104 1959 et

635 2004 859 2063 uterque
895 2003 1073 2048 tamen
1109 1998 1427 2048 iustificatus
1474 2006 1724 2049 narratur
1766 2008 1984 2065 propter
2021 2016 2186 2066 opera
2221 2002 2378 2051 bona.
2429 2000 2480 2049 S.
2519 2000 2762 2051 Jacobus
2796 2000 2963 2065 igitur
2997 2014 3104 2047 eum

636 2087 685 2146 2,
715 2087 795 2134 14.
823 2101 864 2135 s.
900 2085 1325 2135 iustificationem
1352 2102 1477 2135 non
1503 2087 1629 2137 soli
1655 2087 1820 2137 fidei
1855 2087 1970 2137 sed
2007 2088 2319 2153 operibus
2355 2088 2626 2150 adscribit,
2663 2102 2774 2137 non
2799 2085 3102 2136 contradicit

638 2170 690 2220 S.
731 2172 898 2221 Paulo
937 2172 1004 2221 ad
1040 2172 1192 2222 Rom.
1218 2176 1266 2235 3,
1294 2174 1375 2221 28.
1412 2173 1677 2239 Loquitur
1723 2172 1775 2222 S.
1813 2173 2051 2224 Jacobus
2088 2190 2184 2240 per
2219 2190 2278 2225 se
2315 2174 2380 2223 de
2415 2174 2526 2237 illo,
2566 2176 2656 2239 qui
2694 2173 2800 2223 fide
2839 2172 3096 2239 praeditus

635 2260 719 2321 sit,
757 2272 821 2323 ac
858 2258 1013 2309 simul
1044 2260 1202 2309 etiam
1235 2260 1368 2309 sorte
1403 2260 1471 2310 sit
1504 2261 1702 2323 iustus3
1739 2266 2007 2326 negatque
2041 2260 2286 2311 sufficere
2311 2262 2414 2327 ipsi
2438 2260 2611 2322 fidem,
2649 2276 2748 2311 seu
2775 2258 3100 2318 habitualem,

636 2360 731 2394 seu
763 2345 1045 2396 actualem.
1083 2346 1297 2412 Requiri
1330 2348 1385 2396 in
1419 2348 1534 2413 ipso
1562 2348 1708 2397 bona
1744 2363 1909 2412 opera
1944 2364 2062 2397 cum
2098 2347 2290 2397 debitis
2317 2364 2505 2414 nempe
2531 2346 2931 2397 conditionibus
2955 2346 3100 2395 facta.

636 2432 769 2481 Nam
820 2434 919 2482 etsi
964 2432 1095 2483 fides
1146 2434 1421 2483 accedenti
1472 2434 1539 2484 ad
1584 2436 1760 2485 Deum
1803 2436 1968 2484 Hebr.
2007 2438 2087 2497 11,
2123 2436 2171 2484 6.
2221 2435 2290 2485 sit
2327 2436 2654 2497 necessaria,
2701 2440 2762 2484 ut
2811 2434 3102 2499 dispositio;

636 2518 802 2568 dictat
838 2521 997 2569 etiam
1035 2518 1363 2571 adhibendas
1408 2521 1617 2586 aliquas
1663 2521 1798 2571 alias
1835 2522 2226 2587 dispositiones.
2276 2528 2386 2571 tum
2433 2527 2558 2572 ante
2605 2522 2955 2587 baptismum,
3001 2525 3098 2567 tum

635 2610 757 2672 post
792 2606 1129 2672 baptismum,
1166 2608 1212 2655 si
1251 2608 1369 2672 quis
1406 2610 1627 2671 gratiam
1667 2609 1914 2659 amissam
1951 2608 2085 2657 velit
2119 2623 2452 2674 recuperare.
2499 2609 2790 2658 Praeterea
2816 2612 3023 2674 oportet
3047 2610 3099 2654 ut

635 2694 937 2758 praeceptis
975 2693 1186 2753 divinis,
1226 2708 1363 2760 quae
1402 2709 1566 2759 opera
1602 2695 1881 2760 requirunt
1916 2695 2355 2760 obtemperemus,
2393 2701 2448 2745 et
2482 2695 2638 2745 bonis
2677 2694 2932 2759 operibus
2968 2693 3100 2742 iusti-

635 2781 763 2828 tiam
798 2780 903 2829 iam
940 2781 1255 2845 acquisitam
1294 2796 1692 2845 conservemus;
1752 2787 1805 2830 et
1841 2788 2228 2847 consequenter
2265 2797 2477 2847 quoque
2513 2795 2827 2846 augeamus,
2865 2788 3102 2845 tanquam

638 2974 1033 3038 auctoritasque
1090 2973 1349 3039 epistolae
1400 2975 1457 3022 in
1504 2973 1748 3023 confesso
1795 2979 1890 3024 est.
1947 2974 2080 3024 Nam
2139 2980 2200 3023 ut
2251 2976 2578 3039 attingantur
2632 2976 2927 3040 praecipua
2977 2987 3101 3037 quae

637 3064 824 3108 contra
858 3059 997 3109 hanc
1034 3060 1311 3125 epistolam
1349 3060 1696 3124 obiiciuntur3
1743 3060 1873 3110 nihil
1913 3062 2096 3124 refert,
2142 3060 2284 3125 quod
2329 3076 2482 3111 sacer
2523 3062 2753 3126 scriptor
2795 3061 2960 3111 literis
3001 3060 3100 3107 suis

636 3161 743 3196 non
780 3146 1065 3197 subiecerit
1101 3147 1289 3197 salutis
1327 3149 1772 3213 apprecationem.
1821 3146 2082 3198 Salutatio
2121 3150 2172 3197 in
2210 3147 2315 3197 fine
2353 3148 2612 3213 epistolae
2661 3164 2770 3197 non
2818 3149 2982 3213 magis
3026 3146 3100 3195 hic

638 3234 963 3296 necessaria,
1004 3249 1162 3300 quam
1196 3236 1251 3283 in
1290 3234 1519 3299 epistola
1554 3250 1595 3284 s.
1620 3234 1814 3285 Judae.
1871 3234 1990 3284 Non
2027 3234 2368 3297 contradicit,
2403 3240 2464 3283 ut
2497 3251 2549 3284 v.
2575 3250 2618 3284 s.
2644 3235 2765 3284 aliis
2803 3235 2858 3285 S.
2885 3232 2936 3285 S.
2961 3231 3100 3295 Quod

640 3322 867 3388 epistola
901 3337 941 3371 s.
979 3322 1175 3371 Jacobi
1210 3322 1277 3371 ad
1315 3321 1501 3371 fideles
1528 3338 1556 3371 e
1583 3323 1982 3372 circumcisione
2022 3321 2148 3372 data
2185 3322 2442 3373 Ecclesiis
2479 3321 2906 3373 occidentalibus
2949 3322 3099 3371 serius

637 3410 943 3471 innotuerit,
983 3424 1139 3474 quam
1177 3409 1462 3471 Paulinae,
1512 3409 1672 3459 facile
1709 3408 2036 3474 intelligitur.
2093 3410 2272 3459 Tenor
2307 3414 2588 3473 praeterea
2623 3408 2813 3459 harum
2851 3410 3098 3459 literarum

639 3498 939 3562 cumprimis
986 3496 1379 3547 adhortatorias
1416 3524 1481 3532 —-
1518 3496 1585 3546 cs.
1622 3496 1852 3557 Pseiffer‚
1909 3496 2002 3545 der
2039 3496 2500 3561 zusammenhang
2536 3497 2630 3547 des
2663 3495 3098 3553 Jacobusbriefes,

638 3584 694 3633 in
718 3598 841 3633 ann.
880 3583 1030 3633 Stud.
1066 3600 1118 3633 u.
1156 3584 1291 3633 Krit.
1322 3585 1470 3634 1850.
1507 3600 1557 3649 p.
1588 3586 1705 3633 163.
1743 3600 1782 3633 s.
1809 3610 1876 3621 -—
1901 3584 2056 3633 fecit:
2083 3590 2144 3633 ut
2169 3583 2220 3633 S.
2247 3583 2300 3633 S.
2325 3585 2514 3633 Patres
2552 3583 2860 3649 dogmatica
2891 3584 3098 3632 maxime

638 3676 884 3720 curantes
921 3671 1092 3720 rarius
1130 3686 1247 3719 eam
1284 3670 1636 3734 adhibuerint,
1681 3677 1734 3720 et
1769 3670 2010 3721 nonnulli
2050 3672 2259 3721 silentio
2299 3672 2685 3736 praeterierint.
2733 3670 3098 3736 Antiquissima

638 3762 871 3808 ceterum
908 3759 1187 3808 translatio
1227 3758 1463 3822 Syriaca,
1504 3758 1746 3808 Concilia
1771 3766 1824 3808 et
1847 3757 2147 3821 Pontifices,
2187 3772 2222 3807 a
2245 3758 2438 3824 quibus
2461 3759 2602 3807 inter
2625 3760 2916 3808 canonicos
2949 3756 3096 3806 libros

640 3844 1033 3908 adnumeratur,
1068 3846 1211 3895 Usus
1237 3846 1533 3908 Ecclesiae,
1568 3848 1804 3911 integras
1831 3851 2009 3912 partes
2035 3862 2100 3895 ex
2123 3846 2227 3895 hac
2253 3844 2477 3911 epistola
2501 3845 2756 3911 legentis3
2795 3844 3098 3895 sufficienter

639 3930 916 3981 declarant-
953 3949 994 3981 s.
1032 3931 1225 3982 Jacobi
1265 3932 1542 3998 epistolam
1577 3933 1730 3982 libris
1769 3931 1822 3981 S.
1861 3930 1913 3981 S.
1952 3932 2340 3983 accensendam
2379 3948 2511 3981 esse.
2567 3933 2804 3983 Uberius
2849 3932 2912 3982 de
2957 3932 3098 3979 huius

639 4018 897 4085 epistolae
946 4018 1316 4069 Canonicitate
1366 4020 1475 4085 egit
1508 4020 1571 4069 A.
1607 4019 1659 4069 J.
1696 4019 1918 4085 Liagre,
1964 4020 2181 4085 interpr.
2229 4035 2312 4085 ep.
2359 4018 2512 4069 Cath.
2551 4036 2591 4069 s.
2629 4019 2828 4071 Jacobi
2863 4037 2912 4085 p.
2950 4020 3026 4067 25.
3060 4032 3094 4065 s.

637 4106 861 4157 Praeter
898 4106 1242 4173 epistolarum
1280 4108 1511 4157 omnium
1550 4107 1614 4155 N.
1640 4107 1703 4156 Τ.
1735 4106 2010 4157 commoda
2045 4106 2316 4173 propria
2351 4108 2650 4172 praesentis
2687 4106 2946 4172 epistolae
2979 4104 3096 4155 satis

638 4199 826 4260 patent
849 4210 913 4243 ex
940 4199 1249 4259 argumento
1289 4195 1427 4256 eius3
1467 4209 1570 4259 quo
1610 4192 2046 4243 commendantur
2081 4194 2225 4243 bona
2263 4207 2428 4259 opera
2453 4197 2507 4243 et
2529 4194 2845 4258 praesertim
2879 4191 3092 4244 studium

638 4280 1050 4344 beneficentiae3
1109 4281 1213 4331 duo
1268 4282 1436 4347 magis
1484 4295 1644 4346 quam
1691 4280 1819 4329 alibi
1865 4286 2200 4331 sacramenta
2245 4284 2629 4346 proponuntur,
2666 4280 3015 4346 poenitentiae
3050 4282 3097 4324 et

638 4373 904 4420 extremae
940 4369 1231 4431 unctionis;
1270 4368 1437 4417 multa
1472 4369 1874 4433 praecipiuntur
1907 4372 2020 4418 tum
2057 4368 2125 4417 ad
2164 4367 2410 4433 religiose
2447 4366 2730 4417 colendum
2779 4368 2959 4426 Deum,
2995 4368 3092 4413 tum

639 4454 707 4504 ad
744 4457 1007 4521 patienter
1042 4455 1393 4518 tolerandum,
1430 4460 1542 4504 tum
1580 4454 1650 4504 ad
1687 4471 1858 4505 mores
1906 4456 1993 4520 qui
2044 4470 2306 4521 quemque
2351 4460 2588 4505 nostrum
2637 4456 2860 4504 attinent
2901 4452 3094 4501 confor-

638 4542 876 4605 mandos,
914 4548 975 4592 ut
1010 4544 1095 4591 vix
1131 4542 1244 4591 ulla
1280 4543 1347 4593 sit
1382 4544 1566 4604 virtus,
1605 4542 1675 4591 ad
1713 4556 1868 4608 quam
1906 4558 2012 4593 non
2051 4544 2237 4591 incitet
2273 4557 2394 4592 cum
2429 4541 2598 4591 multa
2633 4543 2810 4607 gratia
2845 4547 2895 4590 et
2922 4542 3093 4589 iucun-

640 4628 805 4677 ditate
841 4629 1116 4678 lectorem.
