3267 5259
1194 453 1391 495 Christus
1419 453 1621 495 moriens.
1869 488 1873 495 .
2535 437 2654 503 151

204 632 452 693 vinctam
498 638 804 692 extrema
831 627 1100 714 hyssopi
1132 648 1332 713 scapo
1369 628 1507 691 eius
1540 628 1635 692 ori
1667 626 1956 691 admovit
1979 628 2020 691 ¹.
2069 625 2324 691 Eodem
2359 634 2654 712 tempore

207 764 311 826 quo
367 740 657 806 Christus
726 751 983 805 acetum
1052 739 1341 823 biberat,
1412 739 1578 804 dixit
1640 738 1818 825 quod
1877 740 2344 804 consummarit
2404 748 2658 819 cuncta,

207 876 345 939 quae
387 852 467 917 ad
513 876 585 917 se
632 853 1071 939 pertinebant.
1138 854 1231 916 At
1286 852 1508 916 Deum
1568 862 1788 916 autem
1852 874 2206 917 conversus
2252 852 2372 913 ait:
2441 850 2662 931 ,Pater

206 970 255 1028 in
302 989 519 1029 manus
580 977 730 1030 tuas
792 966 1179 1030 commendo
1243 966 1535 1051 spiritum
1596 969 1856 1029 meum‘.
1929 963 2290 1049 Statimque
2353 962 2657 1027 inclinato

210 1080 389 1165 capite
435 1080 649 1143 emisit
710 1080 1023 1165 spiritum.
1095 1078 1281 1143 Tunc
1341 1087 1515 1141 terra
1576 1076 1861 1163 trepidat
1907 1088 1972 1140 et
2017 1077 2370 1161 frangitur3
2431 1085 2659 1162 petrae

205 1190 545 1255 durissimae
618 1192 1005 1255 scinduntur
1064 1201 1130 1255 et
1197 1190 1545 1272 dissiliunt3
1626 1188 1883 1275 Templi
1957 1189 2172 1253 velum
2243 1188 2662 1275 disrumpitur

204 1304 257 1365 in
294 1302 441 1366 duas
482 1314 733 1389 partes,
805 1302 1045 1367 Omnia
1106 1302 1455 1381 ,elementa
1498 1302 1862 1384 turbantur,
1911 1312 1975 1365 et
2019 1304 2457 1367 testimonium
2505 1300 2660 1365 Cre-

206 1416 338 1478 atori
380 1414 489 1479 dat
534 1418 927 1480 creatura‘.2
992 1416 1422 1479 Monumenta
1467 1438 1599 1479 non
1646 1437 1859 1500 pauca
1901 1424 2196 1479 reserata
2240 1425 2416 1497 sunt,
2465 1424 2660 1499 atque

206 1526 495 1591 hominum
540 1529 857 1613 priorum,
908 1550 1075 1614 quae
1120 1531 1187 1591 in
1232 1530 1307 1591 iis
1354 1528 1711 1609 iacuerant,
1761 1549 2038 1613 corpora
2079 1528 2363 1591 excitata
2399 1526 2661 1591 Jeroso·

206 1638 375 1723 lymas
416 1641 715 1725 ingressa
763 1640 979 1705 multis
1028 1642 1383 1726 conspicua
1429 1639 1605 1704 facta
1653 1649 1818 1703 sunt.

380 1922 412 1981 Ι)
466 1921 603 1971 Cum
654 1921 819 1971 Jesus
856 1921 967 1969 suis
1006 1920 1275 1982 manibus,
1334 1924 1517 1985 utpote
1555 1920 1701 1981 fixis,
1758 1936 1866 1969 non
1913 1924 2096 1983 posset
2139 1922 2242 1983 uti3
2300 1936 2474 1984 neque
2524 1920 2659 1971 adeo

208 2006 438 2057 commode
476 2007 737 2073 poculum
774 2006 1043 2056 admoveri
1088 2007 1257 2071 ipsius
1302 2008 1395 2055 ori.
1445 2006 1527 2055 An
1566 2005 1688 2055 coll.
1724 2004 1912 2054 Matth.
1949 2008 2031 2067 27,
2065 2006 2148 2055 47.
2195 2002 2400 2073 περιθεὶς
2437 2003 2664 2076 καλάμῳ,

207 2101 247 2141 et
274 2092 423 2144 Marci
458 2098 541 2157 15,
568 2097 676 2155 36„
718 2093 957 2143 calamus
997 2092 1325 2154 arundinem,
1372 2107 1442 2141 an
1479 2092 1601 2141 coll.
1636 2091 1836 2142 Joann.
1877 2093 1966 2153 19,
1993 2093 2076 2141 29.
2126 2088 2346 2160 ὑσσώπῳ
2381 2090 2662 2159 περιθέντες,

207 2178 435 2245 hyssopon
456 2186 613 2231 notet
639 2181 951 2246 quaeritur?
986 2171 1126 2240 Quia
1151 2178 1389 2229 calamus
1414 2194 1522 2229 non
1546 2194 1756 2243 semper
1781 2178 2094 2228 arundinem
2132 2178 2408 2243 significet,
2448 2180 2544 2229 sed
2567 2196 2663 2246 pro

206 2268 427 2317 rariarmn
452 2269 707 2317 fruticum
734 2266 977 2317 caulibus
1000 2271 1305 2331 usurpatur,
1324 2266 1428 2316 imo
1455 2266 1613 2314 etiam
1633 2280 1729 2330 pro
1755 2264 1976 2315 modieis
2003 2265 2260 2327 baccinis,
2277 2267 2492 2317 omnino
2517 2267 2663 2317 vide-

212 2364 281 2401 tur
298 2354 423 2403 idem
458 2370 577 2405 esse
618 2354 905 2416 calamum,
931 2353 1073 2418 quod
1096 2353 1384 2419 hyssopon,
1410 2354 1445 2401 i.
1473 2368 1518 2401 e.
1543 2351 1830 2401 baccillum
1855 2368 1917 2401 ex
1941 2351 2344 2417 hyss0p0,qnae
2374 2355 2431 2403 in
2452 2352 2668 2405 Judaea

209 2442 375 2491 erescit.
422 2441 499 2491 cf.
526 2448 641 2491 not.
668 2446 707 2490 t.
732 2456 777 2491 s.
802 2456 983 2505 geogr.
1007 2457 1060 2505 p.
1088 2438 1285 2489 XLIII.
1334 2438 1485 2489 Adde
1521 2439 1868 2488 'bicubitalem
1905 2438 2194 2505 hyssopum
2238 2440 2314 2490 ori
2361 2439 2662 2504 admovere,

210 2527 333 2575 sicuti
364 2532 411 2577 et
446 2528 659 2593 reliqua
697 2542 839 2593 quae
876 2530 1194 2592 sequuntur,
1248 2540 1323 2575 sc.
1364 2540 1519 2575 crura
1556 2525 1826 2589 frangere,
1866 2523 2006 2575 latus
2043 2526 2275 2590 aperire,
2323 2542 2422 2575 nos
2471 2526 2664 2578 docere

210 2628 381 2663 crucem
415 2614 617 2665 Christi
652 2630 763 2663 non
798 2628 1024 2677 magnae
1062 2612 1359 2662 altitudinis
1397 2612 1579 2661 fnisse.
1643 2611 1682 2676 2)
1721 2610 1774 2660 S.
1810 2612 2184 2676 Hieronymus,
2221 2611 2258 2661 l.
2297 2628 2337 2662 s,
2377 2629 2422 2661 c.
2461 2630 2510 2677 p.
2545 2616 2663 2664 232.

209 2698 337 2749 Jesus
368 2717 415 2751 u.
440 2718 489 2751 v.
528 2702 627 2767 qui
666 2701 757 2750 ubi
796 2704 1109 2765 perventum
1148 2704 1225 2749 est
1264 2698 1333 2748 ad
1370 2698 1639 2763 Golgotha
1685 2699 1865 2747 vinum
1909 2697 2236 2763 myrrhatum
2284 2698 2522 2749 oblatum
2562 2702 2664 2751 sibi

210 2801 295 2835 non
316 2788 461 2853 bibit3
500 2790 611 2839 iam
667 2793 880 2837 acetum
916 2787 1017 2852 ipsi
1054 2787 1235 2835 datum
1273 2788 1325 2835 in
1363 2786 1449 2835 siti
1475 2802 1503 2835 e
1538 2786 1765 2851 spongia
1801 2786 1943 2835 suxit
1978 2786 2308 2850 imbibitque,
2346 2802 2413 2835 nc
2440 2786 2664 2837 homini-

210 2872 287 2921 bus
318 2874 539 2939 aliquam
574 2877 636 2924 in
674 2890 733 2925 se
768 2874 941 2923 meriti
981 2875 1317 2923 occasionem
1354 2873 1451 2923 sub
1490 2874 1605 2937 ipso
1646 2874 1790 2921 exitu
1827 2874 1970 2921 vitae
2008 2878 2241 2937 negaret.
2295 2872 2375 2922 cf.
2413 2873 2664 2939 Deyling,

212 2958 315 3008 Obs.
346 2977 384 3010 s.
408 2960 449 3023 l,
474 2965 557 3012 35.
600 2978 652 3027 p.
686 2963 803 3010 135.
826 2975 869 3010 ε.
912 2961 1205 3025 Postquam
1242 2964 1418 3009 autem
1454 2960 1658 3021 sumsit,
1696 2958 1954 3008 indicavit
1978 2964 2396 3009 consummatum
2429 2960 2484 3009 id
2509 2978 2664 3011 omne

212 3060 317 3107 esse,
349 3050 481 3113 quod
517 3047 889 3115 peragendum
924 3048 1027 3113 ipsi
1065 3049 1121 3095 in
1156 3062 1255 3097 sua
1292 3048 1401 3097 vita
1437 3047 1587 3097 foret.
1651 3045 1902 3095 Habebat
1949 3046 2154 3095 scilicet
2197 3046 2358 3097 «Iesus
2406 3052 2465 3097 ut
2507 3064 2666 3098 verus

213 3130 437 3197 Christus,
490 3141 647 3186 certa
682 3134 945 3200 quaedam
986 3133 1189 3195 officia,
1246 3135 1439 3199 quibus
1476 3135 1531 3183 in
1570 3138 1712 3183 terra
1747 3137 1872 3182 ante
1911 3139 2156 3195 mortem,
2206 3134 2262 3181 in
2310 3132 2498 3183 diebus
2537 3149 2666 3185 suae

214 3223 371 3283 camis,
404 3222 641 3273 debebat
676 3222 941 3287 perfungi.
992 3220 1074 3270 Ad
1113 3236 1250 3287 quae
1288 3221 1521 3283 respicit,
1560 3236 1680 3269 cum
1719 3219 1849 3270 dicit
1883 3221 1937 3269 in
1974 3220 2222 3285 precibus
2261 3222 2370 3271 suis
2408 3221 2666 3272 ardentis-

213 3306 327 3354 simis
369 3309 433 3359 ad
475 3326 637 3360 suum
674 3308 889 3358 Patrem
925 3308 1085 3358 fusis:
1124 3308 1321 3357 Joann.
1360 3309 1451 3369 17,
1486 3308 1535 3356 4.
1586 3324 1754 3371 „opus
1805 3307 2053 3372 perfeci.“
2106 3306 2237 3356 Ctun
2285 3322 2409 3371 ergo
2455 3308 2670 3358 adesset

214 3392 293 3441 iam
322 3396 475 3460 ipsius
510 3398 659 3446 vitae
696 3395 839 3457 finis,
891 3395 1125 3459 nihilque
1174 3394 1317 3460 quod
1353 3393 1716 3459 peragendum
1753 3394 1880 3458 ipsi,
1931 3393 2333 3443 tolerandumve
2369 3398 2494 3443 ante
2531 3410 2668 3445 mot-

214 3484 295 3527 tem
326 3488 563 3548 restaret3
605 3488 666 3533 ut
702 3483 879 3547 inquit
914 3498 956 3532 s.
980 3481 1312 3547 Augustinus
1350 3486 1501 3531 tract.
1530 3480 1731 3542 CXIX,
1759 3482 1806 3529 6.
1843 3482 1897 3529 in
1935 3480 2218 3530 Joannem.
2256 3497 2307 3545 p.
2345 3482 2465 3530 803.
2506 3482 2666 3546 „quia

216 3566 317 3617 nihil
348 3574 687 3633 remanserat,
727 3569 875 3635 quod
910 3574 1197 3633 antequam
1234 3572 1529 3619 moreretur
1564 3566 1679 3617 fieri
1717 3566 1892 3617 adhuc
1938 3572 2230 3632 oporteret,
2285 3573 2541 3633 tanquam
2578 3567 2668 3618 ille

218 3655 286 3715 qui
316 3664 621 3721 potestatem
658 3657 895 3707 habebat
930 3655 1162 3721 ponendi
1197 3656 1427 3704 animam
1454 3669 1605 3705 suam
1643 3659 1697 3704 et
1732 3654 1923 3703 iterum
1949 3654 2190 3704 sumendi
2217 3669 2352 3717 eam,
2381 3682 2443 3690 -
2471 3654 2508 3703 J
2511 3669 2667 3705 oann.

220 3741 281 3798 11),
305 3744 359 3791 18
390 3772 453 3780 —-
488 3744 727 3810 peractis
766 3743 1011 3793 omnibus
1060 3756 1198 3807 quae
1238 3745 1297 3790 ut
1332 3744 1716 3806 peragerentur
1764 3742 2136 3805 exspectabat,
2187 3740 2444 3791 inclinato
2495 3743 2668 3806 capite

218 3827 396 3879 tradidit
426 3833 721 3896 spiritum-⁴⁶
787 3830 941 3879 Ultro
992 3831 1172 3894 posuit
1208 3829 1408 3877 arbiter
1444 3829 1588 3877 vitae
1625 3829 1681 3877 in
1718 3842 1906 3877 manus
1942 3828 2118 3877 Patris
2157 3827 2346 3890 vitam,
2385 3828 2501 3893 ipso
2540 3832 2668 3877 tem-

218 3928 317 3976 pore
349 3933 445 3983 quo
482 3919 613 3984 agni
644 3916 933 3983 paschales
963 3916 1349 3965 mactabantur.
1418 3915 1538 3964 Non
1577 3915 1752 3964 erucis
1787 3913 1882 3963 illa
1917 3915 2000 3965 vis
2038 3919 2152 3963 erat
2187 3919 2294 3963 tam
2332 3915 2436 3963 cito
2475 3916 2669 3964 exstin-

222 4003 391 4061 guendi.
434 4003 823 4069 Martyrologia
859 4007 1137 4063 testantur,
1178 4000 1465 4052 nonnullos
1504 4029 1569 4037 —
1608 4018 1652 4051 e.
1684 4018 1732 4066 g.
1774 4000 1826 4050 S.
1855 4000 1906 4049 S.
1945 4007 2204 4065 martyres
2243 4000 2581 4051 Timotheum
2618 4007 2672 4050 et

222 4084 419 4139 Mauram
458 4093 759 4155 coniugem.
788 4089 869 4139 Cf.
902 4087 1343 4154 Martyrologium
1380 4104 1510 4138 rom.
1536 4090 1583 4137 3.
1606 4088 1738 4137 Maii
1774 4088 1855 4137 ed.
1891 4088 2109 4137 Baronii
2143 4088 2277 4136 Ven.
2307 4090 2458 4137 1630.
2472 4104 2523 4152 p.
2550 4090 2668 4137 216.

224 4170 485 4242 1b.5.Sept.
512 4194 557 4229 s.
594 4177 930 4229 Victorinum
958 4192 1039 4242 ep.
1068 4192 1137 4226 m.
1162 4193 1215 4241 p.
1242 4178 1359 4225 439.
1388 4181 1440 4225 et
1466 4192 1507 4225 s.
1526 4176 1794 4225 Andr-eam
1819 4178 1900 4225 30.
1917 4176 2050 4225 NoV.
2072 4192 2125 4239 p.
2145 4176 2262 4223 585.
2279 4174 2341 4223 V.
2365 4190 2410 4223 e.
2431 4175 2668 4235 Eusebii,

224 4256 331 4309 Hist.
365 4265 485 4315 ecel.
511 4266 665 4327 vm,
693 4268 743 4315 8.
780 4282 833 4330 p.
861 4266 979 4313 300.
1004 4292 1071 4300 —
1098 4279 1287 4313 novem
1312 4263 1514 4311 dierum
1540 4262 1822 4311 intervallo
1848 4263 1904 4310 in
1930 4277 2084 4310 cruce
2110 4261 2324 4310 vixisse.
2361 4261 2442 4309 Ex
2463 4261 2672 4310 Joanne

229 4348 295 4407 qni
328 4352 401 4411 19,
435 4354 517 4403 30.
569 4353 752 4402 verbis
821 4366 975 4411 „cnm
1020 4366 1145 4415 ergo
1195 4351 1493 4415 accepisset
1536 4350 1698 4399 Jesus
1749 4354 1983 4410 acetum,
2039 4347 2196 4396 dixit:
2253 4352 2672 4397 consummatum

226 4439 332 4490 “⁸12
379 4454 491 4489 mox
538 4440 821 4505 subiungit
869 4438 1157 4499 „inclinato
1206 4438 1380 4503 eapite
1425 4436 1647 4486 tradidit
1692 4437 1996 4501 spiritum⁴⁴3
2052 4435 2276 4498 cogitari
2319 4440 2502 4499 posset
2538 4434 2672 4482 Jesu

226 4516 383 4573 :lictum
416 4526 467 4575 id
500 4527 749 4577 ultimum
784 4526 967 4575 fuisse.
1030 4525 1182 4575 Haec
1221 4526 1360 4573 enim
1395 4525 1472 4573 ita
1506 4524 1648 4573 inter
1684 4538 1741 4572 se
1776 4523 2076 4587 coniungit,
2124 4536 2190 4569 ac
2227 4521 2272 4571 si
2310 4520 2471 4571 Jcsus
2507 4521 2672 4569 vitam

228 4605 347 4659 simul
378 4628 489 4663 cum
526 4630 589 4665 eo
628 4614 797 4665 verbo
836 4611 1073 4662 finiisset.
1124 4611 1231 4661 Sed
1265 4610 1397 4660 illud
1448 4614 1900 4671 „consummatum
1940 4612 2050 4659 est“
2100 4608 2410 4672 neutiquam
2457 4606 2672 4655 effatum
