3267 5259
1062 424 1106 463 S.
1128 421 1251 464 Pauli
1280 421 1493 474 epistolae
1523 422 1656 465 Roma
1682 422 1827 464 datae.
2561 412 2687 477 437

202 596 387 660 Unus
418 594 605 660 alteri
646 620 717 661 se
760 595 1063 661 subiiciat
1092 598 1157 661 in
1189 598 1420 661 timore
1454 596 1694 663 Christi
1717 600 1755 661 ¹.
1803 597 1910 661 Ad
1958 605 2324 663 extremum
2365 598 2688 685 Ephesios

200 719 511 795 tanquam
544 708 631 775 ad
668 708 958 774 militiam
992 709 1229 776 Christi
1276 710 1658 798 adscriptos,
1706 710 1902 775 armis
1945 711 2203 775 instruit
2247 710 2687 798 spiritualibus

198 862 279 871 —-
302 821 569 908 cing-ulo
606 825 1075 908 continentiae3
1105 823 1310 889 lorica
1342 824 1654 908 iustitiae3
1701 834 1885 889 scuto
1917 823 2102 907 fidei3
2138 822 2354 908 gladio
2394 825 2686 911 spiritus3

196 934 389 1019 galea
430 934 675 1001 salutis.
702 974 785 984 —
819 935 1133 1002 adversus
1178 936 1444 1002 insidias
1493 936 1769 1019 diaboli3
1819 938 1930 1023 qui
1975 938 2256 1001 minatur
2301 937 2684 1003 subvertere

198 1047 543 1113 credentes
590 1071 629 1113 a
672 1048 803 1115 fide
851 1059 917 1115 et
960 1072 1001 1114 a
1043 1049 1332 1115 moribus
1352 1052 1395 1114 ³.
1456 1050 1759 1132 Orarent,
1805 1048 2110 1137 implorat
2155 1049 2510 1137 Apostolus
2535 1064 2675 1137 'pro

199 1160 521 1245 omnibus,
570 1164 679 1249 qui
720 1164 791 1227 in
832 1162 1063 1229 eadem
1112 1163 1253 1229 acie
1298 1173 1497 1246 stant,
1534 1186 1681 1228 cum
1719 1165 1875 1250 ipsis
1921 1164 2235 1229 adversus
2269 1186 2680 1229 communem

196 1274 452 1339 hostem
502 1284 568 1340 et
612 1297 729 1361 pro
777 1298 849 1341 se
879 1276 1125 1359 Paulo;
1170 1286 1243 1341 ut
1286 1274 1391 1341 vel
1436 1278 1503 1341 in
1548 1260 1826 1342 vinculis
1861 1264 2070 1342 'robur
2115 1286 2312 1363 atque
2343 1275 2686 1361 Evangelii

196 1386 639 1452 annunciandi
697 1389 1004 1454 virtutem
1066 1412 1105 1453 a
1163 1389 1449 1454 Domino
1516 1400 1976 1476 consequatur.
2047 1388 2408 1476 Tychieum
2471 1388 2552 1454 de
2613 1412 2682 1453 se

196 1500 353 1587 quid
400 1510 609 1586 gerat,
657 1501 985 1589 quomodo
1044 1525 1113 1567 se
1162 1501 1401 1567 habeat
1462 1501 1742 1567 fideliter
1799 1503 2174 1587 relaturum,
2234 1500 2682 1586 commendat3

192 1624 395 1701 atque
442 1614 683 1701 duplici
727 1618 1104 1701 precatione
1150 1616 1347 1680 finem
1392 1614 1591 1680 literis
1636 1617 1914 1703 imponit
1926 1620 1970 1681 4.

402 1809 669 1877 Diqmsio,
705 1810 876 1862 sistens
911 1814 1222 1878 arqumenta,
1260 1810 1436 1879 quibus
1462 1810 1709 1880 probatur
1734 1810 2046 1880 „Epistulam
2067 1810 2327 1880 Ephaiis‘·
2349 1811 2513 1879 juisse
2536 1812 2684 1880 scr-ip·

192 1904 295 1947 tam
334 1914 374 1948 α
410 1897 523 1949 divo
558 1897 739 1950 Paulo,
777 1895 1079 1961 Epistolam
1118 1896 1257 1946 hanc
1294 1912 1400 1947 non
1439 1897 1606 1947 fuisse
1643 1896 1892 1962 Ephesiis
1933 1898 2261 1963 inscriptam,
2298 1913 2362 1947 ex
2399 1902 2685 1962 praetensa

190 1980 355 2047 νοθείᾳ
390 1984 432 2033 Ι.
471 1999 523 2033 v.
563 1985 609 2034 1.
655 1984 791 2044 ,,τοῖς
826 1979 982 2052 ἁγίοις
1018 1984 1118 2042 τοῖς
1156 1976 1291 2034 οὖσιν
1328 1981 1376 2034 ἐν
1417 1982 1667 2053 Ἐφέσῳιι,
1715 1990 1926 2050 praeter
1968 2000 2078 2036 rem
2125 1985 2278 2035 multi
2323 1986 2680 2035 recentiorum

196 2072 524 2121 existimant.
563 2072 808 2137 Longam
846 2072 1191 2136 interpretum
1230 2073 1437 2132 seriem,
1486 2074 1579 2137 qui
1624 2077 1687 2122 ut
1723 2088 1872 2123 suam
1911 2074 2215 2138 opinionem
2255 2072 2328 2122 de
2362 2071 2682 2137 Epistola

193 2157 559 2223 encyclica
594 2158 881 2220 firmarent,
907 2157 1191 2209 lectionem
1230 2156 1314 2221 ,,ἐν
1352 2157 1579 2229 Ἐφέσῳ*
1615 2160 1907 2227 infringere
1942 2162 2122 2212 conati
2159 2165 2298 2222 sunt,
2339 2159 2490 2209 dabit
2527 2159 2590 2210 G.
2616 2159 2677 2209 C.

192 2247 255 2296 A.
286 2247 633 2309 Liinemann,
672 2246 739 2297 de
776 2246 1037 2312 epistolae
1061 2261 1221 2313 quam
1242 2247 1449 2300 Paulus
1485 2249 1555 2299 ad
1580 2248 1849 2315 Ephesios
1875 2249 2088 2300 dedisse
2111 2247 2420 2313 perhibetur
2455 2247 2676 2297 authen·

196 2336 286 2395 tia,
325 2336 517 2400 primis
555 2334 867 2399 lectoribus,
904 2342 1215 2402 argumento
1250 2352 1455 2389 summa
1478 2352 1545 2388 ac
1582 2336 1828 2387 consilio.
1869 2336 2015 2388 Gott.
2045 2338 2194 2387 1842.
2233 2352 2284 2401 p.
2311 2334 2394 2386 43.
2437 2334 2570 2385 Cum
2608 2335 2676 2385 ab

192 2422 477 2473 authentia
523 2422 711 2473 harum
759 2439 952 2473 vocum
1001 2425 1260 2490 imprimis
1314 2425 1549 2489 pendeat
1595 2426 1897 2475 sententiae
1933 2426 2163 2484 veritas:
2219 2422 2502 2490 epistolam
2540 2421 2680 2473 hanc

192 2510 449 2575 Ephesiis
487 2525 677 2576 reapse
714 2510 883 2562 fixisse
920 2511 1130 2577 datam3
1166 2528 1361 2577 operae
1408 2514 1622 2564 omnino
1662 2514 1892 2579 pretium
1929 2513 2104 2575 fuerit,
2143 2511 2302 2563 aliter
2335 2512 2678 2562 sentientium

192 2600 430 2647 rationes
470 2600 792 2649 examinare.
840 2600 953 2650 Has
998 2614 1163 2652 voces
1212 2601 1267 2649 in
1314 2602 1553 2666 antiquis
1592 2600 1987 2666 exemplaribus
2023 2616 2130 2651 non
2165 2599 2364 2665 legisse
2405 2598 2591 2647 dicunt
2625 2596 2678 2649 S.

192 2686 463 2751 Ignatium
501 2684 535 2735 l.
562 2687 595 2735 i.
624 2702 687 2749 c.,
729 2686 1134 2750 Tertullianum,
1161 2688 1282 2737 πᾶν.
1309 2688 1475 2738 Marc.
1504 2688 1574 2750 V,
1603 2689 1683 2738 17.
1711 2704 1761 2753 p.
1787 2689 1924 2749 303„
1969 2686 2021 2737 S.
2049 2686 2328 2749 Basilium,
2355 2686 2476 2735 adv.
2501 2684 2678 2734 Euno-

196 2774 357 2823 mium
396 2774 466 2833 11,
497 2776 579 2825 19.
616 2774 653 2833 1,
680 2774 799 2824 254.
826 2777 875 2825 5.
912 2779 967 2825 et
991 2774 1046 2827 S.
1080 2774 1479 2840 Hieronymum,
1506 2775 1576 2826 ad
1602 2775 1740 2841 Eph.
1771 2777 1818 2836 1,
1847 2778 1892 2825 1.
1917 2774 2036 2836 VII,
2061 2776 2180 2826 545.
2217 2774 2318 2825 Ast
2341 2788 2440 2823 nos
2462 2772 2676 2837 quidem

193 2862 483 2925 opinionis,
522 2876 663 2926 quae
698 2861 941 2925 sumitur,
978 2878 1047 2913 ne
1084 2864 1369 2927 vestigium
1408 2863 1624 2928 quidem
1663 2864 1808 2928 apud
1845 2878 1886 2913 s.
1923 2863 2192 2927 Ignatium
2229 2861 2265 2911 1.
2294 2877 2340 2911 c.
2366 2860 2681 2926 reperimus.

192 2946 555 2998 Tertullianus
593 2964 718 3000 vero
771 2956 957 3016 aperte
1004 2950 1074 3001 ad
1126 2951 1405 3001 veritatem
1438 2952 1473 3001 i.
1512 2967 1557 3002 e.
1595 2952 1939 3002 traditionem
1976 2949 2404 3001 ecclesiasticam
2439 2949 2562 3013 ipsa
2596 2947 2677 2995 in-

404 3134 441 3198 ¹)
482 3134 691 3185 Uxores
726 3140 943 3185 servent
976 3135 1045 3185 ad
1082 3136 1224 3186 viros
1260 3136 1507 3186 virtutem
1542 3137 1894 3198 reverentiae,
1931 3148 2091 3201 quam
2127 3135 2291 3185 habet
2321 3134 2572 3185 Ecclesia
2607 3134 2678 3183 ad

192 3236 445 3287 sponsum
472 3237 627 3271 suum
654 3222 947 3286 Christum3
984 3223 1085 3273 viri
1110 3227 1286 3273 autem
1312 3222 1539 3289 diligant
1566 3238 1761 3274 uxores
1786 3238 1928 3286 suas,
1968 3221 2410 3289 quemadmodum
2437 3221 2676 3272 Christus

192 3308 375 3358 dilexit
410 3307 729 3371 Ecclesiam,
770 3315 931 3376 atque
968 3325 1065 3376 pro
1104 3325 1171 3361 ea
1204 3326 1263 3360 se
1299 3310 1518 3361 tradidit
1541 3312 1595 3361 in
1620 3315 1860 3373 mortem,
1899 3310 2042 3376 quod
2077 3311 2338 3360 maximae
2375 3308 2675 3359 dilectionis

190 3396 284 3445 fuit
337 3398 569 3462 signum.
644 3396 835 3447 Subdit
884 3399 1277 3449 matrimonium
1324 3399 1422 3447 viri
1473 3404 1526 3449 et
1572 3398 1822 3461 feminae,
1881 3414 1999 3449 esse
2055 3400 2262 3463 signum
2323 3411 2550 3463 mag-nae
2599 3397 2675 3446 rei

192 3498 375 3533 sacrae
412 3483 459 3533 si
496 3484 759 3534 referatur
793 3484 863 3535 ad
900 3484 1097 3537 Christi
1135 3490 1189 3535 et
1222 3485 1503 3536 Ecclesiae
1540 3488 1846 3553 coniugium
1883 3502 1978 3552 per
2012 3501 2246 3536 amorem
2271 3491 2324 3535 et
2352 3484 2674 3535 incarnatio-

192 3587 321 3621 nem.
384 3570 544 3623 Unde
593 3572 847 3637 coniuges
890 3577 1075 3622 mutuo
1112 3588 1169 3622 se
1208 3572 1428 3639 diligere
1464 3573 1627 3623 iubet.
1688 3573 1871 3624 Liberi
1914 3590 2042 3625 vero
2087 3574 2450 3639 obsequantur
2484 3586 2674 3638 paren-

193 3658 343 3709 tibus.
396 3658 601 3709 Probat
635 3658 737 3709 hoc
773 3675 869 3725 per
903 3660 1211 3711 mandatum
1234 3661 1353 3722 Dei,
1391 3660 1535 3727 quod
1570 3666 1652 3712 est
1687 3662 1930 3727 primum,
1965 3662 2050 3711 cui
2089 3661 2302 3711 additur
2337 3659 2673 3721 repromissio

190 3745 354 3796 Exod.
383 3748 467 3808 20,
500 3747 579 3796 12.
613 3746 871 3797 Parentes
894 3747 1003 3797 sint
1025 3747 1288 3809 benevoli,
1326 3764 1501 3813 neque
1526 3748 1659 3799 fiant
1681 3749 1920 3815 prolibus
1946 3750 2138 3815 asperi,
2177 3748 2272 3799 sed
2309 3748 2540 3798 educent
2575 3760 2668 3796 eas

190 3836 393 3884 ratione
417 3848 547 3883 vere
584 3832 889 3883 christiana.
940 3833 1093 3884 Servi
1118 3834 1373 3885 obediant
1404 3836 1650 3887 Dominis
1689 3837 1864 3886 animo
1889 3836 2138 3903 religioso
2165 3840 2218 3885 et
2241 3833 2401 3885 fideli.
2439 3835 2672 3899 Perpen-

193 3920 377 3971 derent
414 3918 685 3971 Christum
724 3914 1179 3973 remuneraturum
1218 3938 1335 3973 esse
1372 3922 1571 3973 bonnm
1613 3922 1967 3989 quodcunque
2006 3922 2198 3989 aliquis
2233 3921 2515 3988 praestitit,
2560 3922 2674 3971 sive
2731 3950 2738 3955 -

192 4023 371 4059 servus
390 4010 507 4057 sive
526 4008 667 4058 liber
686 4010 777 4071 sit3
805 4009 1003 4061 domini
1026 4014 1205 4059 autem
1222 4010 1331 4059 sint
1347 4010 1563 4060 humani
1586 4016 1640 4060 et
1657 4009 1961 4073 tolerantes,
1989 4014 2297 4075 reputarent
2321 4024 2502 4058 secum
2528 4006 2672 4072 quod

192 4111 519 4146 communem
556 4094 796 4146 habeant
816 4098 871 4146 in
898 4097 1063 4147 coelis
1087 4097 1393 4160 Dominum,
1422 4098 1565 4165 apud
1593 4114 1751 4163 quem
1787 4114 1896 4147 non
1921 4102 2002 4147 est
2028 4097 2270 4163 acceptio
2308 4110 2670 4161 personarum.

190 4181 229 4245 2)
264 4186 312 4245 6,
340 4184 569 4233 10-20,
624 4183 665 4247 ³)
705 4182 823 4234 Sint
858 4185 1021 4250 igitur
1056 4184 1289 4251 expediti
1326 4201 1390 4236 eo
1429 4186 1573 4251 quod
1610 4186 1868 4235 succincti
1893 4186 2116 4234 veritate
2149 4183 2418 4234 induerint
2453 4182 2672 4233 loricam

189 4272 435 4332 iustitiae,
476 4271 827 4321 assumserint
860 4278 1143 4337 praeterea
1164 4278 1371 4323 scutum
1398 4273 1539 4335 fidei,
1577 4271 1786 4339 galeam
1823 4271 2012 4323 salutis
2049 4276 2211 4337 atque
2247 4270 2483 4336 gladium
2519 4270 2670 4335 spiri-

189 4366 286 4419 tus,
322 4358 467 4423 quod
494 4362 577 4407 est
602 4358 879 4409 Verbum
906 4360 1027 4409 Dei
1064 4362 1381 4426 scriptum
1408 4375 1481 4409 ac
1506 4361 1844 4422 traditum,
1885 4376 1990 4425 quo
2019 4359 2269 4410 docemur
2294 4358 2421 4423 quid
2447 4374 2672 4423 sequen-

190 4443 325 4507 dum,
350 4446 481 4511 quid
507 4444 836 4511 fugiendum.
870 4446 1032 4497 Addit
1055 4463 1163 4497 non
1185 4453 1364 4498 tamen
1388 4449 1519 4499 satis
1544 4463 1663 4499 esse
1698 4447 1916 4497 militem
1941 4446 2076 4496 bene
2105 4450 2364 4495 armatum
2400 4444 2668 4506 incedere,

188 4532 279 4581 sed
315 4534 475 4582 etiam
510 4533 692 4582 animo
732 4538 787 4582 et
818 4534 1022 4584 viribus
1057 4534 1261 4601 indiget
1296 4534 1364 4584 ad
1402 4535 1764 4601 pugnandum,
1801 4534 1934 4585 illud
1986 4550 2112 4585 vero
2149 4549 2186 4583 a
2219 4534 2338 4585 Deo
2386 4534 2670 4599 impetran-

188 4616 311 4667 dum
344 4634 477 4669 esse.
554 4618 597 4685 ⁴)
634 4622 683 4682 6,
709 4622 933 4671 21—24.
