3267 5259
978 475 1207 519 Secundus
1242 476 1463 527 praeconii
1490 474 1694 519 coelestis
1721 443 1873 519 annus.
2591 465 2672 529 51

228 650 319 712 nit.
366 648 545 712 Hunc
589 650 719 713 iam
766 648 963 715 Jesus
1006 653 1387 737 interrogat,
1442 674 1529 715 an
1582 674 1780 715 sanus
1841 674 1984 717 esse
2039 649 2285 716 vellet?
2337 650 2679 737 respondit

228 760 329 843 ille,
373 760 589 827 deesse
628 761 752 826 sibi
796 762 1127 827 hominem
1153 764 1335 828 cuius
1376 786 1524 849 ope,
1552 786 1681 849 quo
1721 773 2020 850 tempore
2059 786 2232 849 aqua
2267 762 2676 846 movebatur,

228 874 279 937 in
315 875 606 958 piscinam
662 876 1048 941 mitteretur.
1123 874 1233 939 Ad
1280 898 1449 962 quae
1508 899 1658 941 eum
1712 876 2035 941 Dominus
2091 875 2345 941 sublato
2400 875 2675 961 grabato

228 988 501 1069 integrum
560 988 627 1051 in
674 986 965 1053 medium
1008 988 1271 1074 prodire
1318 989 1567 1053 iussit.¹
1634 988 1906 1054 Judaeis
1961 986 2448 1073 indignantibus
2517 988 2676 1053 obii-

228 1097 630 1184 cientibusque
704 1100 843 1165 eius
918 1099 1048 1165 diei
1120 1100 1542 1166 violationem
1574 1102 1602 1139 ²
1624 1150 1642 1185 ,
1718 1099 1761 1165 J
1765 1124 1912 1165 esus
1987 1110 2206 1187 spreta
2281 1123 2506 1165 eorum
2579 1101 2678 1163 ira

228 1209 519 1275 sublimem
590 1234 969 1277 sermonem
1039 1213 1430 1279 asserendae
1506 1236 1663 1278 suae
1726 1213 1984 1278 divinae
2031 1214 2358 1301 ⁸potestati
2418 1211 2674 1276 adiecit.

229 1320 626 1401 Quamobrem
671 1324 753 1389 de
800 1324 1077 1409 Christo,
1123 1325 1366 1391 nedum
1412 1336 1728 1413 tanquam
1775 1325 2031 1391 sabbati
2073 1325 2411 1407 violatore,
2448 1346 2679 1389 verum

229 1436 385 1497 etiam
414 1434 793 1522 blasphemo
815 1440 841 1481 ³
883 1438 1334 1504 interficiendo
1369 1440 1660 1524 cogitare
1695 1449 2056 1525 coeperlmt
2072 1442 2116 1502 ⁴¹.
2180 1437 2377 1517 Quod
2415 1436 2678 1523 quidem

230 1546 409 1611 odium
452 1552 661 1634 mag-is
710 1552 986 1633 exarsit,
1036 1552 1187 1636 quia
1234 1550 1467 1617 eodem
1530 1552 1635 1616 die
1657 1555 1683 1595 ⁵
1735 1551 1778 1617 J
1783 1574 1898 1617 esu
1941 1574 2064 1637 per
2119 1561 2262 1615 sata
2306 1548 2680 1615 ambulante

230 1662 539 1725 esurientes
608 1665 752 1727 eius
817 1662 1115 1748 discipuli
1181 1664 1590 1729 revellebant
1658 1666 1900 1751 spicas,
1969 1673 2036 1728 et
2103 1665 2394 1728 excussis
2461 1664 2680 1747 granis

226 1794 487 1837 manuum
528 1778 757 1840 attritu
792 1775 1250 1841 vescebantur.
1310 1777 1541 1843 Visum
1582 1778 1652 1841 id
1684 1788 1784 1842 est
1810 1777 2060 1863 grande
2091 1778 2280 1841 nefas
2311 1774 2680 1841 hominibus

224 1886 575 1951 tumentibus
622 1888 835 1971 fastu,
885 1910 1080 1974 quem
1126 1900 1347 1955 tamen
1393 1890 1690 1956 Christus
1736 1892 1998 1975 egregie
2045 1888 2307 1972 refudit,
2353 1887 2679 1973 allatoque

223 1996 451 2064 Davidis
488 2002 801 2088 exemplo
826 2006 853 2047 ⁶
883 2001 1235 2087 discipulos
1258 2026 1299 2067 a
1320 2002 1824 2068 Pharisaeorum
1846 2004 2083 2087 ineptis
2117 1998 2674 2067 criminationibus

222 2108 475 2177 defendit
493 2117 533 2177 ⁷.
556 2114 667 2178 Ac
692 2123 1127 2201 posteaquam
1152 2137 1231 2179 ea
1253 2117 1505 2179 ratione
1532 2114 1780 2180 factum
1805 2114 2269 2201 discipulorum
2304 2112 2679 2194 vindicavit,

223 2221 521 2309 Templum
568 2226 753 2308 adiit,
802 2228 1208 2312 inventoque
1269 2228 1654 2314 paralytico,
1712 2251 1908 2314 quem
1971 2237 2122 2291 ante
2181 2218 2437 2291 sanavit
2482 2224 2678 2290 dixit:

222 2335 324 2398 noli
383 2338 661 2423 amplius
732 2362 1033 2425 peccare.
1117 2339 1324 2404 Addit
1380 2342 1567 2426 peius
1629 2339 1872 2426 aliquid
1933 2338 2019 2403 illi
2080 2348 2498 2420 eventurum,
2559 2338 2680 2401 nisi

222 2448 513 2513 emendari
558 2451 860 2517 studeret
879 2462 920 2517 ὅ.
994 2453 1127 2517 Per
1169 2454 1541 2539 septiduum
1587 2453 1895 2541 paschale
1941 2455 2010 2517 in
2061 2450 2406 2537 metropoli
2463 2472 2678 2515 moras

247 2590 590 2603 -—-——...-—

220 2646 389 2711 Luchs,
415 2651 615 2702 Comm.
646 2658 697 2702 ii.
726 2654 777 2702 d.
803 2654 903 2703 Ev.
930 2654 1125 2704 Joann.
1152 2656 1223 2715 ΙΙ,
1256 2658 1336 2705 16.
1373 2656 1716 2705 Probaticam
1751 2654 2076 2720 adpellatam
2121 2656 2343 2703 censent
2377 2652 2494 2714 alii,
2535 2651 2679 2717 quod

219 2734 279 2783 ibi
318 2733 523 2803 πρόβατα
556 2741 615 2789 in
657 2740 934 2791 sacrificiis
980 2742 1306 2792 immolanda
1359 2742 1720 2791 abluerentur.
1781 2741 1902 2791 Non
1956 2741 2094 2791 male
2148 2740 2412 2789 Hebraeis
2459 2734 2681 2802 Βηθεσδά

218 2818 429 2885 ΠΞἸΠᾞ,
466 2826 755 2876 dicebatur
790 2827 824 2877 i.
852 2844 897 2877 e.
926 2827 1113 2879 domus
1139 2829 1361 2893 gratiae,
1389 2828 1615 2891 Heilort,
1643 2829 1796 2893 quasi
1833 2822 2138 2896 νοσοδόχιον,
2177 2826 2320 2892 quod
2357 2827 2560 2891 aegroti
2595 2826 2680 2876 hic

219 2917 495 2961 sanarentur
530 2913 719 2963 divino
757 2913 1045 2979 benefici03
1092 2930 1217 2965 nam
1262 2930 1457 2981 aquam
1502 2916 1616 2965 eius
1663 2915 1900 2980 piscinae
1940 2915 2224 2980 quotannis
2269 2913 2492 2979 angelus
2540 2929 2678 2963 com-

220 2996 446 3060 movebat,
481 3015 647 3064 quam
686 3000 779 3049 ubi
816 3006 1066 3067 aegrotus
1092 3002 1291 3066 primus
1327 3002 1383 3050 in
1408 3016 1525 3051 eam
1562 3002 1835 3051 coniectus
1875 3001 2152 3065 attigisset,
2188 2999 2334 3049 illico
2371 3000 2678 3051 sanabatur.

218 3076 299 3129 Illa
330 3085 457 3133 enim
494 3086 790 3151 explicatio
828 3086 977 3136 nullo
1014 3086 1171 3137 modo
1208 3088 1333 3137 ferri
1368 3092 1559 3153 potest,
1599 3102 1735 3152 quae
1767 3086 1945 3149 solis,
1983 3087 2244 3151 sanguine
2265 3091 2319 3137 et
2347 3087 2678 3135 victimarum

220 3168 345 3233 tdipe
368 3174 539 3223 mixtis
557 3176 737 3239 aquis,
762 3175 869 3223 vim
891 3175 1105 3226 morbos
1129 3176 1346 3225 arcendi
1372 3175 1641 3225 adscribit.
1667 3176 1826 3224 Hanc
1850 3190 1975 3225 vero
2003 3175 2260 3240 piscinam
2279 3175 2514 3239 quinque
2535 3169 2678 3231 στοάς

218 3254 592 3309 circumdedisse
631 3264 818 3309 narrat
853 3261 903 3310 d.
930 3261 1171 3311 Joannes
1196 3264 1245 3323 5,
1274 3263 1339 3323 2.,
1372 3278 1467 3327 per
1498 3277 1631 3326 quas
1669 3260 1848 3326 plures
1882 3263 2198 3327 interpretes
2231 3260 2537 3325 intelligunt
2572 3275 2680 3309 non

219 3346 304 3389 nm
348 3347 605 3409 porticus,
660 3362 823 3412 quam
875 3348 1179 3409 conclavia,
1231 3350 1285 3397 in
1340 3349 1531 3413 quibus
1584 3349 1774 3413 ingens
1829 3362 2108 3412 aeg-rorum
2162 3348 2420 3412 cuiusque
2472 3346 2680 3411 generis

217 3428 459 3481 multitudo
496 3433 755 3499 angelum
782 3448 951 3499 aquas
970 3440 1270 3484 moventem
1289 3435 1631 3499 exspectavit.
1661 3434 1741 3483 Cf.
1768 3435 1888 3483 Not.
1917 3433 2108 3499 Geogr.
2135 3451 2186 3499 p.
2211 3432 2405 3483 LXXI.
2432 3431 2679 3481 LXXIV.

396 3518 433 3585 ¹)
469 3520 714 3569 Jubente
749 3520 979 3571 Domino
1012 3536 1113 3570 nec
1144 3520 1391 3585 angelum
1421 3522 1602 3570 venire
1628 3536 1730 3571 nec
1755 3535 1948 3585 aquam
1973 3535 2321 3581 commovere,
2349 3535 2447 3569 nec
2476 3519 2684 3567 immitti

219 3600 261 3649 in
290 3605 531 3667 pisdnam
569 3606 853 3671 languenti
888 3622 1023 3672 opus
1060 3607 1186 3669 fuit,
1224 3608 1401 3657 statim
1436 3624 1494 3659 se
1531 3607 1618 3656 hic
1655 3609 1824 3657 erexit
1855 3609 1914 3657 in
1947 3606 2128 3671 pedes,
2166 3608 2391 3656 mirante
2432 3606 2680 3655 universo

216 3691 401 3753 populo.
482 3692 525 3757 ²)
582 3694 757 3754 Quasi
810 3693 1021 3743 sabbati
1074 3694 1335 3745 Dominus
1392 3710 1501 3744 non
1559 3708 1747 3743 curare
1797 3693 2016 3743 deberet
2065 3694 2122 3743 in
2177 3693 2430 3757 sabbat03
2485 3696 2539 3741 et
2591 3692 2683 3756 qui

218 3776 496 3828 mirabiliter
554 3784 781 3830 sanatus
844 3785 985 3841 erat,
1038 3782 1173 3829 tanti
1216 3780 1459 3831 miraculi
1505 3779 1664 3829 fidem
1709 3780 1982 3846 publicam
2025 3779 2204 3830 facere
2253 3779 2340 3829 die
2382 3780 2500 3845 ipso
2545 3778 2680 3829 sesto

216 3862 569 3924 prohiberetur.
634 3865 716 3915 cf.
752 3865 811 3915 C.
836 3866 1036 3928 waldi,
1084 3866 1277 3917 Christi
1315 3868 1518 3917 curatio
1554 3866 1870 3917 sabbathica
1901 3868 1958 3916 in
1995 3866 2152 3916 Thes.
2189 3882 2329 3917 novo
2367 3866 2570 3915 Hasaei
2607 3864 2678 3925 11,

220 3950 313 3997 196.
346 3964 385 3999 s.
420 3952 557 4002 Cum
592 3954 759 4018 igitur
800 3952 1041 4003 Christus
1080 3967 1115 4002 a
1147 3952 1370 4003 Judaeis
1408 3957 1742 4018 argueretur,
1781 3968 1880 4002 ceu
1917 3953 2128 4003 sabbati
2172 3952 2360 4002 violati
2402 3966 2549 4011 reus,
2598 3949 2682 4000 his

170 4090 181 4103 ·
216 4048 305 4083 rem
336 4036 597 4088 defendit:
634 4055 693 4089 se
720 4054 841 4088 cum
864 4039 1025 4089 Patre
1050 4040 1165 4105 pari
1202 4044 1467 4104 potestate
1494 4041 1719 4104 operari,
1759 4038 1982 4089 similem
2017 4040 2226 4104 utrique
2265 4054 2382 4089 esse
2419 4038 2680 4099 virtutem,

217 4128 259 4167 et
288 4122 437 4175 nullis
472 4125 735 4175 limitibus
774 4126 1077 4175 coercitam.
1113 4125 1271 4175 Diem
1308 4126 1519 4176 sabbati
1554 4142 1666 4177 non
1701 4118 1972 4176 hominum
2008 4126 2185 4187 exitio,
2225 4124 2320 4175 sed
2355 4122 2518 4173 saluti
2565 4136 2684 4171 esse

216 4204 493 4273 institutam,
528 4228 687 4277 quam
720 4226 877 4261 nemo
916 4212 1073 4261 vilem
1108 4210 1288 4274 habet,
1315 4212 1565 4277 quamdiu
1592 4213 1842 4277 proximis
1867 4212 2179 4281 auxiliarem
2202 4224 2414 4260 manum
2445 4208 2682 4274 porrigit.

217 4292 251 4355 Ἰ)
283 4294 405 4347 Cum
440 4299 655 4349 Patrem
692 4298 799 4347 sibi
836 4312 955 4347 esse
988 4298 1189 4359 Deum,
1228 4312 1391 4363 seque
1425 4300 1545 4348 Deo
1584 4299 1866 4363 aequalem
1910 4298 2261 4363 praedicaret.
2317 4296 2359 4360 ⁴)
2397 4295 2596 4345 Joann.
2633 4298 2683 4357 5,

220 4382 377 4431 1—47.
428 4385 471 4449 ⁵)
498 4384 739 4435 Sabbato
766 4384 1211 4449 secundo-primo.
1246 4384 1332 4433 De
1356 4399 1460 4449 quo
1486 4401 1535 4433 ν.
1560 4384 1962 4450 Prolegomena.
2000 4383 2042 4448 ⁶)
2082 4382 2162 4433 cf.
2186 4383 2325 4431 Hist.
2349 4382 2414 4433 R.
2437 4382 2508 4433 D.
2531 4382 2595 4431 V.
2621 4382 2684 4433 T.

218 4482 257 4529 p.
280 4470 387 4521 240.
447 4472 491 4537 ⁷)
526 4472 731 4523 Docuit
763 4472 981 4535 ignaros
1020 4486 1137 4521 esse
1179 4471 1303 4521 illos
1340 4472 1607 4521 mosaicae
1654 4471 1787 4536 legis
1823 4472 2162 4536 interpretes,
2200 4469 2321 4535 plus
2368 4484 2484 4519 esse
2519 4470 2576 4518 in
2619 4470 2684 4518 iis

218 4551 437 4617 invidiae,
452 4573 609 4623 quam
628 4558 929 4608 doctrinae.
949 4556 1079 4606 Luc.
1100 4558 1149 4619 6,
1174 4560 1219 4607 1.
1240 4572 1280 4605 s.
1309 4556 1349 4621 8)
1370 4558 1491 4606 Hoc
1508 4557 1651 4607 facto
1673 4557 1911 4607 Christus
1931 4557 2248 4607 ostendebat
2267 4570 2325 4604 se
2345 4559 2399 4604 et
2417 4556 2685 4605 conscium

216 4652 313 4689 ene
330 4644 465 4693 vitae
486 4646 649 4710 ipsius
668 4643 1013 4709 praeteritae,
1034 4648 1089 4691 et
1110 4642 1373 4692 hominem
1399 4644 1558 4692 istum
1584 4648 1802 4709 propter
1825 4648 2052 4707 peccata
2074 4644 2131 4692 in
2154 4642 2394 4691 morbum
2417 4640 2683 4691 incidisse.

2307 4730 2375 4779 4st
