3267 5259
640 422 765 489 130
1294 437 1411 480 nist.
1440 438 1547 481 nov.
1578 438 1668 482 «nv.
1697 440 1752 483 u.
1778 440 1826 482 r.
1861 440 2028 483 retina
2057 441 2095 483 1.
2114 452 2209 493 οι».
2237 441 2440 483 aium.

636 610 821 695 quasi
880 610 1123 675 fastidii
1167 620 1664 699 contemtusque
1727 613 2016 701 colaphis
2077 626 2501 701 exceperunt,
2563 618 2862 683 convitiis
2902 616 3080 682 illuse—

578 742 599 767 ·
632 732 801 805 runt,
862 730 1001 787 tum
1047 723 1177 787 alia
1219 724 1692 791 contumeliosa
1736 728 2114 812 nequissimi
2157 728 2261 792 isti
2306 726 2604 794 homines
2654 728 3080 815 oggerebant1.

1294 1022 1353 1101 ξ.
1386 1022 1489 1087 28.
1550 1018 1791 1086 Trina
1835 1022 2052 1087 Petri
2097 1024 2444 1109 negatio.

834 1206 1018 1272 Inter
1074 1207 1239 1273 haec
1298 1208 1534 1274 Petrus
1606 1213 1716 1297 qui
1774 1211 1861 1275 ad
1919 1214 2139 1297 ignem
2202 1234 2352 1277 cum
2409 1212 2716 1277 militibus
2779 1212 2982 1278 stabat
3029 1215 3081 1277 in

630 1322 827 1405 atrio,
889 1321 971 1385 ab
1035 1321 1269 1387 ancilla
1315 1323 1597 1408 quadam
1646 1326 1908 1389 ostiaria
1963 1327 2255 1410 agnituS,
2317 1336 2514 1413 atque
2561 1348 2647 1390 ex
2689 1326 2768 1390 iis
2816 1348 2950 1391 esse
2992 1328 3082 1411 qui
3180 1322 3181 1325 '

630 1435 837 1498 secuti
867 1434 1097 1498 Jesum
1128 1445 1294 1518 sunt,
1342 1458 1621 1521 eumque
1665 1435 2036 1502 habuerunt
2065 1461 2184 1524 pro
2217 1440 2526 1525 magistro
2563 1438 2888 1525 proditur3
2933 1436 3082 1523 quod
3180 1432 3181 1473 ³

631 1544 892 1632 quidem
938 1546 1171 1611 Petrus
1217 1570 1437 1613 coram
1484 1547 1784 1613 omnibus
1829 1551 2234 1636 pernegavit.
2284 1550 2448 1615 Cum
2497 1573 2582 1615 ex
2629 1552 2792 1615 atrio
2825 1552 2890 1614 in
2917 1551 3083 1613 vesti·
3180 1566 3181 1605 ὲ

626 1656 852 1723 bulum
900 1658 1131 1723 domus
1174 1660 1324 1742 iret,
1370 1682 1506 1725 non
1548 1659 1744 1745 longe
1791 1660 2006 1726 adhuc
2051 1685 2094 1726 a
2137 1664 2341 1727 servis
2386 1663 2822 1748 ministrisque
2867 1662 3082 1747 digres-

629 1794 736 1834 sus
781 1768 933 1857 galli
981 1782 1242 1836 cantum
1287 1774 1563 1859 primum
1610 1773 1876 1838 audivit.
1925 1774 2094 1839 Tum
2140 1774 2226 1838 ad
2253 1776 2474 1859 ignem
2505 1797 2770 1840 reverso
2803 1774 2871 1838 id
2897 1777 3084 1861 ipsum
3180 1756 3181 1761 ἵ

630 1884 823 1947 ctiam
870 1884 1105 1949 ancilla
1148 1884 1275 1949 alia
1318 1884 1501 1949 dixit.
1570 1886 1689 1951 Ille
1743 1909 1901 1951 vero
1948 1910 2170 1952 rursus
2215 1908 2286 1951 se
2331 1886 2496 1951 Jesu
2541 1886 2926 1973 discipulum
2966 1885 3084 1950 infi-
3180 1914 3181 1919 ¹

632 1997 826 2061 tiatus
873 2007 990 2079 est,
1034 2006 1433 2083 protestatus
1477 2021 1547 2063 se
1592 2022 1678 2063 ne
1726 1999 1893 2064 facie
1941 2000 2204 2085 quidem
2249 1998 2586 2064 hominem
2631 2022 2842 2064 nosse.
2889 1998 3084 2083 Negat

630 2130 699 2173 se
730 2108 897 2173 illius
930 2108 1127 2173 fuisse
1161 2132 1534 2195 sequacem,
1566 2134 1699 2177 non
1729 2112 1920 2177 nudis
1953 2114 2045 2176 ufi
2078 2111 2340 2198 quidem
2373 2122 2523 2176 ante
2555 2110 2794 2195 verbis,
2827 2110 2942 2175 sed
2971 2133 3080 2195 quo

625 2224 832 2286 maior
876 2222 998 2308 ipsi
1045 2222 1465 2287 adhiberetur
1508 2224 1673 2288 fides
1719 2247 1868 2290 cum
1922 2224 2358 2289 iureiurando·
2411 2224 2574 2289 Post
2605 2224 2893 2310 elapsam
2925 2224 3082 2287 circi-
3180 2204 3181 2283 3

624 2343 725 2397 ter
752 2334 997 2412 horam,
1026 2334 1287 2420 quidam
1322 2358 1406 2400 ex
1438 2336 1844 2401 adstantibus
1869 2338 2072 2402 servis
2091 2338 2118 2381 ²
2145 2359 2365 2401 rursus
2391 2359 2540 2401 eum
2573 2359 2642 2401 se
2676 2358 2826 2401 cum
2849 2335 3082 2401 Christo

621 2447 689 2509 in
734 2444 921 2511 horto
967 2445 1207 2511 vidisse
1254 2446 1552 2512 affirmat.
1608 2448 1970 2513 Assensere
2019 2450 2218 2513 ceteri
2251 2471 2496 2531 omnes,
2544 2471 2630 2512 ex
2658 2450 2801 2534 ipso
2838 2446 3084 2533 loquen—
3180 2426 3181 2473 3

622 2558 706 2622 tis
751 2580 1051 2624 sermone
1105 2559 1463 2645 probantes
1520 2560 1698 2646 quod
1745 2560 2077 2626 Galilaeus
2145 2571 2318 2627 esset
2333 2563 2375 2625 ³.
2443 2560 2680 2625 Petrus
2741 2583 2886 2626 cum
2955 2582 3084 2623 eum

837 2868 874 2932 ¹)
914 2866 1299 2918 Crudelitatem
1332 2868 1551 2933 sapiunt
1584 2868 1866 2918 immanem
1903 2873 1958 2918 et
1992 2884 2210 2933 prorsus
2245 2868 2682 2933 indignissimam,
2720 2882 2841 2917 cum
2875 2866 3004 2917 alias
3026 2864 3086 2915 ad

621 2961 843 3005 mortem
879 2953 1260 3017 condemnatis,
1297 2958 1481 3020 utpote
1516 2956 1623 3003 iam
1659 2955 1791 3004 satis
1829 2968 2096 3021 superque
2131 2954 2360 3015 afflictis,
2409 2954 2757 3005 afflictionem
2809 2954 3086 3004 uberiorem

624 3041 819 3091 addere
842 3040 995 3090 nefas
1021 3046 1176 3091 esset.
1222 3040 1373 3102 Quae
1397 3039 1662 3090 habentur
1684 3040 1827 3106 apud
1852 3057 1894 3091 s.
1921 3058 1964 3093 s.
1990 3040 2178 3091 Matth.
2203 3043 2288 3101 26,
2313 3042 2396 3091 57.
2423 3058 2465 3091 s.
2490 3040 2657 3090 Marc.
2688 3043 2770 3103 14,
2793 3042 2876 3090 53.
2903 3057 2945 3090 s.
2967 3040 3086 3089 Luc.
3180 3066 3181 3081 η

623 3130 707 3191 22,
732 3130 815 3177 54.
842 3143 883 3178 s.
919 3126 1115 3176 Joann.
1144 3128 1224 3189 18,
1253 3128 1334 3176 13.
1360 3144 1403 3177 s.
1464 3126 1504 3192 ²)
1550 3126 1750 3177 Malchi
1791 3127 1953 3189 illius,
1991 3129 2144 3178 cuius
2191 3141 2376 3177 aurem
2409 3128 2604 3177 Petrus
2639 3126 2944 3179 absciderat
2977 3142 3085 3189 cog·
3180 3134 3181 3149 ¹

623 3220 796 3265 natus.
858 3213 901 3278 ³)
938 3213 1209 3263 Debemus
1246 3212 1380 3263 haec
1416 3213 1678 3263 candidae
1713 3215 2033 3279 ingenuitati
2067 3214 2549 3279 Evangelistarum‚
2590 3214 2684 3279 qui
2721 3230 2788 3263 ne
2821 3212 3084 3279 Apostolo-

624 3316 739 3350 rum
775 3300 987 3366 quidem
1023 3300 1210 3365 culpas
1248 3300 1599 3349 dissimulant.
1655 3298 1708 3349 8.
1745 3301 1983 3351 Joannes
2028 3302 2325 3350 narrationi
2367 3314 2500 3351 suae
2537 3300 2606 3350 de
2639 3300 2788 3350 Petri
2823 3300 3085 3365 negatione

624 3386 860 3436 secunda
896 3388 977 3449 18,
1005 3389 1073 3436 25
1108 3386 1453 3452 praemittens
1479 3402 1605 3448 rem,
1632 3387 1784 3436 cuius
1811 3390 1866 3436 et
1887 3404 1938 3437 v.
1967 3389 2048 3437 18.
2076 3388 2403 3449 meminerat,
2441 3386 2587 3451 quod
2611 3386 2820 3436 scilicet
2841 3402 2888 3436 s.
2909 3386 3086 3435 Petrus

624 3473 831 3522 steterit
864 3478 919 3521 et
954 3472 1260 3521 calefecerit
1295 3488 1353 3521 se
1390 3488 1510 3521 cum
1535 3474 1705 3522 servis
1731 3478 1784 3521 et
1807 3473 2085 3536 ministris3
2125 3472 2270 3523 clare
2299 3471 2548 3534 ostendit,
2584 3472 2806 3521 Petrum
2838 3472 2896 3521 in
2920 3470 3087 3521 eodem
3180 3480 3181 3495 ¹

624 3558 743 3607 loco
781 3560 1156 3608 consistentem
1194 3558 1491 3624 abnegasse
1525 3558 1713 3609 Jesum
1750 3558 1988 3609 secunda
2021 3559 2284 3623 tertiaque
2320 3559 2452 3621 vice,
2479 3574 2586 3623 quo
2611 3558 2762 3608 illum
2785 3558 2905 3607 vice
2935 3558 3088 3622 prima
3180 3600 3181 3627 ᾗ

626 3644 1010 3710 abnegaverat,
1060 3650 1114 3694 et
1150 3660 1215 3694 ex
1252 3660 1357 3709 quo
1394 3644 1585 3709 pedem
1618 3658 1884 3710 nusquam
1919 3648 2160 3694 moverat
2203 3643 2473 3709 deinceps.
2535 3643 2800 3693 Nimirum
2845 3644 2906 3693 in
2947 3644 3086 3691 domo
3180 3654 3181 3681 1

624 3746 733 3781 non
766 3731 971 3793 Annae,
1010 3730 1103 3781 sed
1140 3729 1394 3796 Caiphae,
1424 3732 1515 3795 qui
1550 3730 1645 3780 illo
1683 3731 1896 3796 quidem
1931 3745 2072 3781 anno
2110 3735 2226 3780 erat
2253 3730 2501 3781 Pontifex
2536 3729 2609 3779 M.
2637 3730 2775 3780 con.
2799 3729 2992 3779 Joann.
3019 3730 3088 3787 18,

626 3820 846 3868 13-18.
885 3818 1019 3868 Cum
1054 3834 1181 3867 vero
1217 3816 1357 3867 idem
1396 3817 1448 3867 S.
1485 3817 1724 3868 Joannea
1761 3818 1834 3869 ib.
1859 3834 1909 3867 v.
1935 3818 2019 3867 25.
2063 3817 2264 3867 scribat
2302 3816 2610 3877 „dixerunt⁸
2649 3817 2708 3865 in
2744 3830 2964 3865 numero
2985 3814 3088 3879 plu·
3180 3800 3181 3807 ἵ

623 3904 748 3969 rali,
804 3904 1015 3970 egregie
1052 3904 1343 3966 confirmat,
1384 3918 1522 3969 quae
1560 3920 1601 3954 s.
1636 3903 1938 3954 Matthaeus
1981 3902 2168 3966 refert,
2206 3903 2263 3952 id
2308 3908 2364 3953 et
2407 3902 2566 3953 aliam
2615 3902 2867 3952 ancillam
2915 3902 3089 3951 fecisse

624 3994 707 4055 26,
736 3992 837 4055 71.,
876 3996 929 4041 et
964 4007 1085 4040 cum
1118 3990 1214 4040 illa
1250 3989 1473 4040 eandem
1509 4006 1724 4056 quoque
1761 3991 2074 4053 ianitricem,
2113 3989 2256 4055 quod
2294 4004 2336 4039 s.
2360 3988 2576 4040 Marcus
2613 3989 2882 4050 observat,
2916 3990 2994 4050 14,
3017 3988 3090 4036 69.
3180 4050 3181 4065 χ

625 4083 677 4127 et
713 4094 925 4129 servum
962 4094 1026 4127 ex
1063 4074 1545 4139 circumstantibus,
1584 4077 1728 4142 quod
1763 4092 1805 4127 s.
1830 4076 2010 4127 Lucas
2046 4076 2224 4126 habet.
2263 4078 2346 4138 22,
2383 4078 2466 4125 58.
2523 4074 2724 4126 Omnes
2761 4076 2907 4125 Petri
2941 4087 3090 4138 nega·

624 4166 815 4229 tiones,
854 4162 1095 4230 Caiphae
1130 4164 1187 4212 in
1213 4162 1368 4213 domo
1393 4167 1642 4228 peractas
1668 4178 1698 4213 e
1721 4162 1910 4213 Matth.
1935 4164 2018 4225 26,
2045 4164 2128 4213 69.
2153 4178 2196 4212 s.
2221 4162 2386 4212 Marc.
2415 4164 2496 4225 14,
2521 4164 2605 4211 66.
2629 4176 2673 4212 s.
2699 4162 2835 4211 Luc.
2859 4162 3032 4223 2256.
3053 4174 3091 4208 s.
3180 4176 3181 4185 ¹

622 4256 889 4314 tenemus,
942 4254 1127 4316 utpote
1182 4250 1273 4315 qui
1319 4264 1387 4299 ne
1430 4250 1782 4298 meminerunt
1829 4249 2042 4315 quidem
2085 4248 2274 4299 Jesum
2311 4248 2601 4298 abductum
2635 4248 2805 4297 fuisse
2839 4246 2911 4296 ad
2945 4246 3091 4296 aedes
3180 4264 3181 4273 ¹

624 4337 827 4387 Annae.
886 4336 1041 4397 Quod
1096 4336 1194 4385 etsi
1246 4337 1420 4385 minus
1468 4337 1750 4401 perspicue
1795 4350 1830 4384 a
1872 4351 1914 4385 s.
1951 4334 2166 4384 Joanne
2202 4350 2416 4399 quoque
2449 4333 2696 4383 traditur.
2735 4334 2818 4397 18,
2845 4336 2927 4383 16.
2983 4332 3092 4381 Hoc
3180 4320 3181 4335 ³

624 4424 919 4487 posteriore
954 4422 1075 4472 loco
1098 4438 1287 4473 vocem
1325 4417 1639 4491 ,,,ιιίρχιερεῖ>ςιι
1681 4422 1746 4471 de
1783 4420 2036 4486 Caipha
2067 4420 2470 4485 intelligendam
2493 4434 2630 4483 esse,
2656 4421 2936 4486 sequentia
2959 4419 3094 4469 exin-

626 4513 755 4558 cunt
788 4524 965 4559 rerum
998 4514 1282 4559 momenta.
1319 4528 1368 4561 a.
1404 4510 1523 4558 Vox
1558 4508 1798 4574 pontifex
1835 4524 1956 4557 cum
1990 4509 2046 4557 in
2081 4522 2300 4557 numero
2329 4506 2586 4573 singulari
2611 4512 2860 4572 ponatur,
2898 4504 2962 4555 de
2985 4503 3092 4555 solo
3180 4544 3181 4553 2

628 4595 903 4647 sacerdote
940 4610 1142 4646 summo
1180 4597 1456 4661 accipitur,
1496 4610 1662 4660 quare
1697 4611 1741 4645 s.
1765 4594 1981 4645 Marcus
2019 4594 2134 4645 solo
2169 4594 2274 4643 hoc
2307 4594 2464 4644 titulo
2491 4593 2752 4659 Caipham
2788 4590 3093 4657 designavit,
