3267 5259
1238 483 1381 525 com
1410 484 1599 526 nomini.
2577 476 2660 542 97

210 652 338 717 Hoc
364 663 575 718 tamen
606 675 685 720 eo
724 657 867 741 ipso
910 667 1207 743 tempore
1248 681 1381 722 non
1422 660 1606 724 iuxta
1649 681 1874 725 eorum
1913 663 2347 747 propositum,
2387 661 2505 726 sed
2533 662 2662 727 Dei

212 765 445 830 decreto
488 789 649 852 pera
697 768 987 853 gendum
1030 769 1209 835 fuit1.
1273 770 1439 836 Cum
1482 794 1589 836 res
1632 773 1700 836 in
1758 772 2226 839 deliberatione
2269 784 2661 858 versaretur,

211 880 435 944 occasio
460 881 713 945 senatui
736 883 1209 967 pei-commoda
1233 884 1411 948 facta
1444 895 1543 949 est
1569 884 1786 950 Judae
1814 886 2190 969 Iscariotae,
2234 909 2320 951 ex
2343 886 2660 973 Apostolo

208 989 541 1076 proditoris,
571 992 827 1058 nefario
878 1005 1137 1080 conatu,
1170 1017 1299 1082 quo
1344 997 1613 1062 tandem
1657 999 1851 1062 morti
1893 997 2170 1064 traditus
2197 1000 2265 1063 in
2299 1000 2443 1086 ipso
2492 999 2659 1064 festo

208 1102 326 1166 fuit.
380 1103 593 1168 Homo
627 1107 805 1170 enim
847 1105 953 1170 hic
984 1108 1222 1193 impius
1265 1111 1718 1195 magistratum
1761 1110 2092 1175 iudaicum
2131 1134 2454 1198 praeceps
2485 1112 2660 1196 adiit,

208 1227 265 1278 ut
291 1217 373 1280 eis
403 1239 669 1303 operam
702 1241 886 1282 suam
919 1219 1004 1283 ad
1038 1221 1728 1308 comprehendendum
1758 1224 1802 1289 J
1805 1247 1988 1289 esum
2021 1225 2302 1290 offerret.
2368 1225 2662 1290 Avarum

206 1326 391 1392 Judae
420 1329 775 1395 Iscariotae
823 1333 1109 1398 animum
1156 1334 1433 1400 adduxit
1462 1358 1578 1422 spe
1608 1336 1771 1401 lucri
1805 1337 2102 1401 diabolus
2132 1337 2220 1402 ad
2250 1337 2662 1423 prodendum

208 1438 486 1525 Synedris
550 1446 957 1530 magistrum.
1048 1445 1180 1511 Ubi
1245 1447 1555 1512 facinoris
1614 1449 1991 1514 mercedem
2048 1461 2338 1536 peteret,
2399 1453 2663 1536 triginta

205 1564 517 1638 argenteos
576 1556 817 1623 siclos²
860 1557 1075 1624 Judae
1127 1571 1585 1645 numerarunt3
1642 1563 1826 1648 queis
1873 1565 2162 1650 acceptis
2209 1587 2279 1628 se
2309 1567 2386 1628 iis
2431 1563 2476 1629 J
2479 1587 2662 1630 esum

387 1773 423 1841 ¹)
458 1775 595 1828 0011.
632 1779 793 1829 Prov.
834 1782 925 1842 16,
959 1782 1006 1831 9.
1068 1779 1109 1846 ²)
1146 1780 1349 1830 Textus
1396 1781 1668 1846 originalis
1715 1780 1908 1832 habet:
1951 1777 2210 1848 τριάκοντα
2251 1777 2482 1851 ἀργύρια,
2521 1798 2661 1849 quae

204 1875 291 1909 vox
322 1865 523 1929 proprie
564 1864 887 1914 diminutiva
923 1882 988 1916 ex
1026 1860 1239 1934 ἄργυρος
1276 1872 1373 1917 est.
1420 1867 1702 1917 Dederunt
1723 1869 1883 1931 igitur
1907 1868 2168 1933 proditori
2201 1885 2444 1918 nummos
2475 1884 2660 1934 argen-

202 1951 301 1996 teos
340 1950 594 2013 minutos,
634 1957 933 2017 aequantes
978 1953 1197 2018 triginta
1245 1953 1524 2004 drachmas
1571 1955 1790 2016 atticas,
1835 1953 1886 2002 h.
1924 1969 1972 2004 e.
2009 1955 2220 2004 circiter
2257 1957 2339 2005 10.
2376 1955 2427 2003 fl.
2463 1957 2548 2006 50.
2582 1972 2660 2006 xr.

201 2049 257 2082 m.
278 2049 323 2084 a.
356 2035 432 2086 cf.
459 2036 756 2101 Cavedoni,
782 2039 912 2088 bibl.
929 2040 1301 2102 Numismatik‚
1323 2055 1389 2091 ex
1409 2041 1468 2090 it.
1494 2057 1547 2090 ν.
1563 2040 1821 2090 Werlhof.
1845 2041 2022 2090 Hann.
2046 2042 2195 2090 1855.
2221 2057 2272 2106 p.
2300 2043 2385 2091 41.
2411 2058 2452 2091 s.
2497 2040 2654 2092 Suffi-

200 2121 391 2171 ciebant
422 2125 643 2189 triginta
673 2125 729 2174 hi
767 2127 1021 2191 argentei,
1060 2141 1194 2192 quos
1231 2128 1439 2178 aerario
1478 2127 1661 2192 templi
1697 2126 1892 2176 inferre
1934 2126 2220 2189 noluerunt
2255 2129 2442 2178 summi
2479 2129 2657 2179 Ponti-

200 2207 321 2270 fices,
344 2209 411 2260 ad
434 2211 669 2277 agellum
702 2211 862 2263 vilem
898 2213 1191 2276 emendum,
1219 2215 1371 2264 cuius
1402 2229 1558 2265 omne
1594 2214 1728 2263 uber
1751 2215 1829 2263 ita
1852 2213 1921 2263 ad
1945 2213 2130 2279 figlina
2153 2229 2319 2279 opera
2343 2214 2658 2265 exhaustum

200 2293 305 2355 fuit,
338 2301 395 2346 ut
426 2298 609 2348 nullus
644 2299 773 2348 inde
820 2299 1025 2350 fructus
1070 2315 1289 2365 sperare
1331 2302 1581 2367 potuerit.
1641 2301 1830 2350 Matth.
1869 2303 1960 2362 26,
2001 2302 2083 2351 15.
2129 2302 2220 2363 27,
2260 2303 2326 2351 3.·
2347 2303 2394 2352 6.
2429 2304 2480 2351 9.
2539 2302 2660 2351 Hac

200 2384 453 2434 occasione
478 2390 533 2434 et
556 2384 663 2436 hoc
698 2391 937 2451 tempore
971 2386 1247 2451 impletum
1272 2403 1389 2437 esse
1413 2389 1727 2437 vaticinium
1764 2386 2031 2452 quoddam
2057 2386 2358 2452 Prophetae
2392 2388 2660 2438 Jeremiae

198 2469 264 2515 ait
292 2484 331 2518 s.
353 2470 682 2535 Matthaeus,
721 2474 812 2533 27,
850 2475 899 2522 9.
962 2471 1371 2523 Observandum
1406 2475 1461 2523 in
1500 2475 1756 2524 citatione
1791 2474 1948 2524 huius
1985 2474 2090 2524 loci
2128 2473 2318 2539 Syrum
2355 2480 2410 2523 et
2443 2475 2662 2524 Persam

196 2555 507 2621 interpretem
544 2574 657 2608 non
695 2560 987 2624 exprimere
1022 2575 1219 2609 nomen
1254 2560 1571 2625 prophetae3
1610 2561 1832 2626 exprimi
1868 2565 2046 2610 autem
2081 2561 2138 2609 in
2175 2560 2422 2625 Vulgata,
2460 2561 2658 2622 Arabe,

198 2641 466 2708 Evangelio
512 2646 887 2696 Hebraeorum
932 2661 1125 2696 nomen
1170 2647 1437 2698 Jeremiae
1474 2649 1613 2697 sicut
1655 2653 1708 2698 et
1742 2649 1797 2697 in
1836 2650 2040 2713 graecis
2077 2647 2369 2698 codicibus.
2425 2647 2509 2697 An
2545 2649 2661 2698 sine

196 2729 363 2779 mendo
387 2731 471 2780 hic
508 2731 617 2796 legi
658 2738 821 2797 queat
854 2732 1115 2784 Jeremias
1151 2748 1248 2799 pro
1275 2734 1549 2796 Zacharia,
1579 2735 1722 2801 apud
1760 2751 1915 2800 quem
1951 2735 2220 2786 invenitur
2251 2734 2404 2785 locus
2444 2735 2660 2801 quidam

196 2813 305 2865 huic
326 2818 503 2868 similis
531 2820 615 2878 11,
649 2822 749 2880 13.,
774 2835 883 2869 ιιοιι
920 2820 1055 2870 levis
1082 2826 1163 2870 est
1192 2823 1603 2872 controversiae.
1651 2815 1910 2872 Nonnulli
1927 2849 1995 2858 -
2015 2837 2146 2886 quos
2171 2822 2412 2887 sequitur
2437 2821 2660 2888 Schegg,

194 2901 281 2950 Er.
310 2919 359 2952 n.
392 2904 581 2955 Matth.
618 2905 730 2965 In,
765 2908 883 2956 422.
920 2911 975 2956 et
1009 2909 1125 2956 160.
1151 2935 1218 2944 -
1246 2908 1551 2957 existimant
1586 2921 1704 2957 esse
1749 2901 2040 2974 μνημονικὸν
2077 2903 2281 2976 σφάλμα
2316 2925 2356 2958 s.
2381 2908 2657 2971 Matthaei,

194 2990 273 3052 qui
306 3007 365 3040 ex
400 2993 691 3042 memoriae
729 2992 884 3057 lapsu
919 2993 1039 3042 loco
1076 2993 1369 3043 Zachariae
1406 2995 1680 3059 scripserit
1712 2993 2018 3044 Jeremiam.
2078 2995 2313 3055 Quorum
2357 2997 2660 3060 opinionem

194 3075 322 3126 nullo
357 3093 573 3142 prorsus
608 3079 770 3129 modo
804 3079 1159 3144 probandam,
1196 3081 1303 3129 iam
1336 3079 1461 3129 olim
1488 3081 1625 3131 iuste
1662 3081 1795 3129 dixit
1825 3080 2192 3142 Maldonatus,
2220 3081 2288 3130 ad
2324 3081 2374 3130 h.
2403 3081 2435 3130 1.
2463 3099 2512 3147 p.
2540 3085 2658 3132 630.

192 3161 323 3212 Haec
356 3166 535 3231 opinio
572 3167 842 3216 enimvero
872 3168 1228 3216 contrariatur
1260 3167 1361 3232 ipsi
1391 3165 1698 3232 Scriptus-ae
1724 3166 1844 3216 coll.
1863 3166 2058 3216 Joann.
2089 3167 2169 3228 16,
2194 3169 2274 3216 13.
2309 3168 2351 3216 1.
2372 3169 2486 3218 Pet.
2508 3172 2553 3231 1,
2578 3171 2656 3217 12.

192 3247 250 3297 Π.
264 3249 368 3300 Pet.
386 3255 429 3314 l,
447 3255 549 3315 21„
573 3257 630 3303 et
649 3251 803 3302 salva
821 3270 863 3304 s.
880 3252 1093 3303 Codicis
1113 3252 1233 3313 fide,
1256 3267 1393 3318 quae
1413 3269 1621 3304 summa
1639 3257 1692 3303 et
1709 3253 2008 3302 firmissima
2027 3267 2144 3303 esse
2165 3253 2339 3314 debet,
2367 3255 2658 3304 consistere

192 3338 371 3401 nequit.
390 3339 591 3404 Mag-na
608 3340 857 3389 nimirum
875 3354 995 3389 cum
1006 3339 1506 3405 Hagiographorum
1526 3341 1722 3389 iniuria
1739 3339 2026 3390 coniuncta
2044 3339 2138 3389 illa
2155 3341 2336 3404 opinio
2357 3345 2454 3400 est,
2475 3340 2657 3404 eisque

192 3423 345 3487 eulpa,
382 3440 517 3490 quae
544 3426 765 3491 probari
788 3427 991 3490 nequit,
1016 3427 1341 3491 impingitur.
1390 3426 1605 3476 Etenim
1630 3430 1691 3476 ut
1723 3443 1766 3476 s.
1791 3426 2120 3490 Augustinus
2157 3441 2238 3490 ep.
2265 3427 2348 3475 82.
2376 3425 2446 3476 ad
2471 3426 2656 3476 Hiero-

192 3523 383 3572 nymum
418 3513 607 3562 scribit
644 3527 695 3561 ιι.
721 3514 769 3561 3.
806 3512 879 3574 11,
908 3513 1023 3563 190.
1066 3507 1277 3572 „nullus
1314 3527 1495 3562 eorum
1522 3513 1613 3577 qui
1641 3511 1904 3562 Canonici
1929 3512 2269 3578 appellantur
2297 3511 2448 3562 Libri
2473 3518 2659 3562 auctor

191 3596 449 3648 scribendo
496 3599 705 3665 aliquid
752 3599 1009 3662 erravit“3
1057 3604 1216 3664 atque
1252 3615 1305 3648 n.
1341 3600 1423 3650 24.
1459 3615 1509 3664 p.
1547 3600 1664 3648 109.
1727 3597 2061 3664 „Scripturas
2101 3597 2433 3648 Canonicas“
2482 3600 2560 3648 ita
2599 3615 2657 3649 se

192 3685 325 3746 sequi
361 3684 489 3735 dicit
528 3691 621 3748 „ut
658 3689 1048 3753 conscriptores
1094 3700 1275 3736 earum
1318 3684 1447 3734 nihil
1482 3687 1538 3736 in
1576 3686 1654 3734 eis
1697 3686 1911 3735 omnino
1959 3699 2180 3746 errasse,
2219 3685 2350 3735 nihil
2395 3685 2658 3735 fallaciter

190 3772 440 3830 posuisse‘*
480 3789 592 3822 non
630 3773 851 3823 dubitet.
902 3771 959 3822 Si
996 3772 1199 3837 aliquid
1232 3772 1303 3822 ad
1337 3772 1652 3822 solvendum
1687 3771 1904 3833 nodum,
1931 3772 1986 3820 in
2012 3787 2117 3837 quo
2143 3773 2249 3821 iam
2275 3786 2308 3820 a
2332 3773 2656 3837 temporibus

190 3853 439 3920 Origeuis,
484 3861 543 3908 in
580 3859 769 3908 Matth.
808 3860 1008 3910 Comm.
1044 3874 1145 3909 ser.
1183 3859 1265 3908 ed.
1298 3859 1505 3909 Lomm.
1537 3859 1602 3921 V,
1639 3859 1724 3908 29.
1772 3857 2072 3908 laboratum
2120 3863 2224 3920 est,
2262 3859 2428 3908 statui
2469 3857 2654 3907 debet:

191 3943 329 3992 nobis
368 3945 425 3995 in
468 3960 528 3995 re
574 3945 827 3996 intricata
868 3962 977 3996 ιιοιι
1023 3946 1139 3996 siue
1186 3945 1419 4010 pondere
1470 3959 1587 3996 esse
1631 3944 1844 3994 videtur
1882 3945 1938 3994 C.
1967 3943 2170 3994 Sanctii
2217 3943 2268 3993 S.
2295 3944 2348 3994 J.
2379 3943 2654 4008 Theologi,

190 4032 457 4094 sententia,
498 4048 663 4098 quam
700 4031 900 4083 Comm.
935 4034 991 4082 in
1015 4032 1135 4082 XII.
1160 4031 1355 4098 Proph.
1382 4033 1505 4082 min.
1531 4032 1704 4097 Lugd.
1735 4033 1885 4082 1621.
1911 4047 1962 4096 p.
1995 4033 2144 4082 1617.
2171 4047 2282 4096 seq.
2319 4030 2570 4096 proponit
2605 4034 2658 4078 et

190 4115 347 4168 multis
399 4119 763 4169 demonstrare
817 4121 1005 4185 pergit.
1052 4119 1157 4181 Ait,
1212 4119 1567 4169 testimonium
1621 4119 1722 4168 hoc
1778 4117 2044 4168 coaluisse
2098 4133 2162 4167 ex
2215 4116 2454 4166 Jeremia
2491 4119 2654 4181 atque

190 4199 441 4266 Zacharia,
482 4205 655 4256 solum
690 4211 869 4256 tamen
913 4206 1069 4255 citari
1092 4205 1396 4254 Jeremiam.
1433 4205 1619 4270 Neque
1647 4204 1834 4255 deesse
1863 4218 2094 4265 causam,
2133 4219 2229 4252 cur
2253 4217 2288 4252 a
2311 4217 2353 4251 s.
2378 4201 2654 4252 Matthaeo

192 4285 430 4341 Jeremias
464 4294 649 4358 potius
684 4293 948 4342 nominari
984 4291 1243 4342 debuerit.
1304 4291 1585 4341 Rationem
1622 4291 1887 4357 siquidem
1923 4289 2144 4339 reddere
2181 4289 2366 4352 voluit,
2403 4303 2512 4339 non
2547 4293 2656 4340 tam

193 4377 331 4437 pretii
365 4394 469 4442 quo
508 4377 753 4428 Christus
788 4379 1016 4428 traditus
1056 4383 1159 4440 est,
1201 4393 1361 4444 quam
1406 4379 1519 4443 agri
1556 4393 1619 4428 eo
1658 4379 1832 4443 pretio
1870 4378 2010 4426 emti.
2069 4376 2152 4426 De
2190 4390 2318 4441 agro
2359 4392 2487 4426 vero
2523 4375 2654 4426 nihil

195 4457 307 4511 dicit
338 4463 654 4527 Zacharias,
694 4481 859 4531 quare
910 4465 1012 4516 hoc
1046 4465 1168 4515 loco
1204 4464 1559 4514 nominandus
1603 4479 1714 4514 non
1757 4463 1882 4525 fuit3
1932 4462 2063 4512 dixit
2106 4478 2234 4513 vero
2269 4462 2531 4512 Jeremias
2568 4465 2652 4526 32,

196 4548 237 4594 6.
269 4563 371 4614 seq.
432 4550 682 4601 Ceterum
716 4551 1003 4602 videantur
1039 4551 1437 4602 dissertationes
1472 4551 1545 4600 M.
1572 4550 1636 4600 G.
1665 4550 1998 4612 Schwarzen,
2032 4549 2099 4598 de
2135 4551 2322 4616 pretio,
2361 4565 2467 4614 quo
2505 4547 2653 4599 SerV.

192 4647 237 4681 ιι.
270 4638 492 4701 aenum„
538 4638 595 4688 in
640 4638 797 4688 Thes.
832 4637 905 4687 th.
944 4637 1031 4702 ph.
1068 4653 1120 4703 p.
1156 4640 1274 4687 211.
1310 4653 1351 4687 s.
1399 4639 1488 4687 Fr.
1522 4637 1806 4703 Woerger,
1853 4635 2216 4699 Hakeldama,
2259 4637 2330 4686 ib.
2369 4653 2422 4701 p.
2457 4637 2575 4686 222.
2610 4649 2654 4684 s.

283 4725 486 4778 Dsnko,
514 4728 632 4772 Hist.
661 4729 965 4772 Revelationis
991 4729 1180 4772 divinae.
1210 4729 1267 4770 11.
2315 4724 2344 4774 7
