3267 5259
1210 440 1341 478 saera
1366 438 1615 489 Evangelia.
2523 433 2645 497 261

369 613 653 671 Personae
692 614 1083 690 Evangelium
1124 618 1166 674 i.
1200 638 1251 675 e.
1282 618 1557 677 historias
1589 621 1659 677 de
1690 620 1912 679 Christi
1943 621 2088 693 vita,
2123 623 2406 695 doctrina,
2441 630 2646 699 morte,

196 720 581 777 resurrectione
600 763 613 790 ,
680 719 930 799 indeque
980 726 1183 799 partae
1236 723 1571 782 hominibus
1622 725 1830 783 salutis
1882 746 1958 783 ex
2009 727 2394 803 inspiratione
2443 730 2652 789 divina

196 824 475 881 scribentes
504 841 557 879 κ.
592 842 637 879 ε.
686 826 1240 899 ,Evangelistae‘
1287 832 1574 887 vocantur
1596 827 1633 886 ¹.
1699 829 1916 889 Multos
1945 831 2181 909 quidem
2211 838 2445 891 conatos
2473 835 2650 893 fuisse

194 928 521 1003 evangelicas
566 932 766 987 texere
809 930 1085 988 historias
1122 952 1169 989 s.
1201 931 1389 990 Lucas
1434 934 1617 991 refert
1634 929 1692 1003 ²3
1735 935 1831 992 sed
1873 934 2119 993 afflante
2159 936 2388 1013 Spiritu
2429 938 2640 997 Sancto

196 1033 397 1091 nonnisi
440 1038 693 1111 quatuor
738 1036 812 1092 ad
854 1036 1225 1094 scribendum
1272 1042 1529 1094 mentem
1575 1037 1933 1114 adpuleruut
1951 1038 1991 1096 ³.
2064 1040 2145 1097 Et
2185 1042 2422 1117 quidem
2466 1044 2539 1101 ad
2585 1045 2646 1101 id

196 1139 421 1195 muueris
459 1158 493 1195 a
528 1138 654 1195 Deo
694 1140 890 1197 vocati
930 1145 1101 1197 sunt:
1144 1161 1189 1197 s.
1224 1140 1557 1199 Mat-thaeus
1599 1147 1659 1199 et
1701 1163 1747 1200 s.
1779 1142 2034 1201 Joannes
2077 1148 2249 1203 testes
2289 1146 2536 1215 oculati;
2585 1151 2644 1205 et

195 1243 291 1298 duo
316 1242 409 1299 alii
436 1264 482 1299 s.
514 1244 748 1301 Marcus
780 1247 840 1301 et
866 1264 911 1301 s.
944 1244 1149 1316 Lucas,
1184 1246 1287 1323 qui
1318 1266 1436 1303 non
1480 1248 1716 1323 quidem
1747 1251 1917 1305 erant
1961 1248 2030 1304 de
2060 1249 2340 1307 comitatu
2372 1250 2644 1321 Domini3

194 1357 421 1403 attamen
477 1368 513 1404 a
565 1348 811 1405 testibus
862 1348 1108 1406 oculatis
1161 1350 1517 1422 didicerant,
1575 1369 1723 1428 quae
1776 1352 2164 1411 tradiderunt.
2239 1354 2355 1411 Par
2407 1354 2649 1413 interim

194 1450 411 1523 singulis
452 1452 783 1510 adhibenda
832 1453 1003 1523 fides,
1053 1455 1365 1531 eademque
1418 1456 1734 1513 tribuenda
1785 1456 2117 1514 auctoritas.
2191 1458 2647 1532 Evangeliorum

195 1555 451 1627 historiaS,
494 1575 613 1614 non
644 1576 743 1613 ore
774 1558 847 1613 ad
878 1577 939 1615 os
960 1554 984 1595 4
1003 1601 1016 1628 ,
1058 1559 1158 1615 sed
1186 1562 1403 1634 scripto
1441 1562 1609 1618 nobis
1651 1561 1897 1619 traditas
1935 1561 2132 1631 fuisse,
2178 1562 2417 1621 divinae
2446 1566 2647 1637 singu-

198 1659 375 1716 lariter
399 1660 811 1719 Providentiae
842 1666 1142 1738 acceptum
1172 1664 1498 1721 referimus.
1558 1665 1866 1722 Scribendi
1905 1684 2044 1723 vero
2085 1666 2398 1741 Evangelii
2439 1688 2646 1745 oppor-

196 1764 493 1836 tunitatem,
521 1784 925 1844 summamque
948 1768 1299 1838 utilitatem3
1334 1774 1437 1825 aut
1460 1770 1636 1827 etiam
1660 1770 1710 1825 si
1733 1769 1998 1827 homines
2020 1776 2361 1846 spectemus,
2388 1770 2648 1851 aliquam

196 1871 575 1941 necessitatem,
610 1890 730 1928 nou
762 1890 837 1928 ex
867 1872 1132 1930 absoluta
1160 1872 1274 1930 Dei
1304 1873 1631 1931 intentione
1663 1884 1766 1931 aut
1804 1894 2074 1951 expresso
2106 1875 2331 1934 Christi
2373 1878 2653 1940 mandato,

198 1974 475 2047 profectam
510 1976 889 2033 adstruimus.
952 1975 1219 2035 Christus
1256 1997 1393 2035 sane
1434 1978 1786 2036 discessurus
1817 1997 1853 2035 a
1881 1979 2002 2035 suis
2035 1998 2152 2035 non
2193 1980 2503 2051 scribendi,
2547 1982 2645 2037 sed

196 2079 532 2152 praedicandi
576 2100 793 2139 munus
833 2082 1039 2139 iisdem
1077 2083 1357 2158 imposuit
1374 2081 1415 2140 5.
1476 2081 1672 2145 Quare
1710 2086 1772 2141 et
1809 2085 1952 2141 anni
1994 2083 2189 2158 plures
2229 2084 2411 2160 elapsi
2441 2089 2582 2143 sunt
2611 2106 2646 2143 a

197 2182 380 2241 Christi
409 2187 473 2242 in
502 2186 728 2243 coelum
760 2204 1017 2257 ascensu,
1051 2188 1232 2245 donec
1260 2188 1569 2265 quisquam
1600 2186 1881 2245 Historiis
1923 2188 2180 2245 eiusdem
2219 2189 2647 2248 conscribendis

196 2308 399 2346 manum
437 2292 794 2349 admoveret.
858 2290 1075 2375 Causae
1113 2296 1351 2366 propter
1388 2310 1532 2369 quas
1570 2292 1984 2367 Evangelistae
2024 2311 2114 2349 res
2145 2292 2387 2351 Domini
2431 2296 2646 2368 scripto

197 2394 545 2467 tradiderunt,
582 2396 973 2454 communiter
1014 2397 1389 2471 assignantur
1416 2402 1738 2475 sequentes.
1801 2396 2005 2453 Prima
2046 2415 2098 2453 a.
2142 2402 2211 2454 ut
2251 2398 2317 2455 in
2350 2397 2640 2467 Ecclesiis,

195 2516 313 2573 quas
352 2501 735 2575 praedicando
781 2501 1038 2572 obirent,
1086 2520 1193 2559 nec
1234 2502 1377 2561 viva
1415 2520 1642 2576 semper
1679 2520 1818 2559 voce
1862 2502 2063 2558 docere
2116 2504 2374 2576 possent,
2425 2505 2648 2559 certum

196 2602 453 2663 doctrinae
496 2625 637 2664 suae
678 2607 1105 2663 monimentum
1144 2610 1420 2664 exstaret.
1483 2605 1693 2663 Altera
1722 2606 1778 2663 b.
1811 2605 1954 2683 quia
1991 2604 2314 2665 multorum
2344 2624 2542 2663 recens
2573 2606 2646 2665 ad

194 2706 453 2767 Christum
512 2711 917 2768 traductorum
974 2709 1239 2767 fidelium
1296 2708 1451 2767 votis
1510 2710 1890 2787 precibusque
1948 2709 2278 2766 satisfacere
2341 2708 2636 2767 volebant.

196 2814 397 2871 Accedit
426 2815 603 2872 tertia
642 2832 693 2872 c.
728 2815 1113 2873 intendebant
1148 2815 1482 2889 scriptione,
1531 2814 1776 2890 proinde
1812 2816 1871 2870 et
1905 2812 2152 2871 lectione
2182 2812 2642 2887 Evangeliorum

192 2914 349 2987 fidem,
378 2938 552 2995 spem,
586 2920 915 2990 caritatem,
942 2918 1217 2977 solatium
1240 2919 1452 2977 animis
1474 2918 1696 2977 Christi
1720 2918 2055 2997 sequacium
2078 2917 2390 2975 instillare.
2417 2916 2639 2980 Quam-

192 3019 267 3074 vis
300 3027 479 3079 autem
520 3028 780 3101 quatuor
818 3024 943 3080 sint
980 3025 1316 3098 scriptores,
1360 3022 1463 3100 qui
1502 3022 1786 3100 quidquid
1826 3022 1894 3079 de
1933 3023 2062 3080 vita
2099 3026 2158 3079 et
2198 3021 2466 3080 doctrina
2506 3021 2644 3079 Jesu

194 3122 377 3183 Christi
420 3136 685 3185 tenemus
738 3147 855 3185 uno
900 3146 998 3185 ore
1042 3132 1397 3186 attestantur
1442 3131 1504 3184 et
1543 3128 1718 3184 iuxta
1760 3126 2278 3200 Evangelistarum
2329 3144 2646 3183 numerum

192 3236 403 3303 quatuor
438 3232 717 3289 dicantur
760 3231 1113 3305 Evangelia,
1162 3250 1295 3289 cum
1341 3237 1537 3289 tamen
1576 3231 1734 3287 idem
1771 3232 2040 3288 omnibus
2082 3229 2162 3287 sit
2189 3249 2392 3305 scopus
2423 3229 2643 3286 Christi

190 3331 456 3392 videlicet:
496 3336 651 3414 quod
684 3334 813 3393 Lex
844 3340 903 3392 et
931 3336 1257 3410 Prophetae
1287 3336 1557 3393 futurum
1589 3334 2178 3410 praenuntiaverunt,
2211 3334 2322 3391 hoc
2351 3332 2644 3390 redditum

192 3441 335 3512 atque
387 3439 741 3517 completum
798 3440 1193 3498 demonstrare
1215 3436 1264 3509 ὃς
1343 3437 1553 3496 merito
1614 3442 1814 3496 omnia
1871 3443 2121 3517 quatuor
2189 3436 2356 3495 nobis
2415 3456 2644 3495 unum

193 3538 641 3617 Evangelium
670 3564 791 3601 esse
822 3544 1166 3603 dixerimus.

363 3647 515 3706 Talis
574 3668 709 3707 cum
761 3648 843 3706 sit
890 3653 1169 3724 tantaque
1221 3646 1533 3721 Evangelii
1598 3648 1790 3719 origo,
1846 3649 2068 3723 quanta.
2127 3650 2188 3701 et
2238 3645 2528 3717 dignitate
2581 3649 2642 3701 et

193 3747 451 3808 maiestate
478 3752 750 3822 excellat,
796 3770 965 3809 nemo
996 3770 1115 3809 non
1144 3751 1325 3808 videt.
1388 3750 1527 3806 Vim
1558 3748 1883 3824 Evangelio
1915 3750 2191 3806 tribuunt
2231 3748 2642 3823 Hagiographi

194 3910 557 3923 “qk—..—

368 4008 403 4064 Γ)
438 4008 652 4059 Etenim
688 4003 716 4057 ὁ
754 4004 1098 4075 εὖαγγελιστής
1134 4022 1329 4057 nomen
1364 4005 1528 4055 habet
1576 4004 1994 4071 significationes
2041 4005 2237 4071 plures,
2276 4010 2331 4054 et
2368 4005 2548 4069 potius
2585 4005 2641 4052 in

192 4106 239 4138 ne
292 4108 587 4157 praeconem
651 4110 811 4160 quam
866 4096 1177 4160 scriptorem
1236 4094 1485 4157 denotat3
1548 4094 1642 4157 qui
1700 4094 1870 4157 magis
1929 4094 2143 4157 proprie
2203 4085 2642 4159 εὖαγγελιογράφος

194 4174 413 4230 dicendus
446 4188 604 4233 esset.
666 4182 735 4231 V.
768 4182 1035 4247 Bezange‚
1072 4182 1107 4230 l.
1134 4197 1179 4231 c.
1205 4181 1296 4242 IV,
1329 4182 1410 4230 18.
1444 4196 1495 4246 p.
1524 4181 1607 4229 61.
1648 4179 1690 4243 2)
1727 4180 1934 4244 Evang.
1984 4182 2030 4241 1,
2071 4180 2118 4227 1.
2183 4178 2224 4241 ³)
2265 4177 2373 4227 Cur
2410 4180 2642 4242 quatuor

194 4268 239 4310 et
278 4280 371 4316 uon
410 4268 587 4333 plures
634 4269 725 4318 vel
772 4270 1057 4333 pauciores
1109 4268 1333 4328 fuerint,
1382 4268 1569 4332 quaeri
1612 4266 1829 4317 facilius
1879 4279 2038 4331 quam
2080 4263 2392 4330 responderi
2445 4268 2639 4329 potest.

196 4347 295 4399 Uno
326 4355 521 4417 quidem
556 4356 743 4422 plures
780 4370 899 4405 esse
936 4354 1203 4415 debuisse,
1230 4370 1339 4403 non
1374 4355 1490 4403 sine
1528 4368 1696 4404 causa
1731 4354 1980 4415 sumitur3
2019 4350 2160 4417 quod
2191 4352 2248 4399 in
2286 4350 2512 4401 duorum
2547 4354 2645 4400 aut

190 4437 323 4487 trium
354 4443 553 4493 testium
592 4458 687 4493 ore
724 4443 893 4493 omnis
928 4442 1129 4491 veritas
1164 4442 1422 4491 consistit.
1494 4440 1655 4490 Dent.
1697 4442 1778 4501 19,
1819 4442 1902 4489 15.
1963 4437 2150 4487 Matth.
2191 4438 2272 4499 18,
2313 4438 2395 4487 16.
2468 4438 2512 4502 ⁴)
2548 4437 2642 4501 Ut,

192 4524 375 4586 quidem
415 4535 535 4580 ante
584 4530 789 4595 Legem
834 4528 1037 4593 Moysis
1084 4530 1394 4593 contigerat.
1470 4528 1513 4591 ³)
1558 4526 1748 4576 Matth.
1783 4526 1876 4587 28,
1913 4526 1995 4574 19.
2053 4524 2218 4573 Marc.
2258 4527 2347 4588 16,
2389 4526 2469 4575 15.
2522 4524 2640 4575 Act.

194 4610 261 4671 10,
284 4615 357 4662 42.
424 4615 465 4681 θ)
500 4616 553 4665 S.
580 4616 929 4682 Augustinus,
967 4614 1035 4664 de
1072 4630 1216 4665 cons.
1244 4614 1505 4680 Evangel.
1532 4614 1574 4663 I.
1602 4617 1649 4676 1,
1679 4616 1724 4663 1.
1752 4630 1802 4676 p.
1831 4616 1879 4663 2.
