3267 5259
1034 452 1197 496 Christi
1224 463 1359 495 coena
1382 452 1579 505 legitime
1605 453 1840 505 paschalis.
2549 441 2678 506 235

204 636 442 693 Domino
472 652 683 711 parare
712 633 951 704 Pascha,
998 634 1307 692 victimam
1352 634 1492 706 agni
1533 632 1822 707 paschalis
1865 633 1978 691 sibi
2022 650 2410 709 comparasse:
2455 634 2677 693 Textus

206 746 389 795 tamen
420 743 481 796 et
508 739 663 796 ratio
695 738 1051 795 narrationis
1072 738 1231 811 cogit
1256 736 1497 795 lectores
1526 737 1777 807 credere,
1813 756 1906 795 eos
1936 757 1971 795 a
1999 741 2232 813 recepta
2261 739 2676 795 consuetudine

206 844 436 901 minime
466 842 791 899 descivisse.
855 841 1117 913 Accedit,
1150 841 1303 918 quod
1342 841 1554 899 diserte
1584 860 1631 898 s.
1655 841 2113 915 Evangeliorum
2144 843 2450 916 scriptores
2479 844 2678 901 dicant

203 948 489 1004 Christum
520 966 657 1003 cum
692 945 995 1021 discipulis
1032 945 1541 1003 manducasse
1582 945 1910 1014 Pascha3
1949 945 2132 1003 Marc.
2170 950 2268 1015 14,
2309 950 2406 1003 12.
2439 952 2499 1004 et
2527 945 2675 1004 illud

202 1052 422 1129 quidem
446 1051 602 1129 quod
626 1069 851 1109 necesse
872 1055 1001 1107 erat
1017 1049 1221 1108 occidi.
1254 1049 1515 1118 Luc.22,
1536 1054 1591 1106 7.
1624 1047 1804 1111 Queis
1825 1050 1892 1105 in
1915 1047 2054 1106 locis
2077 1049 2351 1107 Pascha
2379 1052 2677 1125 proprio

201 1175 275 1213 ac
308 1156 586 1213 nativo
622 1174 755 1212 suo
791 1173 1023 1211 sensu
1060 1153 1247 1228 accipi
1280 1154 1445 1211 iubet
1473 1152 1696 1210 Christi
1726 1152 1950 1210 dictum
1980 1152 2123 1211 Luc.
2161 1157 2260 1223 22,
2300 1158 2431 1211 15.:
2489 1153 2676 1225 ,Desi-

201 1260 349 1317 derio
378 1260 705 1317 desideravi
736 1259 847 1316 hoc
875 1258 1098 1315 Pascha
1126 1257 1477 1315 manducare
1505 1256 1826 1327 vobiscum,
1875 1262 2188 1335 antequam
2237 1258 2356 1333 pati
2364 1262 2472 1315 ar.‘
2531 1258 2676 1315 Tam

199 1363 387 1421 ludere
417 1365 580 1421 enim
610 1362 867 1438 profecto
896 1362 967 1419 de
996 1361 1317 1437 Scripturis
1360 1361 1581 1419 divinis
1624 1360 1730 1417 ille
1772 1360 1984 1419 merito
2026 1360 2326 1433 videatur,
2373 1362 2678 1440 ipsumque

199 1465 253 1523 rb
282 1464 437 1543 ῥητὸν
468 1466 816 1535 convellere,
850 1466 954 1543 qui
984 1466 1240 1523 Paschae
1284 1463 1565 1523 vocabulo
1596 1468 1765 1539 putet
1793 1463 1956 1521 aliud
1985 1464 2126 1542 quid
2159 1464 2472 1539 designari,
2507 1471 2679 1523 extra

200 1570 337 1628 illud
367 1571 521 1649 quod
553 1569 821 1646 Apostoli
851 1588 1083 1645 parasse
1128 1569 1311 1644 ipsius
1343 1569 1584 1626 Domini
1629 1569 1792 1626 iussu
1835 1568 2049 1626 Matth.
2087 1572 2186 1640 26,
2225 1574 2254 1625 1
2268 1574 2324 1626 9.
2367 1570 2678 1645 perhiben-

202 1682 319 1745 tur3
350 1706 439 1717 -
466 1676 581 1732 hoc
609 1679 696 1731 est
730 1679 901 1731 extra
930 1692 1146 1747 agnum
1192 1673 1521 1748 paschalem
1552 1705 1638 1713 --
1669 1691 1846 1749 quam
1874 1674 1977 1749 qui
2023 1672 2207 1730 alium
2245 1673 2330 1730 ibi
2361 1680 2561 1749 potum
2593 1706 2678 1716 —-

200 1784 360 1837 extra
388 1781 603 1837 vinum
644 1780 715 1835 de
745 1779 869 1837 vite
894 1811 979 1819 --
1009 1779 1241 1851 cogitet,
1276 1795 1407 1834 cum
1452 1781 1770 1853 utrumque
1799 1776 1872 1835 ad
1905 1794 2144 1835 coenam
2189 1778 2518 1852 paschalem
2548 1799 2678 1855 per-

201 1883 433 1941 tinuisse
478 1902 825 1941 moneamur
866 1882 1011 1939 Luc.
1048 1886 1149 1952 22,
1190 1886 1287 1939 16.
1324 1886 1423 1938 18.
1487 1880 1601 1937 Ad.
1633 1900 1692 1957 q.
1733 1899 1792 1938 v.
1833 1880 2065 1938 Gemar.
2106 1880 2395 1939 Hierosol.
2435 1886 2510 1939 tr.
2551 1883 2678 1941 Pes.

202 2007 245 2044 c.
278 1988 329 2041 V
334 1988 439 2060 IL,
472 1989 543 2045 in
584 1986 765 2045 Blasii
806 1985 1075 2060 Ugolini‚
1118 1984 1286 2043 Thes.
1334 1986 1542 2062 Antiq.
1584 1983 1802 2055 XVII,
1849 1988 1992 2041 848.
2039 1988 2094 2041 9.
2159 1984 2360 2042 Eiusd.
2404 1986 2560 2056 diss„
2609 1986 2680 2043 de

200 2093 405 2149 ritibus
435 2094 505 2149 in
536 2108 713 2149 coena
742 2090 985 2149 Domini
1014 2109 1090 2147 ex
1121 2090 1329 2167 Antiq.
1363 2089 1569 2147 Pasch.
1598 2088 1820 2147 illustr.
1853 2089 1934 2146 ib.
1968 2108 2026 2163 p.
2065 2094 2090 2145 1
2108 2093 2248 2145 128.
2273 2110 2319 2147 s.
2381 2088 2681 2148 Christum

199 2215 530 2271 supremum
590 2200 765 2273 atque
823 2194 1157 2268 legitimum
1228 2194 1543 2251 celebrasse
1603 2193 1826 2251 Pascha
1890 2194 2069 2251 habet
2127 2212 2324 2250 sensus
2384 2194 2679 2252 Romanae

200 2300 499 2371 Ecclesiae,
535 2318 685 2377 quae
706 2300 868 2357 canit
889 2299 955 2355 in
978 2299 1201 2375 hymno
1230 2300 1564 2356 notissimo:
1598 2297 1806 2367 ‚noctis
1836 2297 2117 2355 recolitur
2139 2316 2316 2355 coena
2339 2298 2672 2367 novissima,

199 2424 307 2481 qua
334 2404 607 2461 Christus
636 2403 896 2461 creditur
940 2420 1159 2477 agnum
1204 2406 1263 2459 et
1308 2421 1535 2479 azyma,
1584 2403 1806 2460 dedisse
1849 2402 2157 2459 fratribus‘
2204 2406 2263 2461 et
2304 2421 2474 2459 mox:
2527 2403 2683 2473 ,Post

198 2528 407 2581 agnum
438 2509 709 2585 typicum
741 2524 949 2583 corpus
978 2506 1335 2564 dominicum
1364 2508 1569 2564 datum
1599 2506 1943 2582 discipulis.‘
2005 2506 2134 2564 Imo
2163 2507 2362 2564 eadem
2402 2526 2566 2563 mens
2595 2512 2682 2564 est

198 2612 481 2670 Ecclesiae
514 2611 837 2670 Universae
883 2612 947 2667 in
988 2609 1247 2669 Concilio
1278 2610 1624 2669 Tridentino
1653 2610 1868 2681 XXII,
1910 2616 1964 2669 1.
2012 2612 2082 2668 de
2112 2610 2345 2668 Christo
2390 2611 2678 2668 docentis:

199 2714 515 2785 ,Celebrate
559 2716 746 2773 veteri
794 2715 1006 2791 pascha
1032 2758 1045 2772 .
1075 2759 1090 2772 .
1144 2734 1359 2773 novum
1416 2716 1723 2772 instituit!
1799 2714 1966 2773 'Unde
2012 2720 2072 2772 et
2113 2715 2224 2772 hoc
2272 2715 2677 2792 consequitur:

197 2820 493 2877 Christum
526 2839 646 2877 non
674 2820 792 2877 alio
820 2818 1063 2877 consilio
1094 2822 1231 2877 ante
1262 2824 1507 2877 mortem
1539 2820 1650 2876 hoc
1677 2818 1870 2877 officio
1897 2820 2068 2893 fungi
2097 2818 2366 2888 voluisse,
2407 2838 2584 2896 quam
2613 2823 2683 2877 ut

194 2929 383 2981 vetere
412 2923 650 2999 expleto
674 2923 973 2993 Paschate,
1009 2942 1231 2980 novum
1260 2922 1441 2979 simul
1468 2923 1742 2981 conderet
1771 2924 2048 2982 instituta
2077 2923 2470 2981 Eucharistia.
2518 2922 2679 2985 Quae

194 3047 364 3103 supra
407 3028 701 3085 enarratis
745 3028 1029 3085 Historiis
1072 3026 1294 3085 Coenae
1340 3027 1397 3083 N
1398 3028 1706 3084 ovissimae
1751 3046 1827 3083 ex
1867 3046 1912 3083 s.
1935 3027 2264 3097 Matthaeo,
2311 3048 2358 3083 s.
2382 3029 2578 3085 Marco
2622 3032 2680 3085 et

195 3152 236 3187 ε.
268 3131 428 3189 Luca
472 3130 783 3189 attulimus
828 3151 885 3206 p.
934 3136 1035 3189 98.
1074 3152 1121 3188 s.
1166 3131 1676 3189 demonstrationis
1721 3130 1877 3189 vices
1923 3132 2208 3188 sustinere
2253 3135 2512 3207 possent3
2561 3132 2676 3189 nisi

196 3236 247 3291 d.
277 3235 311 3291 J
313 3255 535 3293 oannes
562 3236 847 3313 quaedam
875 3236 1213 3310 scripsisset,
1247 3254 1395 3312 quae
1435 3235 1555 3292 illis
1595 3240 1946 3310 apparenter
1983 3236 2282 3293 contraria
2323 3254 2442 3292 esse
2471 3234 2678 3293 viden-

199 3346 306 3395 tur.
362 3340 553 3397 Cardo
584 3343 742 3395 enim
774 3343 953 3398 totius
982 3338 1351 3397 difficultatis
1381 3340 1447 3397 in
1476 3358 1541 3396 eo
1572 3342 1860 3397 vertitur:
1907 3340 2060 3416 quod
2092 3358 2123 3396 e
2153 3360 2198 3396 s.
2223 3339 2680 3413 Evangeliorum

197 3442 591 3519 Scriptoribus
636 3448 752 3501 tres
796 3444 1052 3519 priores:
1116 3444 1310 3519 prima
1353 3444 1447 3500 die
1492 3462 1864 3519 azymorum,
1921 3447 2096 3520 atque
2141 3443 2280 3499 adeo
2303 3442 2502 3518 ·ipso
2559 3444 2682 3501 die

200 3547 323 3603 Pas
335 3548 607 3617 chatis,
652 3548 816 3604 cuius
847 3567 882 3605 a
910 3566 1151 3623 vespera
1181 3548 1385 3624 utique
1414 3566 1573 3605 more
1594 3546 1629 3603 J
1632 3547 1949 3604 udaeorum
1979 3546 2222 3604 initium
2253 3552 2356 3618 est,
2383 3546 2681 3605 Christum

196 3650 515 3708 Dominum
590 3652 844 3726 corporis
902 3656 961 3709 et
1020 3652 1322 3725 sanguinis
1381 3650 1472 3708 sui
1530 3655 1958 3709 sacramentum
2027 3650 2346 3708 condidisse
2415 3657 2678 3723 narrant,
2783 3712 2786 3716 ,

195 3756 507 3832 eodemque
539 3755 632 3811 die
660 3756 727 3811 in
758 3772 987 3812 crucem
1033 3756 1211 3812 fuisse
1257 3754 1573 3812 sublatum.
1634 3753 1693 3811 S.
1725 3754 1762 3809 J
1765 3772 1977 3812 oannes
2022 3761 2235 3824 autem,
2285 3774 2403 3812 non
2431 3758 2557 3831 ipso
2586 3757 2681 3813 die

195 3858 462 3929 Paschae,
496 3859 595 3915 sed
626 3858 862 3933 pridie
892 3864 1119 3933 gestum
1144 3864 1458 3935 utrumque
1480 3858 1698 3916 referre
1721 3858 2022 3916 videatur:
2058 3878 2191 3917 cum
2215 3859 2468 3917 alterum
2497 3879 2532 3916 a
2549 3863 2680 3917 nte

196 3962 387 4019 diem
428 3962 718 4019 festum
760 3962 1127 4032 Paschae,
1162 3962 1413 4021 alterum
1441 3965 1521 4019 in
1566 3962 2002 4020 Parasceve
2046 3963 2388 4021 Paschae
2433 3981 2680 4019 comme-

195 4071 393 4122 moret.
488 4064 651 4121 Inest
724 4067 881 4122 enim
947 4065 1230 4123 vocabulo
1290 4067 1762 4123 Parasceves
1822 4068 1914 4123 vis
1973 4084 2042 4124 ac
2099 4070 2350 4141 potestas
2409 4066 2678 4123 adverbii

196 4168 515 4241 ,pridie‘,
550 4160 625 4225 ‘et
665 4188 812 4245 quae
844 4170 997 4243 apud
1030 4188 1133 4226 nos
1162 4169 1341 4244 vulgo
1371 4169 1668 4242 ‚Vigiliae‘
1703 4170 2007 4227 tribuitur.
2069 4169 2422 4227 Praesertim
2453 4188 2585 4226 cum
2615 4188 2681 4226 eo

196 4270 283 4327 die
314 4292 487 4329 mane
530 4272 567 4328 J
568 4273 739 4329 udaei
785 4292 904 4331 non
946 4272 1288 4330 introierint
1330 4275 1397 4330 in
1440 4274 1816 4349 praetorium,
1850 4278 1920 4330 ut
1952 4292 2070 4331 non
2115 4274 2672 4344 contaminarentur,

195 4376 287 4431 sed
316 4382 387 4432 ut
416 4376 785 4433 comederent
826 4396 1063 4452 vespere
1108 4377 1348 4435 Pascha.
1416 4378 1625 4436 Joann.
1669 4383 1761 4449 18,
1801 4383 1900 4434 28.
1963 4376 2146 4434 Vetus
2175 4382 2236 4433 et
2272 4380 2499 4451 magnis
2545 4397 2679 4436 con-

197 4479 561 4537 tendentium
607 4481 818 4537 studiis
863 4482 1087 4555 agitata
1131 4483 1523 4539 controversia
1568 4487 1670 4550 est,
1721 4482 2064 4557 praesertim
2109 4500 2240 4537 cum
2285 4481 2382 4539 vel
2413 4482 2575 4539 nefas
2603 4483 2682 4539 sit

196 4584 503 4657 suspicari,
536 4602 747 4659 parum
778 4585 935 4641 inter
964 4604 1023 4641 se
1052 4583 1459 4657 Evangelistas
1497 4587 1840 4642 consentire.
1916 4584 2005 4642 cf.
2040 4584 2112 4643 G.
2145 4584 2239 4643 W.
2273 4584 2494 4657 Theile,
2527 4590 2588 4643 ii.
2620 4586 2678 4643 d.
