3267 5259
936 424 989 465 D.
1018 424 1199 466 Joannis
1227 427 1274 465 Α.
1308 426 1499 465 extrema
1525 426 1618 466 lata
1645 428 1693 467 et
1720 426 1902 478 scripta.
2541 416 2669 479 499

187 598 428 662 passioni
464 598 579 662 ipse
616 604 795 649 tamen
831 616 939 649 non
976 600 1159 650 defuit.
1208 602 1523 653 Potissimus
1558 601 1716 652 huius
1753 602 2054 654 traditionis
2091 608 2322 653 assertor
2358 608 2440 653 est
2463 604 2670 653 Tertul-

187 685 388 747 lianus,
435 687 587 736 cuius
632 686 799 736 verba
835 686 899 736 de
947 702 1178 753 praescr.
1222 687 1367 737 haer.
1411 704 1463 737 n.
1508 690 1591 739 36.
1642 705 1693 753 p.
1741 691 1824 739 25.
1873 690 1950 739 ita
1996 704 2054 740 se
2101 689 2303 740 habent
2353 692 2430 751 „si
2478 691 2670 741 Italiae

188 772 431 833 adiaces,
486 772 655 823 habes
702 774 951 832 Romam,
1000 774 1142 823 unde
1192 775 1347 825 nobis
1397 776 1690 825 auctoritas
1743 782 1957 842 praesto
2013 781 2108 826 est.
2181 776 2295 827 Ista
2341 793 2498 843 quam
2545 778 2672 828 felix

186 857 462 921 Ecclesia,
513 862 597 909 cui
654 866 821 910 totam
879 860 1173 911 doctrinam
1233 862 1477 927 Apostoli
1526 878 1648 913 cum
1701 865 1959 929 sanguine
2007 880 2106 914 suo
2153 863 2529 930 profuderunt,
2579 866 2672 915 ubi

188 948 379 997 Petrus
416 948 655 1013 passioni
693 948 991 999 dominicae
1028 948 1374 1013 adaequatur,
1413 950 1507 999 ubi
1544 951 1747 1001 Paulus
1783 940 2011 1001 Joannis
2049 952 2192 1001 exitu
2228 958 2538 1015 coronatur,
2581 953 2674 1002 ubi

186 1034 479 1099 Apostolus
515 1033 772 1095 Joannes,
812 1040 1162 1101 posteaquam
1201 1037 1255 1086 in
1294 1036 1468 1086 oleum
1511 1039 1726 1102 igneum
1773 1039 2042 1088 demersus
2087 1038 2220 1088 nihil
2265 1052 2456 1105 passus
2503 1044 2586 1089 est
2617 1041 2672 1089 in

186 1120 419 1171 insulam
466 1120 779 1187 relegatur.“
843 1123 927 1174 De
974 1122 1073 1171 hac
1118 1124 1424 1173 narratione
1470 1124 1744 1191 disputant
1791 1125 2006 1186 eruditi,
2060 1130 2288 1191 suntque
2336 1128 2428 1192 qui
2465 1141 2580 1176 eam
2619 1128 2674 1177 in

188 1208 409 1257 dubium
434 1214 646 1271 vocent,
672 1208 755 1257 vel
784 1210 940 1274 plane
967 1210 1105 1259 inter
1128 1210 1341 1260 fabulas
1367 1212 1647 1261 collocent.
1697 1214 1761 1262 E.
1789 1229 1837 1277 g.
1863 1214 1922 1262 P.
1956 1212 2166 1278 Faydit,
2201 1214 2674 1265 eclaircissements

188 1312 281 1345 sur
305 1295 361 1345 la
386 1296 554 1346 doctr.
582 1301 635 1347 et
657 1295 692 1346 l'
713 1296 851 1346 Hist.
880 1297 1008 1346 eccl.
1036 1296 1101 1346 de
1129 1297 1269 1347 deux
1296 1314 1459 1363 prem.
1486 1300 1632 1349 siecl.
1659 1300 1822 1349 Amst.
1852 1302 2002 1350 1695.
2034 1317 2086 1365 p.
2115 1301 2229 1350 148.
2258 1318 2300 1351 s.
2346 1298 2452 1350 Sed
2475 1318 2596 1350 cum
2620 1303 2676 1351 in

188 1384 513 1434 narrationis
550 1384 705 1433 modo
753 1383 885 1433 nihil
934 1386 1229 1450 reperiatur
1272 1400 1304 1435 a
1345 1387 1571 1436 veritate
1616 1386 1974 1449 dissentanei,
2027 1395 2080 1438 et
2116 1402 2391 1439 assensum
2427 1390 2678 1439 meruerit

189 1488 229 1519 s.
244 1472 579 1537 Hieronymi,
608 1472 726 1522 adV.
741 1472 861 1521 Jov.
877 1471 919 1533 Ι,
937 1474 1019 1521 25.
1042 1490 1092 1537 p.
1109 1476 1251 1537 280.;
1276 1474 1403 1522 item
1424 1480 1629 1523 exserte
1653 1474 1850 1524 Comm.
1869 1476 1926 1524 in
1947 1474 2133 1524 Matth.
2156 1478 2238 1537 20,
2255 1478 2336 1526 23.
2359 1492 2409 1541 p.
2430 1476 2546 1525 155.
2589 1475 2678 1536 „Si

186 1559 431 1623 legamus
456 1559 851 1609 ecclesiasticas
888 1560 1155 1622 historias,
1192 1562 1249 1609 in
1286 1562 1479 1627 quibus
1517 1562 1701 1623 fertur,
1739 1562 1882 1627 quod
1914 1564 2106 1628 etipse
2131 1568 2348 1629 propter
2370 1564 2676 1628 martyrium

188 1648 257 1697 sit
282 1647 479 1697 missus
502 1647 559 1695 in
586 1646 839 1695 ferventis
866 1646 969 1696 olei
998 1647 1214 1708 dolium,
1242 1653 1295 1696 et
1318 1647 1443 1697 inde
1470 1648 1541 1697 ad
1566 1648 1962 1714 suscipiendam
1983 1664 2235 1699 coronam
2255 1648 2450 1699 Christi
2477 1650 2679 1699 athleta

188 1734 531 1798 processerit,
556 1734 841 1799 statimque
862 1733 1129 1799 relegatus
1148 1734 1204 1784 in
1226 1734 1475 1785 Pathmos
1494 1737 1726 1787 insulam
1747 1736 1831 1797 sit,
1857 1736 2155 1786 videbimus
2175 1738 2426 1801 martyrio
2446 1738 2676 1787 animum

189 1836 297 1869 uon
338 1820 591 1880 defuisse,
630 1819 735 1869 fide
772 1820 915 1870 haud
956 1820 1175 1885 indigna
1212 1826 1338 1871 est.“
1389 1821 1679 1887 Antiquior
1713 1830 1854 1873 esset
1883 1822 2016 1871 haec
2051 1822 2280 1884 traditio,
2319 1824 2364 1871 si
2389 1824 2676 1887 genuinum

190 1907 327 1955 foret
366 1907 743 1969 testimonium,
784 1907 927 1971 quod
963 1923 1029 1956 ex
1060 1908 1277 1956 Victore
1312 1908 1584 1974 Episcopo
1618 1908 1838 1974 Capuae
1868 1911 1903 1972 †
1927 1911 2044 1959 545.
2085 1910 2336 1958 excitavit
2371 1909 2678 1958 Feuarden—

190 1995 312 2053 tine,
348 2000 533 2042 annot.
558 1993 613 2043 in
640 1994 776 2043 Iren.
806 1994 927 2043 adv.
953 1993 1002 2043 h.
1038 1992 1135 2055 III,
1163 1996 1211 2043 3.
1244 1994 1315 2055 ΙΙ,
1344 1997 1461 2045 862.
1489 2000 1543 2044 et
1569 1995 1804 2057 Halloix‚
1843 1994 2043 2045 Illustr.
2075 1995 2223 2045 Eccl.
2252 1994 2341 2044 Or.
2367 1997 2547 2061 script.
2572 1996 2678 2045 Vit.

196 2081 368 2129 Duae.
410 2082 560 2129 1633.
610 2079 651 2129 Ι.
690 2082 807 2131 533.
856 2086 909 2130 et
944 2082 1061 2131 597.
1122 2081 1333 2130 Interea
1374 2083 1730 2132 testimonium
1767 2081 1870 2131 hoc
1907 2096 1942 2131 a
1975 2082 2232 2147 scriptore
2269 2082 2474 2131 saeculi
2509 2082 2682 2147 quinti

192 2174 481 2227 servatum,
522 2168 715 2217 aetatis
752 2168 1033 2233 insigniter
1068 2169 1383 2233 antiquioris
1410 2174 1505 2219 est.
1552 2170 1712 2218 Licet
1732 2168 1896 2234 igitur
1925 2168 2288 2219 Tertullianus
2334 2184 2454 2219 cum
2490 2170 2680 2219 Hiero-

190 2270 352 2318 nymo
382 2253 482 2303 soli
509 2260 689 2303 essent
712 2254 869 2303 huius
894 2255 1021 2305 facti
1047 2260 1235 2318 testes3
1274 2272 1359 2305 res
1384 2256 1440 2305 in
1464 2261 1581 2305 tuto
1607 2255 1873 2306 collocata
1907 2257 2058 2317 foret,
2097 2256 2224 2305 nihil
2257 2258 2398 2306 enim
2435 2257 2680 2319 occurrit,

191 2343 337 2406 quod
378 2358 485 2391 non
513 2356 633 2391 cum
672 2344 877 2391 ratione
914 2344 1028 2393 eius
1066 2344 1317 2409 temporis
1350 2345 1651 2393 conveniat.
1693 2343 2150 2408 Frequentissima
2173 2344 2326 2394 istius
2359 2345 2682 2395 narrationis

192 2430 393 2478 mentio
442 2428 503 2477 fit
551 2430 607 2477 in
663 2429 1080 2495 martyrologiis,
1136 2446 1237 2481 nec
1284 2446 1393 2481 non
1438 2431 1495 2479 in
1550 2430 1896 2495 scriptoribus
1951 2430 2336 2480 recentioribus
2388 2430 2679 2491 Jornande,

188 2516 383 2565 Adone
420 2516 725 2577 Viennensi,
764 2517 1061 2579 Haymone,
1100 2516 1444 2583 aliorumque,
1486 2532 1710 2581 quorum
1748 2518 2052 2567 testimonia
2087 2517 2356 2581 congessit
2379 2516 2680 2578 Tillemont,

190 2604 349 2653 Mem.
390 2618 432 2652 e.
466 2603 626 2653 Jean.
661 2604 726 2652 V.
761 2609 797 2653 t.
836 2604 878 2666 Ι,
915 2605 1033 2654 338.
1067 2620 1109 2654 s.
1168 2605 1237 2654 D.
1272 2604 1539 2655 Joannem
1586 2604 1787 2654 Romae
1833 2606 1998 2655 fuisse
2045 2605 2207 2654 tradit
2252 2606 2412 2653 etiam
2457 2605 2684 2669 scriptor

192 2689 693 2740 Pseudo-somnes
728 2718 795 2726 —
828 2690 1031 2741 saeculi
1076 2691 1244 2756 quinti
1280 2718 1373 2754 —,
1416 2688 1565 2760 λόγος
1612 2688 1680 2750 εἰς
1723 2688 1809 2755 τὴν
1855 2688 2080 2761 κοίμησιν
2125 2694 2209 2755 τῆς
2247 2687 2386 2759 ἁγίας
2423 2687 2681 2752 Θεοτόκου,

193 2777 271 2826 ed.
298 2776 675 2841 Tischendorf,
699 2777 867 2843 Apoc.
893 2793 1073 2844 apocr.
1106 2778 1254 2844 Lips.
1284 2780 1433 2830 1866.
1467 2796 1517 2844 p.
1548 2782 1664 2829 101.
1703 2780 1824 2829 coll.
1851 2798 1902 2845 p.
1929 2782 2012 2829 35.
2063 2779 2350 2830 Veritatem
2389 2780 2516 2830 facti
2553 2794 2682 2845 prae

193 2867 384 2915 ceteris
422 2864 743 2915 defendunt:
784 2865 842 2915 C.
877 2866 1158 2928 Batonius,
1197 2866 1267 2916 ad
1302 2882 1350 2916 a.
1386 2868 1469 2915 92.
1504 2883 1555 2915 n.
1589 2869 1639 2918 3.
1678 2884 1729 2933 p.
1757 2869 1874 2917 724.
1923 2868 2164 2929 Ruinart,
2197 2868 2334 2917 Acta
2365 2868 2521 2916 Mart.
2559 2884 2608 2932 p.
2635 2870 2684 2917 2.

194 2950 436 3011 Sandini,
463 2953 603 3003 Hist.
628 2952 814 3019 Apost.
852 2970 903 3019 p.
934 2955 1049 3003 145.
1100 2952 1159 3003 C.
1187 2952 1497 3015 Saccarelli‚
1534 2954 1676 3003 Hist.
1703 2954 1853 3004 Eccl.
1877 2954 1948 3016 11,
1977 2955 2094 3003 237.

511 3232 570 3310 ξ.
622 3232 766 3297 103.
820 3228 934 3293 De
979 3228 1371 3315 Epistolis
1417 3228 1479 3294 d.
1526 3230 1861 3295 Joannis
1910 3229 2374 3295 Catholicis

406 3420 593 3483 Inter
626 3418 993 3485 Canonicas
1023 3420 1193 3485 Novi
1224 3420 1627 3484 Testamenti
1662 3418 2028 3506 Scripturas
2074 3429 2206 3484 tres
2246 3443 2508 3507 quoque
2551 3422 2685 3506 epi-

198 3534 401 3598 stolae
438 3556 490 3597 s.
515 3532 791 3597 Joannis
825 3534 1055 3597 merito
1092 3542 1520 3598 recensentur
1546 3537 1583 3597 ¹⁴.
1636 3532 2080 3619 Epistolarum
2122 3534 2390 3597 istarum
2437 3535 2689 3619 prima

198 3657 526 3712 versatur:
590 3648 663 3709 in
710 3645 1201 3711 adstruenda
1251 3669 1441 3711 vera
1496 3646 1788 3711 Salutis
1834 3646 2395 3711 Oeconomia2..
2451 3646 2688 3731 Incipit

198 3783 411 3825 sermo
478 3782 518 3824 a
563 3782 635 3824 re
680 3762 850 3845 ipsa,
908 3762 1076 3825 sicut
1129 3760 1196 3824 in
1252 3758 1645 3845 Evangeli03
1703 3760 1856 3845 quia
1911 3758 2186 3845 epistola
2241 3771 2339 3823 est
2391 3761 2684 3841 καθολικὴ,

200 3874 447 3959 scripta
494 3871 579 3936 ad
626 3872 1026 3939 Christianos
1058 3874 1123 3937 in
1154 3896 1397 3959 genere
1431 3894 1861 3959 quoscunque
1883 3874 1925 3935 ³.
1973 3872 2340 3936 Praemisso
2393 3871 2686 3953 exordiO,

416 4088 451 4153 ¹)
492 4087 547 4137 S.
572 4087 813 4137 Joannes
838 4102 989 4136 suam
1018 4092 1275 4152 perpetuo
1302 4087 1355 4135 in
1382 4086 1633 4136 Ecclesia
1655 4086 1940 4151 imaginem
1977 4084 2438 4149 contemplandam
2476 4084 2691 4133 exhibet

202 4174 415 4240 scriptis
455 4174 658 4234 aureis,
699 4188 838 4239 quae
874 4178 1130 4239 tanquam
1166 4174 1551 4238 pretiosissima
1594 4172 1806 4221 cimelia
1843 4174 1896 4220 in
1935 4172 2166 4221 omnium
2205 4176 2326 4236 post
2362 4186 2420 4220 se
2455 4176 2688 4221 aetatum

202 4260 555 4309 eruditionem
603 4259 833 4325 reliquit.
894 4261 1127 4311 Numero
1174 4260 1265 4309 ille
1300 4261 1345 4309 si
1386 4260 1453 4309 ab
1490 4274 1597 4309 uno
1634 4258 1804 4309 Paulo
1843 4258 2202 4319 discedamus,
2242 4258 2398 4323 plura
2433 4259 2688 4319 exaravit,

203 4362 363 4411 quam
388 4346 533 4397 ullus
558 4347 951 4412 Apostolorum.
1000 4347 1161 4396 Hunc
1183 4348 1235 4395 in
1264 4346 1421 4396 finem
1446 4346 1607 4411 longa
1643 4347 1759 4395 eius
1785 4352 1950 4405 aetas,
1981 4350 2034 4394 et
2057 4344 2240 4409 aliqua
2263 4350 2386 4409 post
2407 4343 2686 4393 fundatam

201 4434 255 4482 in
278 4435 411 4484 orbe
436 4433 739 4483 Ecclesiam
766 4434 917 4498 quies
942 4434 1225 4484 admodum
1250 4432 1445 4483 idonea
1468 4432 1581 4481 fuit.
1620 4432 1843 4483 Praeter
1866 4432 2220 4495 Evangelium
2249 4430 2558 4481 S.Joannes
2583 4436 2690 4480 tres

202 4520 479 4585 Epistolas
516 4524 573 4569 et
608 4518 985 4585 Apocalypsim
1024 4521 1251 4585 scripsit,
1288 4534 1424 4584 quae
1462 4520 1714 4569 brevibus
1753 4518 2186 4569 annotationibus
2221 4517 2490 4568 illustrare
2531 4533 2691 4567 cona-

205 4607 391 4657 bimur.
456 4608 498 4671 ²)
540 4605 675 4656 Coll.
702 4605 744 4655 1.
773 4610 818 4669 1,
848 4610 996 4657 1-4,
1060 4607 1099 4671 ³)
1136 4608 1255 4656 Non
1293 4606 1362 4656 ad
1400 4605 1680 4683 Ephesios,
1717 4606 1944 4655 Asianos
1973 4620 2105 4671 quos
2132 4605 2418 4670 Apostolus
2445 4606 2693 4655 excoluit.

2283 4694 2384 4741 32*
