3267 5259
598 444 727 510 294
1346 456 1408 499 De
1438 454 1635 497 fontibus
1663 454 1829 497 Histor-
1859 455 1912 497 D.
1941 454 1997 497 N.
2025 454 2069 497 J.
2097 454 2143 497 G.
2173 465 2324 496 comm.

598 630 837 698 bantur
876 654 954 697 eo
988 642 1283 717 tempore
1330 652 1549 695 rerum
1594 628 1714 693 abs
1755 629 2010 695 Christo
2058 639 2390 715 gestarum
2425 639 2559 694 tres
2603 640 2804 695 testes
2839 630 3062 717 publici

596 746 663 809 in
725 744 1060 828 Ecclesia3
1130 766 1407 830 quorum
1466 744 1714 829 primus
1779 752 2030 807 tantum
2101 743 2315 807 fuerat
2379 745 2672 825 αὺτὸπιης,
2739 742 2888 808 huic
2951 745 3062 807 iam

597 858 984 943 tempestive
1032 856 1330 922 adiunxit
1374 856 1718 943 Spiritus
1764 880 1812 921 s.
1863 859 2127 934 αὺτόπτην
2172 856 2483 921 alterum:
2547 866 2614 921 et
2675 856 2936 943 quidem
2992 878 3066 919 ex

602 969 855 1035 illorum
896 972 1089 1035 trium
1118 992 1412 1053 numero,
1454 971 1563 1056 qui
1597 970 1963 1034 secretioris
1997 970 2192 1033 etiam
2222 991 2382 1055 prae
2417 970 2648 1034 ceteris
2681 969 3064 1033 admissionis

602 1082 865 1147 fuerant
888 1086 925 1147 ¹.
1016 1084 1247 1169 Neque
1294 1082 1489 1147 modo
1539 1082 1623 1146 ad
1671 1084 1958 1147 veritatis
2002 1082 2438 1147 Historiarum
2483 1082 2568 1147 D.
2601 1082 2683 1146 N.
2715 1081 2775 1147 J.
2813 1081 2886 1147 C.
2931 1104 3065 1145 eon-

597 1196 1061 1279 firmationem,
1120 1194 1237 1261 sed
1292 1197 1485 1259 etiam
1541 1194 1625 1259 ad
1687 1194 2142 1260 stabiliendam
2205 1204 2572 1260 ceterorum
2630 1194 3060 1279 Evangelista-

598 1332 741 1373 rum
781 1308 932 1372 fidei
973 1308 1375 1394 dignitatem,
1414 1307 1762 1393 Evangelii
1801 1309 2014 1395 quarti
2051 1310 2341 1373 accessio
2385 1308 2689 1373 faciebat.
2747 1306 2876 1387 Qui
2915 1308 3066 1370 enim

601 1421 866 1485 easdem
912 1430 1199 1485 tractans
1242 1420 1561 1504 historias,
1609 1430 1741 1484 tres
1787 1422 2037 1507 priores
2084 1422 2434 1507 scriptores
2479 1444 2616 1487 non
2657 1431 2912 1485 tantum
2951 1442 3068 1483 non

598 1533 959 1619 improbat3
1006 1534 1123 1598 sed
1171 1534 1366 1597 etiam
1410 1556 1530 1620 pro
1578 1534 2006 1598 fundamento
2055 1536 2240 1619 quasi
2285 1537 2502 1620 ponit,
2551 1536 2658 1599 cui
2703 1556 2822 1598 sua
2868 1555 3068 1619 super-

601 1647 805 1729 struit,
850 1656 1049 1732 atque
1090 1648 1157 1710 in
1196 1645 1495 1711 omnibus
1544 1648 2060 1730 circumstantiis,
2109 1668 2384 1733 quarum
2423 1657 2489 1711 et
2524 1649 2666 1733 ipse
2713 1648 2898 1711 testis
2941 1646 3067 1727 fuit,

603 1782 749 1824 cum
792 1761 869 1823 iis
908 1761 1116 1824 amice
1157 1761 1521 1845 conspirat:
1561 1759 1740 1824 illum
1780 1759 1862 1824 de
1900 1762 2177 1825 veritate
2221 1783 2466 1844 eorum,
2514 1782 2685 1847 quae
2725 1769 3070 1837 narrarunt,

600 1871 975 1958 plenissime
1038 1873 1409 1937 convictum
1472 1894 1647 1955 esse,
1709 1881 1844 1937 tam
1903 1872 2171 1958 planum
2233 1882 2361 1955 est,
2423 1882 2494 1937 ut
2555 1894 2836 1959 operosa
2897 1872 3070 1936 huius

600 1988 961 2049 sententiae
1007 1984 1392 2071 probatione
1438 2008 1571 2051 non
1618 1988 1701 2050 sit
1747 2008 1910 2071 opus
1931 1986 1977 2050 ⁹.
2041 1985 2401 2050 Confirmat
2443 1985 2510 2050 id
2547 2008 2708 2050 sane
2752 1985 3074 2069 insigniter

602 2096 931 2173 ἀξιοπιστίαν
977 2120 1223 2182 eorum,
1272 2100 1381 2184 qui
1428 2110 1577 2164 ante
1624 2122 1674 2163 s.
1709 2099 2035 2164 Joannem
2083 2101 2424 2185 scripsere.

811 2210 1145 2276 Summam
1190 2234 1348 2276 vero
1396 2235 1529 2277 non
1574 2222 1823 2278 tantum
1866 2212 2229 2299 Evangelii,
2278 2211 2454 2299 quod
2497 2220 2631 2276 tam
2675 2234 2844 2275 voce
2891 2234 3072 2297 quam

601 2308 801 2389 literis
855 2325 1295 2410 praedicavit;
1354 2325 1471 2390 sed
1528 2328 1722 2390 etiam
1781 2336 2148 2391 ceterorum
2202 2328 2622 2412 scriptorum,
2679 2347 2848 2411 quae
2899 2324 3072 2389 nobis

600 2436 877 2523 reliquit,
912 2437 995 2502 ab
1026 2439 1167 2524 ipso
1200 2438 1459 2504 Joanne
1494 2441 1858 2525 expositam
1891 2438 2254 2504 habemus⁸
2281 2441 2350 2504 in
2379 2438 2546 2504 haec
2578 2437 2816 2503 verba:
2865 2440 3076 2521 ,72:⁴12st

602 2551 663 2611 δὲ
709 2555 1034 2634 γέγραπται,
1080 2554 1169 2613 ἵνα
1211 2556 1527 2630 πιστεύσητε
1572 2556 1652 2615 ὅτι
1697 2558 1890 2629 Ιησοῦς
1937 2554 2076 2614 ἐστὶν
2123 2557 2152 2615 ὁ
2196 2556 2446 2635 Χριστός,
2495 2554 2524 2613 ὁ
2568 2554 2682 2625 υἱὸς
2725 2556 2817 2613 τοῦ
2861 2552 3022 2613 eso-5³
3037 2553 3074 2613 ⁵.

600 2832 651 2880 p.
674 2817 791 2864 415.
813 2832 854 2866 s.
881 2815 932 2866 J.
947 2815 1007 2865 A.
1023 2816 1085 2865 L.
1106 2816 1505 2882 Wegscheider,
1538 2817 1780 2867 Verane-h
1812 2818 1957 2867 einer
1973 2817 2260 2869 vollstiind.
2283 2816 2422 2867 Einl.
2445 2818 2517 2867 in.
2539 2816 2588 2865 d.
2608 2816 2712 2865 Ev.
2733 2816 2783 2866 d.
2797 2814 3077 2865 Johannes.

602 2900 744 2951 Gott.
782 2903 929 2952 1806.
956 2920 1006 2968 p.
1034 2905 1151 2953 209.
1200 2903 1403 2969 Lange,
1440 2904 1527 2953 die
1551 2904 1980 2965 Judenchristen,
2017 2905 2304 2954 Ebioniten
2337 2903 2450 2954 und
2473 2904 2778 2953 Nicolaiten
2803 2903 2896 2952 der
2918 2908 3078 2967 apost.

602 2988 732 3039 Zeit.
758 2990 941 3055 Leipz.
970 2992 1120 3041 1828.
1146 3008 1197 3056 p.
1222 2993 1336 3041 147.
1376 2990 1436 3041 C.
1462 2990 1525 3041 G.
1552 2990 1717 3053 Stein,
1745 2991 2024 3041 authentia
2041 2992 2140 3041 Ev.
2164 2990 2288 3041 Joh.
2313 2990 2741 3057 Brandenburgi.
2766 2992 2910 3040 1822.
2932 3006 2984 3055 p.
3001 2989 3077 3037 37.

602 3092 643 3126 s.
678 3077 765 3126 Fr.
792 3078 1006 3141 Liicke,
1046 3077 1243 3128 Comm.
1272 3084 1322 3128 ii.
1350 3078 1399 3128 d.
1426 3080 1526 3127 Ev.
1562 3078 1656 3127 des
1683 3078 1805 3127 Joh.
1834 3077 1915 3127 ed.
1942 3078 2039 3127 111.
2074 3078 2119 3139 1,
2151 3080 2263 3128 193.
2313 3078 2542 3139 Ebrard,
2567 3080 2708 3127 wisa.
2735 3078 2866 3126 Krit.
2891 3094 2943 3137 p.
2969 3078 3078 3124 831.

600 3166 742 3229 Hug,
767 3165 910 3214 Einl.
935 3182 987 3231 p.
1018 3167 1133 3216 184.
1161 3182 1200 3215 s.
1227 3166 1296 3215 H.
1322 3166 1473 3227 Klee,
1502 3165 1702 3215 Comm.
1728 3170 1780 3213 ii.
1808 3165 1856 3214 d.
1883 3165 1982 3213 Ev.
2011 3181 2061 3213 n.
2088 3164 2209 3215 Joh.
2236 3182 2287 3230 p.
2318 3167 2398 3215 18.
2425 3182 2464 3215 s.
2507 3164 2646 3213 Huic
2671 3164 2921 3228 vulgatae
2948 3162 3000 3211 8.
3023 3163 3078 3210 P.

601 3257 653 3301 et
674 3250 723 3300 S.
736 3253 802 3302 Ε.
824 3258 985 3317 atque
1006 3252 1330 3302 eruditorum
1344 3253 1640 3302 sententiae
1661 3268 1719 3301 se
1741 3252 1985 3301 omnibus
2000 3254 2177 3301 nervis
2195 3252 2504 3317 viribusque
2523 3264 2848 3317 opposuere:
2870 3250 3078 3314 Lampe,

600 3338 667 3389 de
686 3340 786 3389 Ev.
813 3338 1008 3389 Joann.
1034 3355 1198 3405 scopo
1224 3338 1433 3404 Proleg.
1458 3344 1496 3388 t.
1523 3355 1575 3404 p.
1603 3354 1788 3388 comm.
1817 3338 1888 3401 11,
1915 3341 1962 3388 3.
1989 3356 2040 3404 p.
2069 3338 2186 3389 181.
2212 3356 2253 3390 s.
2291 3338 2360 3388 Η.
2385 3339 2450 3388 Ε.
2473 3338 2536 3388 G.
2563 3338 2784 3400 Paulus,
2807 3337 3004 3387 Introd.
3030 3338 3080 3384 in

598 3426 663 3475 N.
678 3426 737 3474 T.
768 3441 883 3491 cap.
910 3426 1092 3477 select.
1117 3426 1237 3476 Jen.
1267 3426 1417 3475 1790.
1444 3442 1495 3491 p.
1524 3427 1641 3475 106.
1661 3440 1704 3474 s.
1743 3424 1802 3475 G.
1823 3425 1920 3475 Th.
1941 3426 2364 3487 Bretschneider‚
2390 3424 2705 3475 Probabilia
2721 3424 2788 3474 de
2807 3423 3080 3488 Evangelii

599 3512 827 3563 Joannis
864 3512 1043 3563 indole
1081 3518 1135 3562 et
1170 3514 1387 3577 origine.
1435 3513 1581 3577 Lips.
1612 3514 1764 3561 1820.
1790 3530 1840 3577 p.
1869 3515 1916 3561 5.
1945 3527 1984 3561 s.
2034 3512 2434 3577 Lutzelberger,
2473 3512 2557 3561 die
2597 3510 2785 3561 kirchl.
2811 3509 3080 3560 Tradition

602 3599 689 3648 ab.
728 3599 775 3647 d.
811 3600 910 3664 Ap.
947 3599 1070 3648 Joh.
1106 3600 1289 3665 Leipz.
1328 3601 1479 3649 1845.
1519 3614 1640 3648 cum
1677 3598 1894 3649 scholae
1930 3599 2044 3648 Neo
2072 3626 2138 3634 -—
2163 3598 2484 3663 Tubigensis
2523 3597 2714 3659 choro,
2763 3599 2854 3663 qui
2889 3596 3079 3645 relictis

602 3687 898 3751 spretisque
944 3686 1302 3735 Historiarum
1350 3687 1686 3735 monimentis
1731 3686 1947 3751 ingenio
1985 3686 2143 3734 unice
2179 3684 2485 3749 indulgent,
2534 3690 2588 3734 et
2634 3685 2954 3735 coniecturis
2989 3698 3080 3747 pro

600 3772 771 3821 lubitu
810 3771 999 3821 effictis
1036 3772 1101 3822 de
1138 3772 1315 3835 rebus,
1355 3788 1404 3838 q.
1444 3772 1494 3822 d.
1531 3772 1679 3823 facta
1715 3774 2087 3833 Historiarum,
2125 3776 2382 3838 pugnant.

814 3860 851 3922 ¹)
890 3859 1151 3925 Autopsia
1184 3859 1320 3909 haec
1356 3875 1419 3909 eo
1456 3860 1674 3909 maioris
1711 3864 1792 3909 est
1828 3860 2103 3922 momenti,
2144 3859 2270 3925 quia
2299 3874 2364 3909 ex
2399 3858 2517 3925 ipso
2552 3858 2855 3925 Evangelio
2893 3862 3078 3923 quarto

601 3947 990 4006 convincimur,
1040 3944 1310 3995 Joannem
1346 3951 1662 4011 perpetuum
1701 3944 1896 3995 Christi
1947 3948 2190 3996 comitem
2234 3947 2515 3997 exstitisse.
2579 3945 2620 4011 ²)
2657 3946 2822 3995 Nulla
2855 3950 3080 3993 attamen

600 4034 875 4083 luculenta
900 4032 1097 4082 adferri
1122 4038 1349 4098 possunt
1384 4038 1713 4098 argumenta,
1751 4032 1942 4098 quibus
1979 4034 2256 4098 perpensis
2291 4046 2602 4082 moveamur
2627 4033 2696 4082 ad
2721 4030 3081 4082 affirmandum

598 4119 799 4171 Joanni
837 4118 1118 4169 consilium
1154 4120 1347 4171 fuisse:
1386 4119 1667 4185 supplendi
1699 4121 1802 4169 tria
1833 4120 2010 4185 priora
2034 4118 2348 4183 Evangelia.
2400 4119 2484 4168 De
2521 4134 2714 4170 sacra
2751 4118 2987 4179 Coena,
3025 4122 3081 4164 ut

598 4223 760 4257 unum
786 4222 1113 4269 moneamus,
1141 4207 1269 4273 quid
1307 4207 1474 4273 quod
1508 4207 1585 4257 ad
1614 4213 1870 4273 tempus
1901 4208 2145 4257 attinet
2174 4221 2381 4256 sumere
2413 4206 2722 4268 debeamus,
2749 4204 2880 4255 nihil
2903 4204 3076 4263 doc-en

598 4294 661 4343 V.
689 4312 739 4359 p.
766 4296 883 4344 235.
911 4311 953 4344 s.
994 4294 1102 4343 alia
1133 4310 1197 4343 ex
1227 4300 1377 4360 parte
1416 4298 1638 4344 eventus
1672 4307 1706 4342 a
1737 4294 1908 4343 tribus
1948 4292 2065 4341 aliis
2089 4298 2408 4342 memoratos
2447 4296 2692 4342 recenset
2719 4292 2784 4341 E.
2813 4308 2864 4357 g.
2889 4290 3079 4341 Joann.

600 4382 648 4441 6,
678 4384 725 4429 1.
748 4396 791 4429 s.
830 4380 949 4430 coll.
974 4380 1162 4430 Matth.
1192 4382 1274 4442 14,
1303 4383 1383 4431 13.
1426 4380 1592 4429 Marc.
1621 4382 1702 4441 10,
1731 4382 1812 4429 32.
1857 4380 1988 4429 Luc.
2013 4381 2063 4441 9,
2093 4382 2174 4429 10.
2217 4378 2414 4429 Joann.
2445 4381 2525 4440 12,
2555 4383 2602 4428 1.
2629 4395 2671 4428 s.
2713 4376 2898 4427 Matth.
2925 4378 3004 4435 26,
3033 4377 3079 4424 6.

600 4466 763 4515 Marc.
788 4467 868 4528 14,
890 4469 937 4516 3.
975 4467 1171 4516 Joann.
1196 4470 1277 4529 18,
1301 4470 1381 4517 16.
1403 4484 1444 4517 s.
1480 4466 1668 4517 Matth.
1689 4468 1773 4527 26,
1796 4469 1880 4517 58.
1911 4466 2077 4516 Marc.
2101 4470 2182 4528 14,
2204 4469 2286 4516 54.
2323 4466 2455 4515 Luc.
2477 4468 2560 4527 22,
2583 4467 2666 4515 55.
2710 4466 2752 4529 ³)
2777 4464 2877 4513 Ev.
2896 4466 2978 4524 20,
2997 4465 3081 4511 21.

600 4552 643 4614 ⁴)
684 4550 1049 4616 supplendum
1096 4569 1211 4603 esse
1260 4553 1465 4621 σημεῖα;
1515 4558 1677 4620 atque
1723 4554 1856 4604 haec
1893 4554 2175 4604 referenda
2221 4568 2339 4603 esse
2384 4553 2452 4602 ad
2491 4553 2672 4601 omnia
2718 4554 2898 4616 sig-na,
2945 4564 3080 4615 quae

600 4638 762 4685 Jesus
782 4644 903 4687 ante
932 4645 985 4687 et
1007 4644 1129 4705 post
1152 4646 1373 4690 mortem
1392 4641 1591 4704 fecerit,
1618 4642 1818 4707 passim
1842 4646 2032 4691 notant
2053 4642 2384 4705 interpretes.
2450 4640 2491 4703 ⁵)
2515 4639 2652 4689 Coll.
2673 4640 2772 4704 Ep.
2795 4638 2846 4715 Ι..
2861 4641 2905 4699 1,
2929 4638 3078 4685 1--3-
