3267 5259
1087 456 1369 500 chronotaxis
1396 458 1660 510 Apostolica.
2329 444 2616 495 LXXXIII

334 642 423 694 52.
468 640 557 693 De
586 639 787 693 itinere
833 640 889 695 d.
922 640 1093 693 Pauli
1136 647 1385 709 suscepto
1432 642 1509 695 ad
1552 641 1786 694 besulam
1827 639 2041 695 Cretam
2070 647 2234 710 atque
2279 642 2342 695 dc
2379 649 2609 711 tempore

168 762 251 814 quo
274 745 487 813 epistola
516 746 593 797 ad
623 762 667 797 s.
708 742 895 797 Titum
924 745 1133 813 scripta
1162 745 1235 797 sit
1267 746 1690 800 determinando.
1739 744 1798 800 Ν
1801 742 2168 801 artavimus¹
2201 765 2246 801 s.
2269 744 2520 803 Paulum
2553 748 2616 803 in

168 849 342 905 itinere
366 846 571 905 maiori
601 848 860 905 secundo
891 868 923 903 e
953 846 1218 905 Cilicia
1248 849 1631 922 navigasse
1663 848 1978 917 Cretam3
2028 849 2230 926 ibique
2261 852 2616 907 annunciabo

171 951 443 1025 Evangelio
472 952 677 1009 Titum
707 951 1034 1030 reliquisse,
1070 955 1171 1030 qui
1205 949 1293 1028 ,τὰ
1335 948 1617 1009 ’.κείν-εσντας
1664 954 1997 1023 ordinaret3
2047 953 2507 1031 Apostolumque
2553 956 2615 1012 in

175 1056 347 1113 itinere
370 1076 467 1114 suo
496 1059 673 1114 tertio
704 1076 841 1115 cum
874 1062 1111 1132 propter
1139 1057 1174 1114 J
1180 1057 1497 1115 udaeorum
1531 1058 1774 1115 insidias
1797 1057 1974 1134 Syria
1994 1059 2394 1116 Macedoniam
2422 1078 2615 1133 regre-

173 1160 365 1217 deretur
393 1160 697 1236 epistolam
744 1162 826 1218 ad
877 1157 1159 1219 Titum²
1203 1181 1489 1219 exarasse.
1550 1162 1838 1220 Plurimis
1867 1182 2005 1221 sane
2049 1162 2388 1221 obvolvitur
2423 1164 2618 1221 dubiis

173 1272 217 1321 et
252 1266 375 1323 iter
416 1265 628 1324 Pauli
677 1266 1045 1338 Cretense,
1095 1272 1165 1323 et
1201 1266 1515 1341 scriptio
1560 1267 1912 1343 epistolae
1959 1268 2041 1325 ad
2089 1267 2356 1339 Titum,
2406 1269 2618 1345 quibus

174 1369 227 1423 de
249 1372 414 1439 rebus,
454 1370 738 1447 quoniam
771 1373 957 1428 Actus
989 1371 1401 1447 Apostolorum
1443 1370 1638 1443 silent,
1675 1374 1935 1449 quaestio
1967 1392 2082 1429 non
2115 1373 2332 1447 poterit
2359 1392 2618 1451 unquam

174 1480 293 1531 nerto
320 1473 564 1532 definiri.
628 1476 955 1533 Enimvero
986 1474 1215 1533 nullum
1264 1476 1497 1533 itineris
1528 1476 1820 1534 Cretensis
1869 1481 1974 1535 ant
2002 1477 2066 1533 in
2113 1478 2356 1535 Actibus
2387 1480 2483 1549 A„
2517 1482 2621 1535 aut

174 1579 221 1633 in
257 1576 371 1635 aliis
414 1579 682 1655 Apostoli
729 1579 943 1650 literis,
990 1586 1095 1637 aut
1140 1580 1201 1637 in
1244 1580 1523 1639 Veterum
1571 1582 1948 1639 monimentis
1993 1583 2308 1655 vestigium
2357 1586 2617 1657 apparet.

175 1686 317 1739 Ante
356 1684 655 1742 vincula
702 1684 1049 1754 Romana;
1100 1685 1217 1741 imo
1255 1689 1392 1742 ante
1424 1685 1666 1743 vincula
1709 1686 2084 1761 Solymaea
2127 1692 2188 1743 et
2217 1687 2331 1743 iter
2377 1688 2616 1757 factum,

174 1794 217 1843 et
242 1794 513 1845 exaratam
562 1788 875 1864 epistolam
921 1790 1045 1847 eius
1092 1795 1505 1863 argumentum
1550 1792 1732 1849 docet.
1794 1790 1890 1847 Ex
1937 1790 2134 1847 eodem
2181 1777 2460 1848 contextu
2489 1790 2618 1848 effi-

172 1890 295 1948 citur
332 1912 440 1950 non
487 1893 681 1950 multo
735 1898 867 1967 post
908 1913 1131 1951 moram
1186 1896 1339 1967 apud
1394 1894 1695 1953 Cretenses
1748 1896 2026 1970 scriptam
2078 1894 2286 1963 fuisse3
2343 1894 2620 1972 quoniam

172 1994 305 2051 Titus
345 1996 533 2055 officio
578 1999 693 2055 sibi
742 1998 1011 2055 iniuncto
1031 1996 1057 2033 ²³
1101 1999 1359 2056 nondum
1408 1998 1576 2074 plene
1620 1999 1919 2057 satisfecit.
1985 1999 2132 2057 Erat
2171 2018 2304 2056 cum
2343 1998 2621 2074 Apostolo

174 2106 397 2157 Artemas
442 2108 501 2160 et
532 2102 850 2179 Tychicns,
904 2121 1151 2180 quorum
1197 2103 1449 2161 alterum
1494 2104 1567 2160 ad
1598 2102 1799 2161 Titum
1847 2103 2130 2161 missurus
2177 2108 2333 2171 erat;
2385 2110 2442 2160 et
2489 2122 2622 2160 cum

170 2204 211 2259 d.
238 2204 431 2263 Paulus
461 2206 747 2282 Apollum
796 2208 1175 2277 commendet,
1228 2208 1329 2285 qui
1376 2208 1440 2264 in
1480 2208 1695 2264 itinere
1739 2208 1988 2285 quodam
2034 2214 2344 2283 occupatus
2390 2207 2618 2265 Cretam

172 2317 327 2381 petere
368 2312 601 2381 debuit,
650 2330 769 2368 non
818 2317 1001 2369 ante
1047 2311 1456 2369 biennium
1502 2312 1982 2387 Ephesinum
2031 2312 2276 2387 epistola
2319 2313 2458 2369 data
2504 2330 2622 2369 esse

169 2418 359 2485 poterat
374 2412 415 2471 ⁴.
478 2414 737 2473 Videtur
766 2416 1009 2472 interim
1034 2414 1057 2451 ⁵
1101 2416 1319 2473 Paulus
1364 2436 1483 2473 non
1530 2417 1632 2473 din
1664 2415 1914 2473 haesisse
1945 2416 2148 2473 Cretae
2180 2418 2252 2472 ad
2284 2416 2622 2492 praedican-

168 2516 279 2572 dum
324 2518 742 2592 Evangelium,
808 2522 1159 2595 properabat
1218 2540 1423 2595 nempe
1477 2525 1604 2577 tum
1659 2520 1889 2577 Derben
1953 2526 2012 2577 et
2071 2520 2346 2597 Lystram
2368 2518 2410 2577 ⁶.
2495 2520 2617 2595 Ipsi

167 2620 425 2681 frete-uses
470 2644 587 2681 non
636 2624 749 2681 isto
794 2624 1029 2681 demum
1076 2630 1335 2699 tempore
1364 2627 1437 2683 ad
1470 2644 1631 2682 sacra
1663 2626 1884 2683 Christi
1931 2626 2310 2697 transierunt,
2361 2626 2478 2682 imo
2517 2627 2622 2683 diu

167 2736 275 2781 ante
300 2737 352 2783 et
380 2729 596 2785 sensim
628 2728 899 2785 instituti
932 2749 1049 2785 esse
1096 2729 1395 2787 videntur.
1458 2729 1603 2787 Cum
1634 2731 1794 2787 enim
1839 2730 2097 2805 Spiritus
2127 2730 2185 2787 S.
2220 2730 2284 2787 in
2318 2730 2623 2806 Apostolos

164 2830 553 2903 effunderetur,
596 2833 901 2891 Cretenses
942 2834 1181 2911 quidam
1224 2834 1475 2890 adfuisse
1516 2838 1840 2891 narrantur
1859 2832 1900 2891 ⁷.
1965 2834 2289 2910 Epistolam
2321 2840 2517 2893 antem
2548 2836 2620 2893 ad

164 2932 329 2992 Titum
384 2942 513 3013 post
574 2938 898 2995 secundum
958 2940 1019 2995 in
1083 2940 1288 2996 urbem
1357 2938 1698 3013 ephesinam
1759 2940 2078 2997 adventum
2139 2944 2441 2997 exaratam
2502 2959 2622 2997 esse

164 3049 439 3119 utcumque
480 3040 789 3115 colligitur
810 3039 835 3079 5
880 3041 1111 3113 exinde,
1164 3043 1307 3120 quia
1334 3041 1627 3118 Tychicus
1659 3047 1718 3099 et
1747 3042 1960 3118 Apollo
2007 3042 2164 3101 inter
2195 3046 2432 3101 comites
2464 3046 2621 3118 Apo-

162 3142 267 3199 stoli
316 3150 733 3215 numerentur,
797 3146 899 3223 qui
954 3151 1149 3203 tamen
1172 3144 1195 3183 ⁰
1248 3147 1409 3221 prins
1463 3148 1527 3203 in
1581 3145 1916 3203 societatem
1974 3146 2148 3203 Pauli
2209 3149 2410 3205 venire
2463 3147 2620 3204 haud

162 3256 408 3317 poteraut..
496 3250 590 3306 Ad
646 3249 1061 3324 Nicopolim
1114 3252 1363 3327 denique
1412 3252 1563 3328 quod
1618 3250 1860 3321 attinet,
1917 3256 2221 3326 putamus,
2279 3250 2621 3327 Apostolum

162 3352 431 3409 eonsilium
477 3355 567 3411 ibi
608 3352 910 3411 hiemandi
960 3354 1265 3425 abiecisse,
1317 3374 1449 3411 cum
1495 3354 1854 3412 «Iudaeorum
1895 3354 2124 3412 artibus
2164 3356 2234 3412 ad
2275 3356 2621 3413 mutandum

166 3452 359 3513 itineris
410 3478 655 3515 cursum
709 3462 939 3515 coactus
992 3464 1157 3515 esset.
1237 3459 1443 3535 Itaque
1496 3460 1696 3515 eodem
1748 3478 1901 3516 anno
1959 3462 2058 3515 58.
2113 3478 2226 3536 quo
2279 3458 2496 3516 Paulus
2549 3458 2622 3515 ad

162 3554 411 3618 Romanos
455 3562 726 3638 scripsit,
778 3562 851 3619 ad
900 3562 1100 3621 Titum
1145 3581 1373 3640 quoque
1420 3562 1715 3639 scripsisse
1760 3563 2024 3633 videtur,
2065 3582 2238 3640 quem
2266 3561 2313 3600 ¹⁰
2343 3563 2622 3621 comitum

165 3664 359 3721 nomine
386 3667 642 3735 salutat:
696 3685 883 3743 neque
915 3671 1112 3723 tamen
1152 3666 1304 3741 ipsos
1350 3668 1633 3736 nominat,
1683 3668 1826 3744 quia
1868 3667 2036 3725 Titus
2081 3672 2142 3725 et
2185 3665 2404 3724 Paulus
2449 3666 2623 3742 paulo

162 3773 269 3823 ante
320 3790 439 3827 una
496 3772 765 3829 fuerant.
844 3771 1131 3829 Novimus
1164 3768 1211 3808 ¹¹
1272 3771 1472 3829 Titum
1531 3791 1607 3828 ex
1669 3770 2013 3829 Macedonia
2071 3772 2452 3846 praemissum
2505 3789 2624 3827 esse

164 3866 430 3946 Corintho,
478 3880 549 3932 ut
598 3874 871 3931 collectas
916 3894 1117 3931 eorum
1162 3880 1393 3933 curaret
1438 3876 1501 3932 in
1549 3876 1868 3933 adventum
1914 3874 2084 3932 Pauli
2137 3878 2389 3949 paratas.
2451 3873 2622 3930 Unde

164 4117 207 4159 ut
226 4111 465 4165 Gallionis
502 4116 561 4165 in
588 4114 853 4165 Achaiam
890 4114 1165 4178 adventus,
1205 4115 1497 4181 quidquam
1536 4116 1712 4167 valeat
1748 4116 1816 4165 ad
1854 4114 2211 4166 definiendum
2249 4128 2446 4164 annum
2485 4128 2622 4176 enm,

166 4212 244 4259 quo
272 4215 311 4247 s.
333 4202 532 4251 Paulus
574 4201 892 4251 Corinthum
938 4203 1171 4265 venerit3
1222 4207 1280 4251 ut
1324 4203 1425 4253 hoe
1461 4204 1578 4269 ipso
1618 4202 1834 4253 aliunde
1872 4207 2025 4265 not-0,
2076 4201 2290 4267 quando
2327 4199 2418 4249 ille
2456 4201 2623 4250 conti·

164 4285 281 4347 gerit„
314 4288 707 4339 conficiendum
740 4289 827 4338 sit.

336 4375 373 4439 ¹)
410 4375 479 4423 Η.
518 4374 585 4425 N.
613 4376 677 4424 Τ.
706 4392 760 4440 p.
790 4376 908 4425 357.
964 4374 1006 4439 ²)
1042 4375 1105 4424 V.
1139 4392 1191 4441 p.
1218 4378 1335 4425 377.
1361 4377 1479 4427 417.
1506 4392 1549 4427 s.
1612 4374 1655 4443 ³)
1695 4378 1741 4437 1,
1771 4378 1852 4425 15.
1915 4374 1956 4441 ⁴)
1985 4376 2044 4423 V.
2077 4390 2127 4439 p.
2157 4375 2274 4424 376.
2321 4372 2625 4425 Sententiae

167 4456 445 4510 eruditorum
482 4460 593 4511 hac
618 4460 687 4509 dc
714 4476 773 4510 re
800 4461 1050 4525 expendit
1086 4460 1314 4523 Ginella,
1343 4461 1409 4511 de
1436 4462 1579 4511 auth.
1608 4478 1692 4527 ep.
1718 4467 1855 4527 past.
1891 4478 1944 4527 p.
1973 4462 2088 4511 116.
2116 4474 2158 4509 s.
2187 4462 2301 4510 148.
2329 4475 2369 4510 s.
2421 4460 2462 4526 ⁵)
2491 4459 2625 4510 Coll.

168 4540 245 4590 nr.
276 4548 318 4606 1,
350 4550 397 4596 5.
446 4548 487 4613 ⁸)
519 4548 643 4597 Aet.
692 4548 768 4607 16,
813 4549 858 4595 1.
900 4546 939 4611 ⁷)
966 4548 1081 4597 Act.
1120 4551 1169 4612 2,
1210 4551 1292 4597 11.
1343 4546 1383 4611 ⁸)
1422 4551 1469 4611 3,
1510 4552 1701 4598 1213.
1752 4547 1792 4614 ⁹)
1825 4546 2102 4597 0011.Aet.
2138 4548 2219 4609 18,
2247 4549 2328 4597 24.
2357 4550 2440 4610 19,
2469 4551 2514 4597 1.
2545 4549 2625 4597 ιο.

172 4626 217 4691 ¹³³)
245 4629 363 4682 coll.
388 4636 437 4697 3,
464 4637 549 4683 15.
622 4634 685 4698 Η)
726 4633 808 4682 cf.
846 4650 894 4698 p.
932 4636 1053 4683 377.

874 4714 885 4720 .
2253 4720 2316 4771 μ
