3267 5259
580 380 677 429 XX
1372 393 1621 435 Prothcoris.
1649 394 1692 435 in
1722 394 1835 435 nist.
1866 394 1970 435 Rev.
2001 394 2102 435 Div.
2133 394 2185 435 N.
2215 394 2264 434 T.

580 593 615 628 a
654 574 918 629 Castro.
965 574 1121 631 Antv.
1154 577 1326 629 1593.
1370 580 1534 644 atque
1576 573 1644 630 G.
1684 574 2049 631 Serranus.
2101 573 2213 629 ool.
2244 577 2416 627 1593.
2461 575 2647 629 Beni.
2679 575 3064 645 Beauport,

588 678 649 732 Ο.
700 678 760 735 S.
808 680 909 732 Fr.
972 680 1152 733 iunxit
1211 680 1547 733 Harmoniae
1611 696 1746 733 suae
1815 679 2200 748 expositionem
2255 698 2308 749 9.
2367 680 2503 733 Par.
2549 681 2723 732 1552.
2801 678 3068 749 Sequitur

578 784 759 853 Loys
788 784 1004 853 Myre,
1038 784 1094 836 la
1125 784 1208 837 vie
1241 784 1307 837 de
1338 783 1393 839 J.
1436 782 1494 835 0.
1527 800 1691 851 comp.
1726 784 1791 836 de
1823 786 1877 839 4.
1920 783 2022 836 Ευ.
2057 784 2191 836 Par.
2224 786 2396 839 1553.
2432 782 2625 837 Joach.
2659 784 3062 853 Perionius,

588 886 651 943 Ο.
686 886 747 945 S.
780 888 849 941 Β.
898 888 963 941 de
1010 888 1125 941 vita
1168 889 1436 957 rebusque
1481 888 1651 957 qestis
1701 886 1756 941 J.
1797 886 1854 940 0.
1901 904 1968 940 ex
2012 905 2063 957 q.
2103 888 2208 940 Ευ.
2255 888 2417 957 quasi
2457 894 2868 941 monotessaron
2925 889 3066 941 Par.

576 994 748 1045 1553.
828 993 996 1045 Did.
1055 991 1519 1060 Villalobos,
1582 990 1645 1045 O.
1691 991 1750 1046 S.
1795 992 1959 1047 Dom.
2009 992 2168 1045 cuius
2220 991 2527 1046 Concordia
2565 993 2779 1061 prodiit
2831 992 3062 1045 Pinciae

576 1098 754 1153 1555.
818 1098 1013 1151 Petr.
1062 1098 1139 1150 de
1185 1097 1622 1165 Irurosqui,
1671 1096 1840 1149 eiusd.
1895 1095 1956 1151 Ο.
1994 1096 2156 1163 dr.'s.
2201 1096 2296 1153 Th.
2339 1098 2476 1150 Par.
2521 1096 2703 1150 Series
2747 1097 2916 1151 totius
2959 1098 3064 1148 Ευ.

577 1200 631 1253 J.
673 1199 731 1255 0.
768 1218 848 1253 ex.
880 1218 929 1270 q.
955 1201 1057 1253 Ευ.
1085 1202 1323 1255 concinn.
1356 1200 1555 1255 Stellae
1585 1201 1832 1257 Navarr.
1871 1203 2042 1253 1557.
2083 1200 2149 1254 In
2181 1218 2341 1271 opere
2371 1200 2753 1254 hav-monistico
2785 1201 3064 1254 condendo

578 1304 882 1375 diliqentem
937 1322 1157 1373 operam
1200 1306 1421 1373 posuit.-
1480 1304 1536 1357 J.
1590 1304 1672 1361 M
1736 1303 2076 1373 Verrati,
2129 1304 2290 1358 Fer-r.
2355 1302 2530 1360 Cam.
2588 1304 2898 1359 Harmonia
2947 1305 3056 1359 Ευ.

587 1408 687 1477 Op.
722 1410 777 1461 2.
825 1409 899 1461 Π.
944 1408 1070 1464 Ven.
1103 1411 1275 1465 1571.
1336 1408 1539 1463 Rerum
1584 1409 1788 1478 seriem,
1836 1426 1999 1479 quam
2055 1414 2302 1463 texuerat
2355 1408 2411 1465 0.
2462 1409 2761 1463 Jansenius
2807 1409 3062 1463 exhibue-

576 1519 740 1566 runt.-
784 1512 1022 1566 Joann.
1068 1514 1329 1583 Bubus,
1379 1514 1522 1567 sive
1566 1513 1987 1566 Buissonius
2028 1544 2117 1553 —
2161 1532 2227 1566 ex
2281 1514 2478 1569 Villers
2519 1512 2786 1583 Athens-is,
2823 1514 3066 1583 proinde

577 1618 771 1687 Belqa,
837 1636 947 1672 non
1007 1616 1312 1689 Hunqarus
1326 1637 1348 1685 ,·
1406 1618 1569 1671 sicuti
1614 1618 1725 1671 sine
1759 1616 1875 1686 fide
1921 1624 1972 1671 et
2017 1619 2246 1671 testibus
2291 1618 2572 1687 perhibuit
2617 1618 2861 1685 Ebrard‚
2917 1618 3065 1671 wiss.

578 1721 722 1775 Krit.
772 1723 824 1775 d.
876 1740 920 1775 e.
977 1721 1043 1776 G.
1100 1723 1183 1778 ed.
1230 1722 1309 1790 H,
1361 1740 1424 1790 p.
1474 1724 1573 1774 55.
1621 1740 1674 1774 n.
1725 1722 1779 1773 7.
1844 1720 1928 1789 (ff.
1984 1720 2244 1791 Orowaei,
2307 1722 2503 1781 elench.
2541 1740 2603 1791 p.
2668 1724 2803 1777 233.
2866 1721 3068 1775 Jb'clzer

578 1827 786 1897 allqem.
832 1825 1062 1879 Gelebrt.
1099 1826 1285 1879 Lexic.
1318 1825 1498 1895 Leipz.
1522 1828 1686 1879 1751.
1721 1826 1823 1894 III,
1860 1828 2041 1901 2281.
2063 1826 2254 1895 praes.
2290 1827 2380 1879 ad.
2414 1825 2480 1882 A.
2506 1825 2744 1880 Arnaldi
2779 1824 2938 1879 Conc.
2974 1827 3062 1881 ed.

578 1930 774 1984 Mechl.
794 1948 856 1999 p.
893 1931 1025 1985 ΧΠ.
1053 1931 1369 1999 —primus
1412 1946 1601 2000 reqens
1647 1930 1859 2000 colleqii
1901 1930 2041 2000 reqii
2084 1930 2142 1983 in
2181 1930 2427 1985 Univers.
2473 1930 2764 1999 Duacena,
2807 1929 3066 1982 Historia

578 2041 628 2088 et
658 2034 967 2089 Harmonia
1010 2052 1089 2089 ev.
1122 2034 1329 2090 Duaci.
1361 2036 1536 2090 1571.
1584 2039 1635 2087 et
1673 2050 1871 2101 saepe,·
1915 2040 2078 2103 atque
2122 2033 2405 2089 Alanus
2459 2034 2506 2089 G
2519 2052 2730 2104 opus,
2780 2035 2938 2087 cuius
2985 2040 3068 2087 est

577 2140 862 2192 Historiae
908 2156 985 2193 ev.
1020 2140 1219 2192 unitas.
1267 2139 1406 2193 Lov.
1444 2140 1623 2191 1572.
1699 2138 1793 2190 Th.
1825 2138 2349 2208 Beuum-amis,
2399 2139 2696 2193 Parisinus
2747 2137 3066 2206 Carmelita,

586 2242 781 2301 Com-m.
828 2244 885 2295 in
930 2244 1034 2295 Ev.
1068 2242 1214 2298 Hist.
1262 2242 1375 2295 sive
1428 2240 1690 2295 Concord.
1741 2260 1807 2295 em
1851 2243 2096 2312 antiquis
2139 2244 2421 2296 Ecclesiae
2466 2244 2536 2299 P.
2570 2244 2637 2296 P.
2687 2248 2962 2313 conqesta‚
3007 2242 3067 2295 in

579 2348 777 2417 quibus
798 2365 937 2417 quae
963 2348 1039 2400 ad
1060 2346 1370 2415 interpretis
1392 2364 1587 2399 munus
1602 2344 1833 2413 faciunt
1864 2347 2217 2431 continentur.
2265 2348 2404 2401 Par.
2431 2348 2601 2401 1583.
2632 2346 2736 2402 III.
2759 2346 2864 2399 vol.
2901 2344 3064 2399 Simi-

579 2453 702 2505 liter
745 2451 880 2521 Alp
896 2451 944 2505 h.
991 2450 1039 2505 S
1052 2452 1377 2505 almeron
1390 2492 1405 2519 ,
1459 2450 1516 2506 S.
1548 2450 1603 2503 J.
1649 2451 1868 2504 natione
1897 2425 2200 2520 Hispanus,
2239 2451 2437 2521 patria
2471 2450 2767 2505 Toletanus
2797 2456 2832 2514 †
2864 2452 3066 2519 1585.,

576 2557 815 2609 maxima
871 2574 991 2609 cum
1049 2555 1379 2609 eruditionis
1422 2556 1583 2623 copia
1636 2555 1885 2609 undecim
1943 2556 2101 2608 tomis
2144 2555 2430 2608 Historias
2472 2554 2898 2625 Evangeliorum
2942 2554 3066 2607 dili-

575 2668 763 2730 genter
805 2659 1105 2713 illustravit
1118 2678 1139 2727 ;
1172 2676 1403 2727 quorum
1432 2659 1629 2712 divisio
1664 2665 1772 2711 est:
1803 2662 1850 2713 1.
1887 2651 2189 2730 Proleqom.
2221 2659 2259 2713 i.
2293 2678 2346 2713 u.
2387 2658 2447 2715 S.
2473 2658 2568 2725 S.;
2607 2660 2664 2714 2.
2698 2660 2764 2713 de
2796 2658 3066 2712 Incarna·

580 2764 723 2817 tione
778 2762 972 2833 Verbi;
1018 2766 1071 2815 3.
1122 2764 1187 2817 de
1217 2762 1463 2830 Infantia
1505 2768 1556 2815 et
1587 2762 1838 2831 pueritia
1893 2760 1992 2830 0.‚·
2039 2765 2093 2818 4.
2144 2764 2207 2817 de
2239 2762 2384 2818 Hist.
2419 2762 2562 2829 Ευ.,·
2607 2766 2663 2817 5.
2713 2762 2778 2815 de
2823 2778 3070 2815 sermone

578 2868 801 2922 Domini
828 2868 885 2921 in
913 2874 1089 2920 monte
1107 2886 1128 2935 ,·
1184 2870 1236 2920 6.
1270 2868 1335 2921 de
1376 2866 1432 2919 0.
1463 2867 1781 2935 miraculis,·
1832 2869 1878 2920 7.
1927 2868 1991 2921 de
2023 2867 2362 2939 Parabolis;
2409 2868 2461 2919 8.
2497 2867 2562 2921 de
2595 2866 3069 2935 disputationibus

578 2972 690 3039 D.;
739 2974 796 3027 9.
846 2972 911 3025 de
958 2990 998 3023 s.
1041 2970 1397 3023 Eucharistia
1444 2976 1495 3023 et
1540 2987 1696 3024 serm.
1741 2972 1819 3027 D.
1868 2971 1927 3023 in
1971 2988 2172 3039 coena;
2224 2973 2316 3029 10.
2366 2971 2430 3024 de
2477 2970 2742 3025 Passione
2789 2977 2840 3024 et
2897 2978 3068 3024 morte

577 3077 653 3130 D.
672 3096 692 3143 ;
752 3080 829 3132 11.
882 3078 947 3129 de
990 3075 1405 3129 Resurrectione
1468 3081 1519 3128 et
1576 3076 1888 3129 ascensione
1938 3074 1992 3129 G.
2067 3075 2238 3144 Typis
2285 3075 2537 3129 mandati
2580 3073 2748 3142 fuere
2805 3075 3064 3129 Madriti.

578 3198 631 3237 a.
658 3182 830 3237 1597.
854 3197 898 3236 s.
923 3197 1037 3249 rep.
1070 3178 1185 3235 Col.
1232 3181 1413 3233 1602.
1448 3196 1489 3231 s.
1523 3196 1565 3231 s.
1610 3178 1671 3233 T.
1712 3177 1911 3233 Comm.
1950 3180 2008 3232 in
2037 3180 2141 3233 Eu.
2172 3180 2318 3232 Hist.
2351 3179 2819 3232 fflninentissimus
2850 3196 3070 3247 quoque

578 3291 773 3337 auctor
803 3284 1096 3338 Annalium
1142 3284 1630 3338 ecclesiasticorum
1668 3283 1926 3337 Caesar
1972 3283 2340 3352 Bar-onius,
2373 3282 2779 3351 Neapolitanus
2813 3282 3070 3336 Soranus

578 3396 717 3442 tomo
764 3390 808 3441 Ι.
855 3388 1024 3441 Gesta
1076 3387 1276 3441 Christi
1321 3393 1562 3441 enarrat.
1612 3388 1718 3440 Ed.
1763 3388 1918 3440 Rom.
1957 3388 2134 3442 1589.
2183 3388 2239 3439 in
2271 3386 2378 3454 sol.
2397 3406 2417 3455 ,·
2465 3388 2666 3456 optima
2709 3388 2846 3439 Luc.
2893 3389 3066 3440 1738.

577 3492 942 3547 Sebastianus
969 3493 1271 3545 Barrad
1282 3492 1403 3544 ius
1432 3489 1491 3545 S.
1525 3491 1601 3561 J.,
1636 3492 1832 3561 patria
1873 3490 2326 3561 Ulyssiponensis‚
2362 3491 2582 3560 scripsit
2612 3508 2790 3544 comm.
2823 3491 2884 3543 in
2923 3490 3066 3543 Con-

578 3598 728 3650 cord.
778 3603 829 3650 et
881 3597 1090 3650 Histor.
1134 3597 1346 3667 Evanq.
1381 3601 1503 3649 tom.
1536 3595 1659 3663 IV„
1707 3613 1936 3665 quorum
1983 3613 2126 3649 unus
2171 3612 2405 3649 excusus
2449 3602 2528 3649 est
2561 3596 2801 3665 primum
2850 3593 3068 3649 Conim-

579 3700 775 3755 bricae.
809 3702 1005 3768 1599„
1052 3717 1119 3752 ac
1150 3701 1403 3768 deinceps
1432 3699 1783 3769 sequentibus
1813 3700 1974 3753 annis
2008 3700 2242 3769 reliqui;
2288 3700 2510 3768 saepius
2537 3700 2719 3753 recusi
2733 3698 2940 3766 fuere,·
2985 3700 3071 3751 ita

576 3802 716 3873 Auq.
758 3802 915 3857 Vind.
948 3805 1117 3860 1742.
1149 3803 1371 3860 I—IV.
1390 3802 1497 3872 fol.
1570 3802 1639 3857 Ut
1671 3804 1798 3856 aliis
1835 3804 1918 3857 ita
1947 3802 1994 3857 J
2000 3822 2030 3857 ο
2046 3804 2206 3857 anni
2235 3804 2402 3873 Haio,
2450 3804 2564 3857 sive
2611 3803 2687 3856 de
2733 3802 2798 3855 la
2843 3803 3067 3873 Haye,

574 3940 662 3949 —
690 3907 811 3960 viro
843 3908 982 3961 inte-r
1010 3908 1251 3961 maxima
1296 3908 1538 3961 illustria
1583 3908 1790 3961 lumina
1833 3906 1891 3963 S.
1927 3906 1983 3961 J.
2015 3908 2274 3980 Belqicae
2317 3906 2624 3976 referend0,
2671 3912 2722 3960 et
2753 3906 2824 3959 ab
2857 3908 3070 3960 editore

584 4011 645 4065 Ο.
692 4012 748 4067 S.
796 4012 867 4065 F.
916 4012 1063 4068 Bibl.
1108 4030 1177 4068 m.
1236 4018 1285 4065 et
1328 4030 1473 4065 maoe.
1517 4012 1897 4081 distinguendo
1934 4042 2006 4051 —
2044 4012 2103 4065 in
2157 4010 2514 4074 Quaternione
2557 4010 3064 4081 Evanqelistarum.

574 4116 780 4169 Duaci.
811 4117 985 4172 1607.
1028 4115 1367 4185 propositum
1396 4114 1533 4184 fuit,
1580 4124 1642 4171 ut
1683 4116 1894 4169 nullius
1937 4116 2326 4187 Evanqelistae
2373 4120 2567 4185 textus,
2614 4132 2735 4168 cum
2777 4114 2895 4167 alio
2939 4133 3068 4185 per-

573 4222 884 4277 misceatur.
946 4219 1318 4274 Severinus
1360 4219 1767 4272 Lubomlius
1799 4220 1864 4275 Ο.
1895 4220 2026 4288 Pr.,
2060 4250 2144 4259 —
2181 4238 2232 4272 v.
2277 4219 2470 4291 Lon9.‚
2515 4219 2664 4271 Bibl.
2697 4217 2773 4286 ΙΙ,
2813 4220 2954 4273 835.
2989 4250 3068 4259 ·——

574 4324 853 4377 Ruthenus
876 4324 1201 4378 Roxolanus
1229 4351 1322 4363 —-
1342 4342 1450 4377 non
1481 4330 1541 4377 ut
1571 4340 1789 4378 erronee
1835 4324 2026 4377 scribit
2063 4322 2316 4391 Ebrard,
2359 4322 2542 4377 Sever.
2577 4321 2692 4374 Jul.
2723 4320 3067 4376 Roxolanus.

573 4425 925 4481 Acatholicus
970 4427 1196 4481 criticus
1239 4428 1357 4497 iste,
1410 4428 1506 4497 qui
1552 4428 1842 4481 conamina
1888 4428 2066 4481 omnia
2110 4426 2497 4481 hamonistica
2529 4443 2566 4478 a
2598 4425 2884 4479 catholicis
2927 4426 3068 4479 viris

563 4530 824 4601 profecta
870 4531 1070 4601 exiqua
1116 4538 1167 4585 et
1210 4532 1419 4585 minuta
1474 4538 1630 4585 vocat
1648 4574 1662 4601 ‚
1725 4532 1996 4586 debuisset
2057 4538 2182 4584 ante
2243 4530 2421 4584 omnia
2479 4530 2698 4583 nomina
2754 4534 3070 4584 nostrorum
