3267 5259
520 442 649 509 484
1255 455 1372 499 nist.
1401 454 1507 499 sev.
1538 456 1626 499 div.
1656 455 1825 499 Parios.
1854 456 1910 500 11.
1930 468 2024 510 cap.
2053 456 2256 499 sitarum.

522 656 729 695 aevum
774 658 819 694 s.
859 638 897 694 J
905 638 1098 707 udas,
1154 636 1419 696 futuram
1463 638 1577 696 sibi
1624 644 1870 697 mortem
1917 640 2145 697 eminus
2191 642 2474 714 spectans,
2525 639 2796 715 quamvis
2841 640 3010 695 senio

520 742 827 813 confectus,
862 742 1214 801 Hebraeis
1258 744 1331 801 ad
1362 742 1535 801 fidem
1566 744 1874 813 conversis,
1925 748 1986 801 et
2013 746 2082 801 in
2113 743 2372 801 Orientis
2404 742 2726 819 provinciis
2754 762 3008 800 versan-

520 846 696 918 tibus,
743 849 1047 923 scripsit
1090 846 1370 917 literas;
1420 850 1632 925 quibus
1681 868 1773 905 eos
1817 849 2108 918 admonet,
2155 852 2226 905 ut
2255 867 2290 905 a
2321 846 2484 905 falsis
2515 847 2848 904 doctoribus
2889 848 3010 905 sibi

519 956 782 1009 caveant.
834 952 927 1008 Ad
974 952 1298 1009 vindictam
1344 972 1477 1009 cum
1516 953 1608 1009 ira
1655 952 1860 1010 divina
1905 953 2184 1027 procedit,
2234 951 2394 1009 lento
2439 952 2786 1027 plerumque
2831 971 3010 1026 paoeu

518 1056 804 1129 graditur,
832 1061 891 1113 et
920 1056 1184 1115 minatur
1214 1062 1530 1133 antequam
1562 1058 1756 1115 feriat.
1791 1058 2092 1115 Meruerat
2119 1056 2529 1133 Hierosolyma
2551 1058 2625 1114 ob
2647 1057 3008 1114 horrendam

518 1162 746 1235 caedem
784 1161 848 1217 in
877 1160 1031 1217 Filio
1062 1161 1173 1218 Dei
1203 1160 1239 1218 J
1242 1182 1341 1219 esu
1381 1161 1613 1219 Christo
1654 1150 2052 1233 commissam:
2083 1164 2199 1219 iam
2245 1162 2472 1237 pridem
2509 1162 2833 1218 excidium.
2887 1161 3008 1217 Sed

518 1266 1002 1339 benignissimum
1034 1285 1251 1323 numen
1282 1266 1615 1341 impiorum,
1661 1268 1764 1345 qui
1797 1266 2105 1341 sacrilegas
2135 1286 2343 1323 manus
2374 1266 2435 1322 in
2469 1266 2677 1323 salutis
2708 1265 3008 1323 humanae

518 1372 878 1426 Assertorem
918 1371 1157 1428 iniicere
1186 1390 1305 1429 non
1336 1374 1708 1441 verebantur,
1753 1373 2190 1431 conversionem
2219 1370 2702 1447 praestolabatur.
2763 1374 2847 1429 At
2888 1372 2998 1429 ubi

518 1475 779 1532 maxima
808 1477 998 1548 gentis
1027 1474 1167 1533 olim
1216 1474 1427 1533 electae
1469 1497 1603 1552 pars
1652 1476 2000 1534 beneficium
2046 1476 2512 1549 longanimitatis
2557 1477 2798 1533 divinae
2839 1496 3006 1551 spre-

514 1584 707 1649 verat3
743 1578 1137 1639 Romanorum
1169 1582 1439 1639 manibus
1470 1582 1539 1639 de
1571 1583 1990 1658 impoenitente
2021 1582 2346 1640 vindictam
2375 1600 2648 1639 exercere
2677 1580 2898 1651 voluit:
2947 1588 3006 1639 et

514 1684 745 1743 insanas
798 1684 931 1742 illas
976 1704 1167 1743 voces:
1224 1706 1339 1743 non
1387 1687 1667 1744 habemus
1709 1706 1903 1760 regem
1957 1688 2070 1744 nisi
2126 1686 2445 1756 Caesarem,
2493 1705 2759 1744 caesareo
2808 1686 3009 1745 milite

512 1787 783 1864 plectere.
840 1789 1138 1860 ,Iudaeam
1187 1790 1345 1848 ultor
1389 1790 1610 1848 Christi
1657 1791 1960 1865 sanguinis
2011 1792 2305 1849 Romanus
2351 1790 2573 1849 delevit
2617 1791 2936 1848 exercitus‘
2965 1790 3004 1845 ¹.

516 1896 723 1951 Annus
746 1896 1103 1966 vertebatur,
1131 1914 1245 1973 quo
1267 1895 1508 1953 Flavius
1526 1896 1915 1971 Vespasianus
1939 1896 2252 1971 imperium
2269 1892 2311 1965 ²,
2339 1916 2375 1953 a
2399 1895 2690 1953 militibus
2716 1894 3003 1962 delatum,

512 2002 581 2054 ut
604 2003 947 2056 cunctanter
969 2000 1237 2076 suscepit,
1264 2000 1351 2057 ita
1372 2000 1609 2058 fortiter
1632 2002 1825 2075 gessit.
1859 2000 1976 2063 Qui
2001 2021 2133 2058 cum
2158 2020 2384 2059 summo
2415 2003 2649 2057 senatus
2679 1999 3008 2077 populique

510 2101 729 2160 honore
790 2108 1081 2179 receptus,
1146 2104 1363 2161 Romae
1422 2105 1772 2180 discerptam
1832 2106 2184 2163 fact-ionibus
2241 2104 2666 2181 rempublicam
2717 2104 3003 2172 sustinet3

510 2206 713 2265 Titum
743 2206 933 2265 filium
965 2228 1099 2266 cum
1126 2207 1353 2267 selectis
1382 2210 1561 2285 copiis
1590 2210 1832 2267 ineunte
1862 2230 2000 2267 vere
2031 2213 2096 2268 in
2124 2211 2161 2267 J
2162 2211 2408 2268 udaeam
2437 2210 2721 2267 adversus
2755 2206 3005 2265 rebelles

509 2311 689 2368 misit.
724 2311 890 2371 Titus
915 2313 1154 2387 longum
1180 2315 1293 2371 iter
1316 2334 1448 2371 cum
1472 2320 1724 2391 quatuor
1747 2314 2074 2389 legionibus
2097 2335 2388 2384 emensus;
2423 2314 2634 2372 coactis
2658 2312 3000 2371 vicinorum

508 2415 855 2490 populorum
912 2418 1110 2493 copiis,
1154 2418 1541 2495 Jerosolymas
1586 2420 1906 2477 contendit.
1973 2418 2189 2476 Contra
2207 2418 2452 2477 -Urbem
2499 2422 2669 2475 sexto
2717 2418 3004 2492 septimo-

507 2540 619 2597 que
650 2522 837 2579 stadio
866 2527 1055 2580 castra
1084 2527 1336 2580 metatus
1368 2527 1455 2580 est
1484 2524 1547 2580 in
1580 2530 1776 2581 mont-e
1805 2523 2026 2582 Oliveti
2048 2522 2088 2581 ³.
2150 2524 2187 2580 J
2189 2523 2527 2599 erosolymis
2573 2528 2808 2597 praeter
2839 2521 3002 2579 cives

507 2626 949 2700 peregrinorum
972 2647 1216 2705 quoque,
1240 2627 1341 2705 qui
1362 2629 1436 2685 ad
1454 2628 1720 2686 solennia
1739 2628 2034 2705 paschalia
2055 2648 2266 2703 magno
2290 2648 2532 2687 numero
2557 2627 2996 2697 confluxerant,

508 2729 955 2789 multitudinem
980 2737 1135 2790 arcte
1160 2732 1460 2790 conclusit.
1494 2733 1830 2791 Communis
1849 2733 2174 2809 periculum
2202 2732 2342 2789 mali
2365 2732 2634 2790 factiosos
2657 2732 2995 2801 coniunxit,

508 2836 682 2906 vires,
718 2856 882 2893 arma
912 2836 1088 2895 simul
1120 2836 1185 2894 in
1218 2838 1505 2897 Romanos
1534 2838 1934 2908 strinxerunt3
1983 2857 2090 2895 nec
2118 2840 2269 2895 citra
2298 2837 2556 2895 hostium
2586 2836 2832 2895 cladem.
2881 2836 2994 2894 Sed

506 2958 708 2997 rursus
739 2940 803 2997 in
836 2942 978 2999 duas
1007 2941 1287 2999 factiones
1334 2942 1597 3000 distracti
1641 2942 1904 3013 rebelles,
1955 2944 2234 3000 intestino
2281 2941 2435 3000 malo
2483 2942 2994 2999 concutiebantur.

507 3043 822 3102 Calamitas
855 3048 1110 3104 obsessae
1143 3045 1321 3103 Urbis
1352 3052 1411 3103 et
1442 3047 1736 3105 dirissima
1765 3047 1938 3118 mala,
1983 3067 2130 3125 quae
2173 3052 2428 3122 tempore
2459 3047 2778 3104 obsidionis
2815 3047 2992 3103 susti-

506 3148 658 3221 nuit,
694 3153 781 3207 tot
810 3149 943 3208 aliis
975 3150 1093 3208 iam
1124 3151 1416 3221 defuncta,
1462 3150 1685 3209 nullius
1725 3152 1982 3210 hominis
2019 3152 2282 3209 oratione
2321 3170 2424 3227 pro
2463 3150 2676 3207 merito
2726 3151 2988 3208 enarrari

506 3258 761 3331 queunt;
812 3274 917 3312 nec
948 3259 1140 3313 exstat
1185 3255 1520 3331 exemplum
1558 3255 1750 3313 simile
1795 3256 1863 3313 in
1909 3256 2190 3313 historiis
2239 3256 2407 3313 Foris
2439 3255 2700 3313 terrebat
2745 3254 2981 3324 ferrum,

505 3358 666 3417 intus
698 3362 994 3434 premebat
1021 3360 1203 3418 fames
1222 3357 1263 3417 ⁴.
1312 3361 1643 3419 obstinatio
1673 3361 1821 3418 viris
1851 3360 2201 3438 feminisque
2232 3380 2356 3435 par,
2407 3379 2475 3417 ac
2515 3360 2561 3417 si
2604 3360 2767 3417 sedes
2797 3364 2980 3417 trans-

506 3464 659 3520 ferre
691 3470 1050 3539 cogerentur,
1099 3464 1285 3522 maior
1315 3464 1473 3523 vitae
1518 3470 1725 3537 metus,
1768 3485 1944 3544 quam
1984 3465 2207 3523 mortis,
2262 3464 2342 3521 Et
2385 3464 2526 3542 quia
2571 3464 2854 3521 Numinis
2898 3465 2980 3520 ira

504 3568 768 3626 scelestos
800 3570 1077 3642 urgebat3
1127 3569 1261 3627 Tito
1304 3570 1532 3645 saepius
1575 3570 1646 3626 ad
1694 3570 2047 3628 deditionem
2093 3570 2396 3639 invitanti,
2453 3570 2746 3645 pertinaci
2793 3567 2982 3626 animo

506 3692 732 3747 semper
755 3674 1194 3749 responderunt,
1224 3672 1435 3731 ultima
1459 3694 1722 3751 passuros
1746 3694 1922 3753 quam
1946 3674 2224 3733 Romanis
2247 3694 2308 3731 se
2330 3673 2648 3731 dedituros.
2676 3674 2983 3731 Addebant

508 3796 634 3833 eam
677 3777 951 3834 ferociam
991 3778 1229 3855 quidam
1272 3798 1302 3835 e
1342 3780 1615 3855 tyrannis
1653 3778 1815 3837 intra
1852 3780 2056 3837 urbem
2103 3780 2558 3848 dominantibus,
2603 3784 2665 3835 et
2709 3778 2982 3835 falsorum

506 3886 807 3957 praeterea
836 3888 1042 3940 vatum
1072 3902 1254 3954 voceS‚
1290 3888 1515 3942 certum
1544 3905 1574 3941 e
1606 3883 1761 3943 coelo
1791 3882 2085 3941 auxilium
2116 3882 2592 3960 pollicitantium.
2630 3883 2881 3941 Romani
2911 3882 2980 3939 ad

500 4139 852 4199 Machinatio,
877 4140 1187 4203 turpissima
1213 4139 1469 4202 adulatio,
1509 4142 1926 4206 epicuraeismus
1953 4146 2256 4207 magnatum
2284 4146 2340 4191 et
2369 4140 2700 4207 pontificum,
2739 4142 2974 4208 frequen·

504 4228 583 4276 tia
618 4226 925 4290 parricidia,
964 4224 1178 4291 aliaque
1216 4228 1439 4276 crimina
1474 4243 1639 4293 supra
1671 4227 1828 4278 fidem
1872 4227 2155 4278 humanam
2191 4232 2512 4293 perpetrata,
2553 4228 2973 4279 luculentissima

501 4312 716 4362 fuerunt
753 4312 1044 4378 impietatis
1084 4312 1417 4363 documenta.

716 4400 753 4465 ¹)
794 4400 844 4450 S.
883 4400 1075 4449 Petrus
1115 4399 1497 4466 Chrysologus,
1550 4400 1616 4451 de
1663 4402 1865 4452 ieiunio
1913 4406 1966 4451 et
2014 4401 2358 4468 eleemosyna
2403 4418 2554 4453 senn.
2595 4403 2770 4467 XLII,
2806 4420 2855 4468 p.
2893 4404 2966 4453 68.

510 4485 552 4551 2)
591 4486 775 4536 Trium
812 4488 1112 4552 principum
1152 4487 1317 4537 caede
1357 4490 1513 4553 quasi
1548 4490 1814 4539 fluctuans
1862 4504 1927 4539 ac
1963 4490 2237 4540 incertum.
2292 4490 2331 4555 ³)
2367 4490 2524 4539 Unde
2572 4490 2816 4540 Christus
2851 4490 2966 4540 olim

504 4574 691 4622 urbem
746 4574 1037 4638 respiciens
1093 4572 1341 4625 lacrimas
1394 4576 1656 4626 malorum
1713 4578 2100 4627 imminentium
2151 4576 2364 4627 indices
2419 4576 2573 4627 fudit.
2611 4578 2677 4627 V.
2725 4592 2776 4642 p.
2811 4578 2892 4627 90.
2925 4592 2962 4625 s.

504 4659 545 4723 ⁴)
588 4658 754 4708 Cuius
794 4659 1061 4709 diritatem
1096 4660 1366 4725 Josephus
1405 4662 1664 4726 graphice
1701 4663 1944 4729 depingit
1979 4663 2045 4714 de
2080 4663 2225 4715 bello
2261 4664 2374 4717 iud.
2407 4664 2470 4715 V.
2502 4666 2588 4728 12,
2615 4666 2664 4714 3.
2697 4664 2765 4727 11,
2789 4664 2898 4715 358.
2923 4678 2961 4711 s.
