3267 5259
575 420 704 485 438
1319 432 1433 473 nist.
1465 432 1569 473 nov.
1599 431 1689 473 aiv.
1720 430 1875 472 Parios
1903 430 1961 471 11.
1981 441 2074 482 οη».
2104 429 2305 481 prinum.

577 611 886 674 scriptionis
923 611 1094 661 forma
1145 607 1509 660 confirmatam
1557 612 1840 672 provocat,
1892 607 2054 673 idque
2110 612 2299 658 eontra
2334 607 2685 670 Marcionem,
2724 607 3079 657 Laodicenos

578 699 632 746 in
670 697 847 748 locum
873 697 1233 763 Ephesiorum
1262 696 1695 756 substituentem,
1734 700 1904 761 urget.
1938 696 2199 745 Remanet
2235 711 2276 743 s.
2305 693 2559 757 Basilius,
2594 694 2667 745 ad
2692 696 2853 744 cuius
2878 694 3081 743 verba:

584 784 831 847 „Sanctis
869 786 959 850 qui
997 790 1123 834 sunt
1161 788 1214 833 et
1251 782 1500 833 fidelibus
1537 784 1596 833 in
1633 782 1693 832 C.
1730 782 1781 832 J.
1822 782 1914 832 Sic
1950 784 2093 832 enim
2129 788 2184 832 et
2220 784 2311 847 qui
2347 788 2473 832 ante
2509 798 2608 833 nos
2647 782 2877 832 fuerunt
2914 781 3081 831 tradi-

581 872 772 922 derunt
809 877 862 923 et
897 887 994 922 nos
1042 873 1098 920 in
1149 871 1387 935 antiquis
1435 868 1827 935 exemplaribus
1880 868 2165 935 legimus?
2219 870 2593 920 observamus:
2646 872 2693 923 1.
2734 869 2790 919 S.
2830 867 3084 919 Basilius

575 976 681 1011 non
720 959 854 1010 dicit
892 959 1132 1009 defuisse
1169 959 1336 1009 verba
1371 954 1457 1019 „tv
1483 953 1730 1025 Ἐφέσῳ“,
1770 956 1915 1021 quod
1953 958 2170 1008 omnino
2207 957 2401 1007 fuisset
2437 956 2753 1007 dicendum.
2802 960 2857 1007 2.
2896 957 3083 1005 Voces

577 1047 675 1097 has
723 1046 844 1097 ideo
881 1063 988 1097 non
1037 1046 1269 1109 addidit,
1316 1046 1566 1110 quoniam
1617 1045 1773 1095 initio
1823 1060 1953 1094 suae
2003 1045 2481 1110 argumentationis
2528 1044 2781 1109 scripsit:
2842 1043 2997 1104 „Sed
3034 1050 3087 1091 et

579 1133 830 1198 Ephesiis
870 1150 988 1183 cum
1027 1135 1299 1195 scriberet,
1339 1148 1430 1183 eos
1469 1147 1566 1196 per
1604 1131 1980 1182 excellentiam
2016 1132 2314 1183 nominavit
2353 1126 2686 1190 ἶδιαιζόντως“.
2722 1134 2776 1181 3.
2806 1131 2963 1181 Usus
3002 1138 3087 1180 est

577 1236 618 1271 s.
659 1220 898 1271 Basilius
948 1220 1136 1271 codice
1171 1236 1312 1283 mss„
1367 1222 1424 1269 in
1473 1234 1580 1285 quo
1618 1224 1717 1269 art.
1755 1218 1856 1277 τοῖς
1894 1225 2021 1269 ante
2057 1210 2195 1269 οὖσιν
2234 1219 2433 1281 deerat,
2470 1224 2747 1284 tamquam
2788 1220 2889 1284 qui
2928 1234 3087 1284 argu-

579 1307 853 1359 mentandi
897 1323 1030 1358 suae
1078 1308 1276 1359 rationi
1330 1309 1647 1374 ingeniosae
1699 1307 1923 1358 faveret.
1995 1310 2045 1357 4.
2093 1306 2151 1357 Si
2187 1322 2231 1356 s.
2279 1306 2515 1357 Basilius
2570 1322 2635 1355 eo
2682 1306 2836 1372 quod
2892 1306 3088 1356 Critici

583 1402 827 1447 statuunt
877 1395 1124 1457 consilio,
1173 1396 1340 1446 verba
1385 1394 1484 1445 illa
1520 1400 1870 1445 controversa
1915 1396 2167 1455 omiserit,
2216 1398 2472 1459 tanquam
2519 1394 2575 1443 in
2612 1395 2867 1459 antiquis
2910 1410 3091 1443 exem·

580 1483 820 1549 plaribus
858 1484 1262 1547 praetermissa,
1311 1482 1500 1532 mirum
1537 1482 1755 1532 omnino
1794 1486 1892 1543 est,
1932 1481 2077 1545 quod
2116 1481 2332 1532 codices
2372 1496 2553 1531 omnes
2590 1482 2684 1546 qui
2720 1486 2973 1531 aetatem
3012 1486 3091 1529 tu·

579 1571 770 1633 lerunt,
807 1571 1082 1621 versiones
1117 1572 1246 1620 item
1270 1569 1697 1633 antiquissimae,
1728 1567 1912 1631 latina,
1952 1569 2178 1633 syriaca,
2216 1569 2443 1633 persica,
2469 1568 2706 1629 arabica,
2746 1568 3091 1633 aethiopica,

579 1657 865 1709 lectionem
901 1658 1040 1708 hanc
1077 1656 1404 1708 exhibeant?
1443 1656 1657 1705 Desunt
1694 1655 1907 1721 quidem
1944 1657 2002 1705 iu
2040 1656 2157 1707 eod.
2196 1656 2256 1705 B.
2297 1662 2351 1706 et
2385 1656 2605 1707 LXVII.
2670 1654 2782 1707 Sed
2822 1656 3091 1721 quoniam

579 1747 648 1796 ab
689 1745 892 1808 eodem,
932 1746 1026 1811 qui
1069 1750 1241 1795 totum
1287 1759 1412 1794 mss.
1445 1743 1769 1794 Vaticanum
1820 1745 2065 1794 exaravit
2110 1748 2249 1794 teste
2287 1744 2429 1809 Hug,
2469 1745 2537 1796 de
2572 1744 2742 1809 antiq.
2784 1744 2913 1795 cod.
2966 1744 3093 1794 Vat.

578 1833 722 1883 Frib.
764 1834 912 1884 1810.
948 1849 1000 1898 p.
1039 1834 1122 1883 26.
1161 1860 1227 1869 -
1265 1833 1353 1882 cui
1389 1832 1700 1897 inspicienti
1754 1836 1809 1883 et
1845 1830 2129 1897 diligenter
2164 1832 2489 1882 exscribenti
2527 1846 2623 1882 cur
2670 1830 2813 1883 fides
2866 1838 3095 1897 propter

517 1912 528 1920 ’
578 1918 967 1972 Tischendorfii
1017 1920 1356 1985 negationem
1394 1919 1450 1969 in
1495 1932 1619 1971 anu.
1670 1917 1748 1968 St.
1784 1934 1837 1967 u.
1874 1918 1965 1967 Kr.
2010 1920 2159 1969 1847.
2197 1935 2248 1984 p.
2289 1921 2405 1969 133.
2446 1918 2747 1985 derogetur,
2803 1918 2970 1970 nulla
3008 1924 3093 1968 est

579 2022 744 2059 causa
779 2034 846 2045 —
909 2008 994 2070 „in
1049 2007 1286 2073 margine
1332 2007 1450 2071 pari
1498 2004 1769 2071 elegantia
1822 2010 1877 2055 et
1929 2006 2249 2057 assiduitate
2301 2020 2369 2056 ac
2423 2006 2634 2072 reliqua
2685 2020 2821 2071 pars
2862 2008 3087 2071 operis*

580 2101 706 2146 sunt
729 2094 942 2159 addita3
979 2094 1154 2145 codex
1177 2109 1306 2145 vero
1331 2096 1414 2145 67.
1453 2092 1524 2143 ad
1548 2108 1810 2143 summum
1836 2109 1877 2143 s.
1904 2094 2023 2144 XII.
2052 2095 2125 2144 sit
2146 2092 2490 2145 tribuendus:
2528 2094 2805 2144 unanimis
2842 2096 3093 2144 testimo-

579 2185 786 2233 niorum
841 2196 1138 2233 consensus
1192 2196 1290 2246 pro
1354 2178 1586 2231 lectione
1656 2176 1741 2243 „iv
1796 2176 2025 2249 Ἐφέσῳ“
2079 2184 2323 2231 testatur.
2380 2181 2433 2231 S.
2477 2182 2893 2245 Hieronymum,
2955 2182 2996 2232 l.
3046 2198 3091 2231 c.

581 2270 634 2323 S.
659 2269 868 2321 Basilio
905 2268 1196 2332 adversari,
1247 2268 1445 2318 fatetur
1499 2266 1891 2318 eruditissimus
1930 2268 2105 2319 editor
2140 2268 2300 2333 Oper.
2339 2268 2467 2320 Bas.
2516 2267 2627 2318 Jul.
2668 2268 2934 2331 Gar-niet,
2971 2269 3009 2319 1.
3046 2285 3093 2318 e.

585 2358 690 2420 „Et
724 2372 852 2407 vero
878 2356 1240 2421 Hieronymus
1276 2354 1542 2405 Basilium
1579 2360 1761 2418 petere
1798 2354 2011 2405 videtur
2046 2360 2210 2421 atque
2234 2357 2557 2406 sententiam
2595 2358 2714 2406 eius
2739 2356 3091 2407 confutas-e.³⁸

581 2445 688 2496 Sed
735 2446 954 2495 omissio
1003 2444 1286 2494 verborum
1343 2441 1761 2507 saepefatorum,
1815 2442 2109 2493 reiicienda
2153 2448 2235 2493 est
2280 2444 2438 2493 etiam
2486 2448 2706 2509 propter
2756 2451 3093 2511 argumenta

581 2534 820 2595 interna,
858 2533 1054 2582 etenim
1103 2546 1212 2581 non
1262 2534 1551 2595 potuerunt
1597 2531 1701 2579 viri
1751 2529 1897 2580 docti
1946 2530 2105 2581 aliter
2151 2532 2443 2581 sentientes
2481 2510 2771 2581 lectionem
2812 2532 2970 2583 bane
3006 2548 3093 2583 ex-

581 2620 801 2685 plicare,
837 2628 899 2668 ut
934 2634 975 2671 s.
1015 2618 1186 2668 Paulo
1221 2618 1525 2669 conveniat.
1566 2616 1647 2668 cf.
1685 2618 1729 2667 1.
1770 2616 1892 2667 Cor.
1921 2621 1965 2680 1,
1994 2620 2043 2668 2.
2077 2618 2150 2668 11.
2180 2622 2225 2679 1,
2254 2620 2299 2672 1.
2339 2620 2492 2669 Rom.
2532 2623 2581 2679 1,
2609 2620 2654 2669 7.
2683 2618 2935 2685 Philipp.
2968 2623 3017 2679 1,
3046 2624 3087 2669 1.

581 2708 884 2759 Novissime
919 2708 1120 2770 Meyer,
1159 2705 1208 2759 d.
1243 2706 1332 2755 Br.
1370 2720 1416 2755 a.
1459 2704 1507 2754 d.
1533 2704 1734 2770 Ephes.
1771 2704 1918 2757 Einl.
1956 2722 2007 2771 p.
2037 2709 2084 2755 1.
2110 2722 2154 2755 s.
2192 2706 2431 2768 Harless,
2472 2706 2676 2759 Comm.
2704 2709 2753 2757 ii.
2801 2706 2855 2757 d.
2896 2708 2993 2757 Br.
3030 2708 3089 2757 P.

583 2811 652 2846 an
691 2795 778 2846 die
813 2795 952 2861 Eph.
993 2794 1074 2845 ed.
1101 2796 1150 2845 2.
1189 2794 1390 2859 Stuttg.
1430 2795 1583 2844 1858.
1619 2792 1766 2843 Einl.
1804 2808 1855 2857 p.
1896 2794 1941 2842 1.
1980 2809 2021 2843 s.
2072 2793 2261 2855 Reuss,
2310 2794 2397 2843 die
2444 2794 2639 2844 Gesch.
2689 2794 2791 2845 der
2840 2795 2895 2845 h.
2936 2793 3090 2845 Schr.

580 2899 632 2949 p.
671 2886 788 2935 102.
826 2882 1108 2934 lectionem
1157 2886 1428 2947 receptam
1471 2880 1682 2930 erudite
1735 2880 2118 2931 vindicandam
2168 2887 2538 2947 susceperunt.
2594 2880 2745 2932 Idem
2800 2884 2916 2932 iam
2960 2882 3091 2933 olim

583 2971 851 3036 praestitit
886 2971 936 3020 J.
962 2968 1213 3033 Lenfant‚
1252 2970 1308 3018 in
1345 2967 1488 3019 Bibl.
1526 2966 1620 3018 sel.
1658 2967 1709 3021 J.
1750 2967 1962 3030 Clerici,
2000 2967 2146 3030 XVI,
2183 2970 2303 3020 301.

792 3059 1010 3108 Literae
1048 3072 1188 3122 quae
1234 3058 1292 3107 in
1341 3056 1562 3106 Canone
1607 3054 1929 3105 Divinarum
1976 3055 2369 3121 Scripturarum
2414 3056 2477 3107 N.
2516 3056 2577 3107 F.
2626 3056 2733 3119 „ad
2768 3057 3087 3122 Ephesios·

583 3148 778 3196 missae
826 3145 1189 3211 perhibentur,
1246 3146 1323 3195 ita
1368 3148 1493 3195 sunt
1543 3148 1908 3208 comparatae;
1966 3148 2027 3193 ut
2070 3142 2206 3195 illud
2262 3143 2385 3194 luce
2431 3145 2505 3194 sit
2550 3142 2781 3193 clarius:
2839 3144 3091 3194 voluisse

583 3234 972 3297 scriptorem
1001 3230 1271 3281 Paulum
1309 3230 1542 3281 haberi
1565 3229 1971 3295 Apostolum.
2010 3230 2147 3281 Nam
2174 3230 2371 3281 diserte
2394 3246 2589 3281 nomen
2616 3232 2735 3281 eius
2763 3246 2881 3281 non
2906 3232 3087 3281 solum

585 3322 764 3372 statim
800 3320 871 3370 ab
907 3320 1064 3369 initio
1099 3317 1296 3383 legitur
1322 3319 1369 3379 1,
1399 3320 1444 3369 1.
1482 3332 1665 3369 verum
1702 3318 1933 3369 orationi
1957 3318 2121 3367 etiam
2147 3318 2196 3379 3,
2226 3319 2273 3367 1.
2310 3318 2587 3381 inseritur-3
2622 3318 2720 3368 ubi
2760 3323 2820 3368 et
2857 3320 3087 3369 vinctus

587 3407 788 3459 Christi
808 3407 942 3457 Jesu
966 3405 1268 3471 adpellatur
1291 3404 1417 3455 coll.
1453 3406 1504 3467 4,
1535 3408 1580 3455 1.
1607 3407 1656 3467 6,
1684 3408 1785 3467 20.,
1821 3408 1984 3469 atque
2010 3404 2057 3455 is
2084 3418 2203 3455 esse
2224 3404 2435 3467 dicitur,
2472 3406 2565 3455 cui
2589 3406 2911 3470 mysterium
2938 3406 3081 3456 illud

587 3494 846 3545 creditum
871 3500 978 3545 est:
1014 3499 1204 3561 gentes
1230 3508 1401 3559 aeque
1426 3507 1492 3543 ac
1515 3492 1552 3541 J
1555 3492 1758 3542 udaeos
1785 3506 1903 3542 esse
1933 3490 2262 3542 cohaeredes
2296 3494 2691 3557 promissionis.
2716 3495 2768 3555 3,
2796 3494 2851 3543 3.
2877 3510 2923 3544 s.
2978 3491 3089 3543 Sed

586 3582 886 3633 sententiae
931 3596 1148 3647 quoque
1192 3596 1408 3646 prorsus
1457 3584 1582 3629 sunt
1628 3577 1911 3641 Paulinae,
1952 3595 2065 3630 non
2110 3581 2287 3631 minus
2336 3580 2609 3631 scribendi
2658 3582 2800 3631 ratio
2842 3596 2991 3646 quae
3028 3589 3089 3631 ut

585 3668 854 3721 subtiliter
887 3669 1094 3719 monuit
1119 3668 1550 3732 ehu-yconomus,
1586 3680 1794 3732 argum.
1814 3665 1910 3728 XI,
1935 3668 1983 3717 2.
2022 3663 2252 3735 ,,ὓψελῶν
2292 3664 2483 3737 σφόδρα
2515 3665 2655 3737 γέμει
2676 3671 2778 3719 τῶν
2816 3666 3087 3739 νοημάτων

584 3754 664 3807 καὶ
699 3750 1031 3824 ὑπερόγκων.“
1067 3756 1150 3806 Ab
1189 3756 1576 3821 antiquissimis
1600 3760 1781 3805 autem
1806 3755 2151 3818 temporibus,
2178 3756 2324 3819 quod
2350 3772 2383 3807 a
2407 3756 2580 3808 Paulo
2608 3757 2837 3822 ephesia
2873 3761 3085 3824 scripta

587 3846 660 3895 sit
695 3843 944 3909 epistola,
996 3858 1104 3894 una
1150 3848 1264 3893 erat
1311 3859 1418 3894 vox
1467 3844 1717 3893 omnium.
1770 3842 1991 3893 Praeter
2030 3858 2074 3893 s.
2110 3843 2379 3907 Ignatium
2414 3845 2485 3895 M.
2514 3846 2564 3895 d.
2590 3862 2642 3910 q.
2669 3847 2723 3907 i.,
2762 3846 2876 3895 iam
2914 3848 3083 3896 etiam

587 3949 630 3985 s.
667 3931 1020 3996 Polycarpus,
1059 3928 1264 3996 allegat
1299 3944 1416 3980 eam
1465 3930 1534 3979 ad
1571 3928 1807 3994 Philipp.
1843 3946 1895 3979 n.
1936 3932 2017 3980 12.
2054 3928 2176 3981 coll.
2213 3924 2411 3996 Ephes'.
2450 3934 2501 3994 4,
2540 3934 2643 3993 26„
2679 3933 2827 3983 idem
2874 3932 3019 3985 facit
3040 3950 3085 3983 s.

582 4021 855 4083 Irenaeus,
881 4018 1082 4070 additis
1106 4018 1284 4068 verbis
1311 4010 1466 4085 ,,πρὸς
1492 4012 1797 4083 Ἐφεσίους,“
1824 4016 1944 4067 adv.
1973 4017 2112 4067 haer.
2142 4018 2205 4067 V.
2232 4020 2279 4079 2,
2307 4020 2355 4068 3.
2381 4034 2433 4083 p.
2460 4020 2579 4069 719.
2602 4026 2658 4070 et
2683 4023 2769 4082 14,
2794 4024 2849 4071 3.
2868 4037 2923 4087 p.
2954 4022 3077 4071 756.

589 4108 837 4159 Clemens
873 4106 956 4172 A„
995 4106 1187 4157 Strom.
1225 4105 1312 4155 IV.
1351 4106 1486 4154 citat
1507 4102 1719 4169 Ephes.
1753 4105 1802 4164 5,
1837 4106 1921 4157 21.
1947 4120 1989 4154 s.
2016 4103 2407 4169 praemittendo
2445 4101 2529 4167 ,,ἐν
2564 4108 2625 4171 ιῆ·
2659 4101 2781 4175 πρὸς
2819 4105 3081 4175 Ἐφεσίους

586 4190 809 4263 γράφει.“
863 4210 914 4259 p.
954 4194 1072 4244 592.
1123 4190 1511 4253 Valentiniani,
1561 4190 1706 4255 aqud
1754 4190 2127 4255 Hippolytum,
2182 4190 2337 4243 refut.
2386 4208 2525 4242 omn.
2561 4191 2709 4243 haer.
2758 4194 2851 4255 Vl,
2876 4198 2963 4245 34.
2990 4197 3079 4246 ed.

587 4282 860 4344 Duncker,
907 4298 960 4347 p.
1011 4282 1128 4331 284.
1165 4270 1387 4330 attexun
1436 4278 1574 4344 Eph.
1613 4282 1664 4341 3,
1714 4282 1796 4329 14.
1835 4280 1899 4328 16
1924 4304 1991 4315 -
2019 4281 2099 4330 18.
2148 4279 2428 4345 Origenes,
2480 4279 2547 4330 de
2584 4282 2753 4345 princ.
2786 4282 2888 4343 111,
2921 4284 2973 4331 4-
3010 4282 3081 4332 ed

587 4369 792 4420 Lomm.
829 4368 976 4431 XXI,
1003 4371 1121 4419 349.
1159 4374 1213 4418 et
1247 4367 1391 4432 apud
1430 4367 1665 4427 Cramer,
1706 4365 1889 4418 Cateu.
1926 4366 1983 4416 in
2008 4364 2062 4415 S.
2100 4364 2259 4416 Pauli
2296 4383 2378 4431 ep.
2407 4366 2582 4417 Oxou.
2618 4369 2769 4418 1842.
2808 4383 2860 4433 p.
2902 4372 3003 4419 1⁰2
3032 4386 3075 4421 s.

586 4454 964 4516 Tertullianus,
989 4470 1042 4507 u.
1061 4457 1114 4517 i.,
1139 4456 1492 4517 Novatianus,
1517 4454 1584 4505 de
1603 4454 1747 4503 Trin.
1768 4470 1814 4504 c.
1835 4456 1918 4503 25.
1936 4453 2005 4503 ad
2025 4453 2201 4503 edion.
2226 4454 2368 4505 Tert.
2392 4454 2536 4505 Pam.
2556 4453 2671 4505 Col.
2696 4457 2849 4506 1677.
2877 4472 2927 4521 p.
2944 4458 3071 4507 738.

590 4540 746 4591 Unde
783 4542 1072 4604 Eusebius,
1107 4542 1179 4591 H.
1203 4543 1268 4591 Ε.
1305 4542 1403 4603 ΙΙΙ,
1431 4544 1514 4593 25.
1549 4558 1600 4607 p.
1627 4542 1711 4591 97.
1747 4556 1953 4592 summo
2001 4542 2114 4590 iure
2160 4538 2310 4589 illam
2356 4544 2497 4591 inter
2532 4534 2631 4603 „ria
2664 4536 3077 4611 ὁμολογούμεναίό

588 4627 787 4678 retulit.
836 4627 1093 4689 Quamvis
1141 4630 1278 4677 enim
1326 4644 1436 4679 non
1481 4628 1675 4689 desint,
1724 4629 1815 4694 qui
1864 4622 2154 4696 γνησιότητα
2188 4627 2375 4679 harum
2422 4626 2695 4679 literarum
2744 4630 2801 4679 in
2850 4630 3075 4679 dubium
