3267 5259
1128 469 1219 510 lter
1244 481 1280 510 a.
1302 468 1431 510 rann
1458 470 1599 510 maius
1626 470 1828 520 primum.
2596 457 2721 521 347

254 650 537 721 accingunt
558 645 598 706 ¹.
625 648 954 707 Antiochia
974 648 1183 727 Syriae
1200 648 1556 708 discedentes
1568 646 1611 722 ²,
1639 649 1706 708 in
1721 652 1926 709 urbem
1949 648 2290 721 Seleuciam,
2310 668 2458 727 quae
2472 651 2546 708 ad
2561 670 2722 709 mare

252 759 338 823 est,
368 754 608 830 profecti
629 752 655 791 ³
688 755 753 811 in
783 753 1038 811 insulam
1070 752 1373 831 Cyprum⁴
1404 756 1759 829 navigavere
1775 753 1824 825 ⁵3
1873 775 2053 834 quam
2083 758 2268 813 totam
2284 751 2308 791 ⁶
2337 774 2371 812 a
2401 754 2716 826 Salamina,

250 858 323 927 ‚in
336 878 443 936 qua
458 858 681 915 Christi
698 876 932 916 causam
954 864 1191 916 strenue
1208 862 1413 933 agunt‘
1430 856 1453 897 ⁷
1476 879 1656 938 usque
1679 860 1948 936 Paphum
1963 857 1988 897 ⁸
2013 864 2400 935 peragrarunt
2413 856 2455 916 ⁰.
2481 858 2719 934 Sergius

252 963 443 1020 Paulus
466 962 777 1038 proconsul
797 960 846 1000 ¹⁰
875 969 935 1021 et
956 962 1139 1040 Cypri
1163 982 1405 1039 praeses,
1440 965 1643 1022 audita
1665 964 1838 1022 Pauli
1863 970 1922 1022 et
1945 965 2248 1022 Barnabae
2271 964 2446 1035 fama,
2473 968 2544 1021 ut
2564 965 2636 1023 ad
2659 984 2718 1021 se

250 1067 497 1125 venirent
518 1068 849 1125 doctrinam
871 1086 1036 1124 suam
1060 1069 1502 1138 annunciaturi,
1530 1068 1837 1127 invitavit.
1863 1068 2010 1126 Cum
2032 1068 2233 1143 Sergio
2249 1067 2504 1125 multum
2521 1088 2716 1125 versa-

251 1172 403 1229 batur
430 1172 670 1249 quidam
692 1172 949 1230 «Iudaeus
982 1174 1216 1230 nomine
1239 1173 1479 1247 Barjesu
1502 1171 1565 1245 ¹¹,
1600 1178 1670 1231 ut
1699 1192 1832 1231 eum
1863 1174 1934 1230 ad
1965 1191 2132 1230 sacra
2158 1172 2406 1230 «Iudaica
2435 1173 2712 1230 traheret.

248 1274 359 1337 Qua
386 1276 447 1333 in
476 1296 539 1334 re
570 1294 705 1333 cum
736 1276 989 1334 Paulum
1019 1281 1079 1334 et
1108 1276 1438 1335 Barnabam
1470 1296 1682 1351 magno
1711 1276 1826 1335 sibi
1855 1275 2274 1353 impedimento
2316 1275 2439 1334 fore
2483 1275 2714 1334 intelle·

250 1383 345 1451 xit,
374 1381 749 1439 vehementer
778 1380 901 1439 illis
932 1382 1187 1452 obstitit,
1244 1382 1518 1439 annitens
1546 1382 1805 1439 alienare
1835 1376 2102 1459 animuin
2131 1380 2490 1457 proconsulis
2519 1400 2554 1438 a
2583 1381 2716 1439 doc-

248 1486 389 1542 trina
415 1484 769 1543 Christiana.
816 1487 901 1541 At
930 1505 1227 1561 procacem
1258 1487 1660 1545 adversarium
1689 1486 1907 1544 Paulus
1937 1488 2283 1562 increpavit,
2316 1485 2520 1543 addita
2548 1504 2714 1560 prae·

246 1588 477 1646 dictione
503 1588 701 1665 ipsum
742 1592 1017 1648 coecitate
1064 1593 1449 1665 puniendum.
1496 1592 1620 1649 Nec
1663 1610 1826 1649 mora
1840 1637 1853 1663 ,
1903 1590 2084 1649 oculis
2129 1596 2333 1666 captus
2347 1634 2361 1661 ,
2416 1591 2714 1647 ductorem

244 1695 528 1771 quaesivit.
561 1692 693 1756 Quo
722 1694 1332 1770 miraculoperculsus
1363 1715 1605 1772 praeses,
1631 1696 1771 1753 fidei
1795 1714 2002 1753 manus
2024 1694 2188 1753 dedit
2213 1690 2280 1752 ¹².
2313 1696 2411 1753 Ab
2433 1695 2544 1751 hoc
2565 1699 2711 1752 tem-

246 1818 366 1873 pore
386 1800 451 1869 is‚
482 1800 893 1876 quihaetenus
915 1798 1127 1857 Saulus
1148 1805 1387 1858 vocatus
1418 1806 1520 1871 est,
1553 1802 1824 1876 scriptori
1861 1802 2116 1857 Actuum
2150 1798 2367 1857 Paulus
2397 1799 2617 1857 dicitur
2643 1796 2710 1856 ¹³.

432 2016 470 2079 ¹)
508 2015 673 2066 Nulla
710 2016 1067 2066 aemulatione
1093 2022 1203 2066 tam
1240 2016 1437 2067 nobilis
1472 2018 1740 2067 missionis
1777 2015 2032 2065 honorem
2069 2014 2362 2080 designatis
2398 2014 2714 2065 invidebant

244 2104 387 2151 ceteri
422 2102 667 2152 doctores
703 2102 1040 2153 Antiocheni.
1114 2102 1156 2167 2)
1197 2103 1405 2153 Comite
1452 2110 1504 2153 et
1544 2104 1785 2153 ministro
1821 2102 2034 2153 Joanne
2069 2101 2270 2152 MarcO.
2320 2102 2382 2152 V.
2421 2117 2470 2166 p.
2511 2103 2628 2151 274.
2667 2116 2710 2151 s.

246 2188 277 2249 ³)
314 2189 435 2238 Tria
482 2188 693 2239 milliar.
741 2206 903 2255 germ.
975 2188 1017 2255 ⁴)
1064 2190 1223 2240 Unde
1268 2190 1547 2241 Barnabas
1595 2191 1866 2255 origenem
1911 2188 2172 2240 trahebat.
2256 2190 2298 2255 ⁵)
2346 2188 2532 2239 Insula
2575 2188 2710 2239 haec

244 2276 459 2325 accessio
503 2276 833 2341 Lagidarum
870 2276 1253 2343 Aegyptiorum
1290 2277 1407 2337 fuit,
1446 2292 1670 2342 quorum
1717 2276 1932 2327 ultimus
1979 2280 2094 2326 erat
2139 2275 2504 2339 Ptolemaeus,
2553 2292 2711 2341 quem

241 2361 419 2413 iniusta
465 2362 733 2428 cupiditas
780 2363 1165 2425 Romanorum,
1216 2367 1276 2412 ut
1320 2362 1551 2413 insulam
1597 2368 1652 2413 et
1695 2362 1974 2414 thesauros
2023 2364 2198 2427 regios
2242 2368 2591 2428 occuparent,
2641 2363 2710 2412 ad

244 2448 570 2500 autochiriam
619 2452 809 2516 coegit.
871 2450 1081 2500 Abhinc
1119 2449 1342 2500 Ciliciae
1386 2450 1774 2516 coniugebatur
1810 2449 2018 2515 Cyprus
2056 2453 2110 2498 et
2144 2450 2213 2499 ab
2262 2448 2448 2499 eodem
2483 2464 2708 2515 procon-

242 2536 343 2587 sule
386 2538 687 2604 regebatur.
747 2538 1011 2588 Antonius
1063 2537 1297 2604 Cyprum
1335 2552 1455 2587 cum
1503 2542 1654 2604 parte
1701 2536 1922 2587 Ciliciae
1969 2537 2259 2599 concessit;
2307 2536 2400 2587 sed
2437 2536 2708 2601 Augustus

242 2638 345 2674 eam
374 2627 427 2675 in
463 2640 591 2676 suas
629 2624 811 2675 retulit
846 2626 1177 2691 provincias,
1225 2640 1291 2675 ex
1336 2640 1507 2690 eoque
1554 2628 1790 2690 tempore
1827 2638 1862 2673 a
1897 2623 2308 2689 proconsulibus
2355 2625 2467 2688 regi
2513 2626 2707 2689 coepit.

240 2710 277 2769 ⁸)
312 2712 501 2778 Viginti
540 2717 597 2762 et
630 2716 861 2778 quatuor
895 2711 1023 2761 mill.
1061 2728 1223 2777 germ.
1298 2711 1341 2777 ⁷)
1379 2712 1521 2762 Urbs
1560 2710 1722 2777 Cypri
1759 2711 1828 2761 ad
1866 2711 2004 2761 latus
2043 2710 2293 2771 Orientis,
2338 2708 2524 2775 Syriae
2563 2710 2706 2761 unde

240 2798 488 2850 solverant
525 2800 789 2866 opposita.
860 2798 904 2863 θ)
944 2798 1144 2849 Civitas
1181 2799 1251 2848 ad
1286 2798 1413 2849 litus
1460 2799 1670 2849 insulae
1720 2797 2051 2849 occidentale
2088 2811 2274 2847 versus
2311 2802 2550 2847 austrum
2587 2798 2706 2849 sita.

238 2884 275 2948 ⁹)
314 2886 507 2952 Viginti
552 2886 681 2937 mill.
731 2902 893 2951 germ.
970 2886 1029 2951 ¹⁰)
1076 2884 1163 2935 Ita
1208 2886 1381 2935 dictus
1428 2885 1572 2951 quod
1616 2885 1900 2935 consulatu
1945 2884 2001 2933 in
2046 2883 2192 2935 Urbe
2238 2884 2454 2934 functus
2500 2884 2703 2935 fuisset.

244 3024 293 3087 ¹¹)
324 3026 421 3087 Qui
450 3031 504 3075 et
526 3025 766 3091 Elymas,
792 3020 1010 3093 Ἐλύμας
1036 3018 1061 3073 ὃ
1096 3019 1264 3092 μάγος.
1296 3024 1430 3074 Coll.
1463 3024 1609 3074 arab.
1641 3040 1698 3087 r.,
1727 2968 1848 3133 {22
1875 3024 2091 3089 sapiens
2116 3039 2159 3072 κ.
2188 3039 2223 3072 ε.
2251 3022 2459 3090 Magus.
2497 3023 2705 3073 Nomen

236 3170 381 3239 Mogh
426 3175 523 3223 toti
570 3172 689 3223 orbi
737 3172 1096 3234 notissimum,
1146 3188 1243 3237 pro
1292 3188 1399 3237 quo
1446 3176 1501 3221 et
1546 3171 1680 3221 tah'b
1729 3172 1969 3238 ponitur,
2017 3174 2193 3221 notat:
2245 3171 2566 3232 studiosum,
2613 3173 2704 3236 qui

237 3260 491 3310 scientiam
528 3264 585 3311 et
620 3259 973 3309 eruditionem
1010 3260 1225 3325 expetit,
1263 3260 1355 3324 qui
1393 3258 1619 3324 adeptus
1657 3264 1765 3319 est;
1803 3262 1858 3307 et
1893 3260 1986 3324 qui
2019 3258 2235 3309 tandem
2273 3259 2342 3308 ab
2367 3258 2468 3308 hoc
2505 3258 2704 3308 mundo

238 3346 531 3397 sublimatus
578 3352 635 3397 et
670 3345 915 3396 detentus
965 3352 1019 3395 et
1053 3346 1163 3395 fere
1210 3351 1516 3411 separatus,
1564 3346 1720 3411 quasi
1765 3346 1822 3394 in
1857 3344 2082 3395 alterum
2119 3345 2372 3395 mundum
2409 3344 2704 3395 concedere

236 3432 419 3499 incipit.
466 3434 530 3483 V.
565 3432 665 3483 Th.
700 3432 885 3498 Hyde,
932 3432 1185 3483 Veterum
1221 3432 1505 3483 Persarum
1551 3438 1605 3482 et
1645 3430 1962 3482 Parthorum
2009 3436 2064 3481 et
2097 3432 2374 3482 Medorum
2410 3432 2704 3499 Religionis

238 3518 459 3569 Historia
506 3520 588 3571 ed.
638 3534 747 3570 sec.
807 3519 1017 3568 Oxonii.
1072 3521 1221 3569 1760.
1276 3536 1327 3585 p.
1373 3520 1490 3569 377.
1552 3518 1968 3581 Lakemacheri,
2025 3519 2090 3569 de
2148 3518 2479 3570 Judaeorum
2535 3520 2704 3585 magis

236 3604 510 3673 horumque
534 3612 667 3669 arte,
694 3607 973 3672 speciatim
999 3606 1067 3655 de
1090 3606 1282 3671 Elymo
1306 3606 1484 3672 Mago.
1513 3604 1644 3657 Obs.
1671 3620 1712 3655 s.
1743 3604 1814 3667 11,
1841 3608 1890 3655 6.
1921 3622 1974 3671 p.
2003 3607 2119 3656 126.
2145 3621 2187 3656 s.
2230 3608 2344 3656 161.
2371 3622 2412 3657 s.
2450 3607 2515 3657 V.
2541 3624 2593 3673 p.
2623 3610 2703 3658 12.

240 3692 291 3755 ¹²]
325 3696 439 3744 Act.
466 3697 548 3755 13,
574 3696 731 3744 4-8.
799 3694 861 3758 ¹²³)
897 3692 1017 3743 Aet.
1046 3694 1127 3755 13,
1154 3694 1203 3743 9.
1253 3692 1409 3743 Unde
1448 3708 1481 3743 a
1514 3708 1556 3742 s.
1581 3692 1929 3757 Hieronymo,
1969 3692 2171 3743 Comm.
2197 3694 2252 3743 in
2277 3707 2360 3759 ep.
2387 3693 2458 3743 ad
2481 3693 2703 3744 Philem.

236 3782 275 3829 1.
297 3798 345 3845 p.
370 3782 486 3831 746.
523 3782 721 3847 optime
759 3780 1089 3831 observatur.
1156 3780 1487 3845 „Diligenter
1522 3779 1755 3843 attende,
1795 3779 1938 3846 quod
1963 3779 2051 3830 hic
2074 3781 2298 3846 primum
2329 3794 2524 3829 nomen
2547 3780 2704 3830 Pauli

233 3868 499 3933 acceperit.
566 3868 643 3919 Ut
688 3869 829 3917 enim
874 3866 1055 3933 Scipio
1102 3867 1345 3918 subiecta
1388 3866 1571 3917 Africa
1614 3867 1855 3917 Africani
1905 3867 2004 3917 sibi
2053 3882 2246 3917 nomen
2291 3867 2542 3917 assumsit
2549 3902 2703 3927 .....

232 3953 297 4001 ita
346 3959 399 4003 et
450 3955 650 4005 Paulus
706 3954 775 4004 ad
828 3954 1283 4020 praedicationem
1330 3953 1568 4020 gentium
1614 3954 1833 4016 missus,
1891 3968 1926 4003 a
1977 3954 2147 4020 primo
2195 3952 2475 4003 Ecclesiae
2529 3954 2702 4018 spolio

232 4039 541 4091 Proconsulo
578 4040 765 4106 Sergio
802 4040 973 4091 Paulo
1011 4042 1268 4091 victoriae
1304 4054 1435 4091 suae
1468 4040 1733 4106 trophaea
1767 4040 1974 4103 retulit,
2013 4040 2285 4105 erexitque
2321 4039 2598 4100 vexillum,
2635 4048 2706 4089 ut

232 4125 457 4178 Paulus
511 4128 851 4178 diceretur
898 4142 927 4177 e
977 4126 1229 4178 Saulo.“
1304 4126 1473 4178 Aliis
1521 4143 1780 4193 quoque
1835 4127 2000 4178 bene
2047 4126 2274 4177 multis
2323 4126 2701 4191 interpretibus

230 4214 385 4264 visum
435 4220 544 4277 est,
596 4220 891 4264 assumtum
943 4214 1077 4264 illud
1131 4230 1326 4265 nomen
1373 4230 1437 4263 ex
1482 4229 1743 4264 converso
1791 4213 1860 4263 ad
1913 4212 2072 4263 fidem
2122 4212 2308 4279 Sergio
2357 4212 2544 4263 Paulo.
2619 4212 2705 4262 Ita

232 4306 435 4351 censent
467 4302 532 4351 L.
558 4300 736 4363 Valla,
775 4300 841 4351 de
878 4301 1165 4351 collatione
1203 4301 1266 4351 N.
1292 4302 1353 4351 Τ.
1385 4318 1441 4367 -p.
1471 4303 1587 4351 103.
1639 4301 1855 4364 Beelen,
1893 4300 1963 4361 11,
1998 4302 2046 4350 9.
2073 4301 2154 4349 10.
2203 4299 2293 4349 Fr.
2329 4298 2700 4365 Spanhemius,

232 4384 287 4435 de
328 4404 565 4439 convers.
622 4387 883 4437 Paulinae
928 4404 1010 4454 ep.
1049 4404 1100 4437 n.
1139 4390 1223 4438 30.
1262 4404 1304 4438 s.
1350 4386 1421 4451 H,
1461 4389 1579 4438 327.
1618 4404 1660 4438 s.
1719 4387 1946 4453 Bengel‚
1995 4386 2241 4437 Gnomon
2287 4386 2352 4437 N.
2389 4386 2452 4436 Τ.
2496 4404 2546 4451 p.
2581 4389 2703 4437 468.

228 4470 413 4538 Meyer,
450 4476 529 4525 kr.
570 4490 655 4525 ex.
704 4474 903 4524 Comm.
950 4492 1001 4540 p.
1046 4476 1165 4524 237.
1224 4473 1610 4541 Baumgarten,
1658 4473 2060 4540 Apostelgesch.
2105 4472 2178 4535 11,
2212 4474 2296 4523 37.
2355 4474 2533 4538 Atque
2571 4473 2704 4523 haec

230 4562 393 4625 opinio
427 4562 715 4629 probanda
744 4561 969 4611 videtur.
1015 4560 1290 4627 Origenes,
1328 4560 1495 4627 praef.
1522 4576 1711 4612 comm.
1743 4562 1800 4611 in
1835 4576 1917 4626 ep.
1954 4560 2023 4610 ad
2047 4560 2198 4610 Rom.
2234 4560 2328 4621 VI,
2363 4562 2412 4610 8.
2461 4560 2703 4623 Witsius,

229 4644 285 4695 de
318 4650 473 4713 gestis
509 4646 675 4698 Pauli
710 4648 766 4696 in
800 4646 925 4697 Mel.
960 4647 1111 4697 Leid.
1148 4646 1231 4696 ed.
1272 4646 1437 4697 Herb.
1476 4649 1626 4697 1717.
1672 4664 1725 4712 p.
1760 4649 1844 4698 49.
1901 4646 2142 4710 Ebrard,
2181 4646 2266 4696 die
2302 4646 2700 4713 Apostelgesch.
