3267 5259
1120 460 1405 509 Ernst-lium
1434 464 1477 502 S.
1498 460 1726 501 Hatthaei.
2537 450 2664 513 269

223 638 458 695 Veterum
515 658 779 717 unquam
830 639 1112 697 eiusmodi
1167 640 1565 697 confusionem
1612 639 1874 697 admisit.
1949 642 2006 697 b.
2061 641 2305 698 Accedit
2355 640 2665 699 relationes

221 742 463 799 Veterum
482 742 799 816 insigniter
830 742 1167 801 confirmari
1200 744 1451 818 pondere
1484 748 1964 817 argumentorum
1995 744 2382 802 internorum.
2430 746 2526 803 Ab
2547 766 2668 803 una

223 851 359 920 parte
406 852 600 905 textus
656 866 893 921 graecus
948 852 1225 905 naturam
1264 848 1770 925 interpretationis
1823 848 2004 905 refert
2027 846 2073 919 1;
2135 868 2208 905 ex
2262 855 2428 925 parte
2481 849 2667 907 altera

220 950 395 1007 Graeci
422 950 741 1025 originalis
770 950 941 1009 nulla
970 953 1348 1027 reperiuntur
1377 957 1536 1009 certa
1564 952 1833 1026 vestigia.
1894 953 2097 1029 Neque
2142 970 2191 1010 c.
2223 952 2402 1011 aliam
2432 958 2663 1011 senten·

224 1055 341 1110 tiam
368 1057 679 1113 tuebantur
708 1054 995 1132 Syrorum
1026 1060 1199 1134 atque
1242 1058 1509 1113 Arabum
1552 1057 1861 1131 scriptores
1905 1056 2202 1114 domestici
2223 1053 2278 1124 23
2325 1056 2660 1135 multaeque

218 1158 627 1233 subscriptiones
672 1159 950 1217 Codicum
998 1165 1057 1217 et
1100 1160 1481 1237 antiquarum
1526 1160 1876 1217 Versionum
1895 1156 1938 1218 ³.
2016 1159 2178 1222 Quae
2224 1179 2355 1218 cum
2399 1163 2486 1219 ita
2537 1162 2658 1219 sint

218 1280 511 1320 aramaeum
576 1262 891 1338 Evangelii
958 1264 1014 1321 d.
1068 1264 1357 1321 Matthaei
1425 1268 1658 1321 textum
1715 1264 2018 1321 'exstitisse
2079 1270 2301 1322 certum
2361 1266 2660 1325 habemus.

217 1364 485 1439 singulare
516 1373 714 1425 autem
745 1366 894 1424 illud
926 1369 1035 1425 hoc
1060 1369 1123 1425 in
1146 1368 1270 1426 loco
1301 1369 1573 1439 occurrit,
1608 1369 1762 1445 quod
1793 1367 1947 1425 nihil
1978 1370 2216 1426 omnino
2247 1371 2390 1427 certi
2423 1370 2665 1427 ducibus

216 1470 437 1548 antiquis
461 1473 703 1530 testibus
734 1471 1068 1547 reperiatur
1090 1473 1159 1530 de
1180 1472 1425 1543 ratione,
1460 1490 1609 1549 quae
1641 1472 1950 1530 intercedit
1979 1473 2136 1529 inter
2167 1468 2406 1548 ἐκδοχὴν
2429 1473 2662 1533 hebrai-

215 1592 315 1631 cam
353 1580 409 1632 et
448 1594 721 1649 graecum
764 1576 1060 1649 volumen,
1109 1578 1263 1654 quod
1301 1554 1457 1634 nunc
1487 1576 1553 1633 in
1586 1576 1880 1634 Canonem
1909 1576 1968 1633 S.
2001 1577 2336 1634 Literarum
2367 1582 2663 1652 receptum

215 1683 297 1735 est.
336 1680 483 1736 Bene
510 1680 709 1737 omnia
739 1700 933 1737 secum
964 1682 1289 1738 consentire
1318 1682 1617 1750 videntur,
1652 1682 1702 1736 si
1734 1681 2119 1737 demonstrari
2151 1686 2339 1756 posset
2367 1681 2660 1756 duplicem

214 1800 249 1838 ς.
274 1784 617 1841 Matthaeum
670 1804 938 1842 exarasse
992 1785 1257 1842 Codicem
1310 1785 1652 1841 hebraicum
1697 1784 1965 1856 alterum,
2021 1784 2274 1842 alterum
2326 1805 2598 1859 graecum
2617 1770 2689 1845 ⁴.'

214 1885 303 1942 Res
342 1888 531 1945 dirimi
562 1894 621 1946 et
654 1890 725 1946 ad
758 1890 981 1946 iustum
1010 1888 1186 1947 finem
1233 1889 1400 1946 nullo
1430 1890 1597 1946 modo
1644 1889 1886 1965 provehi
1931 1890 2176 1963 poterit;
2225 1888 2372 1946 illud
2419 1891 2662 1947 interim

215 1990 423 2049 dubium
452 2012 567 2051 esse
600 1995 827 2071 nequit,
871 1998 1105 2052 text-um
1134 2012 1424 2067 graecum,
1458 1994 1609 2051 forte
1641 1992 1760 2050 iam
1789 2012 1933 2051 aevo
1971 2013 2016 2050 s.
2049 1992 2464 2066 Evangelistae
2493 1994 2663 2051 ador·

212 2102 399 2167 natum,
446 2104 571 2173 post
614 2097 871 2155 aramaei
919 2097 1225 2172 originalis
1256 2098 1625 2155 amissionem
1661 2097 1991 2173 Archetypi
2035 2095 2103 2153 in
2145 2095 2404 2154 Ecclesia
2446 2098 2662 2155 habere

212 2202 577 2258 auctoritatem
602 2200 645 2259 ⁵.

380 2371 627 2439 Diqoessio
648 2372 889 2423 vindicias
911 2372 1137 2424 exhibens
1160 2373 1424 2423 testimonii
1438 2372 1693 2423 Ecclesiae
1710 2372 1964 2439 Antiquae
1983 2371 2041 2422 de
2059 2371 2332 2439 annyclio
2355 2390 2391 2423 s.
2413 2372 2662 2424 Matthaei

208 2452 409 2509 hebraico.
476 2456 593 2523 Age
630 2457 685 2505 in
724 2458 1083 2507 sinceritatem
1120 2462 1175 2507 et
1212 2457 1579 2507 dexteritatem
1616 2455 1671 2506 S.
1706 2457 1767 2507 P.
1803 2462 1857 2507 et
1889 2456 1943 2506 S.
1977 2458 2042 2506 Ε.
2079 2458 2426 2521 inquiramus,
2466 2459 2555 2522 qui
2593 2457 2660 2507 de

210 2538 361 2604 lingna
414 2542 513 2593 Ev.
564 2560 607 2593 s.
645 2542 909 2594 Matthaei
962 2558 1214 2595 aramaea
1266 2543 1477 2609 aliquid
1530 2544 1896 2609 prodiderunt.
1977 2543 2032 2593 Si
2081 2542 2443 2595 desideramus
2495 2548 2660 2595 testes

208 2626 334 2689 primi
366 2628 579 2689 ordinis,
616 2630 653 2679 i.
679 2646 725 2680 e.
764 2630 1021 2696 aequales
1056 2630 1449 2695 Apostolorum,
1488 2630 1695 2680 nullum
1732 2631 1946 2696 quidem
1983 2631 2290 2695 reperimus.
2351 2629 2498 2680 Inter
2533 2646 2657 2696 sup-

208 2727 335 2775 pares
357 2730 493 2777 vero,
534 2717 625 2781 qui
650 2717 805 2766 initio
843 2717 1044 2767 saeculi
1082 2717 1303 2767 secundi
1333 2718 1481 2779 vixit,
1518 2718 1720 2781 primus
1745 2732 1802 2768 se
1827 2718 1984 2767 nobis
2008 2716 2162 2766 offert
2185 2718 2452 2782 Papias,
2491 2716 2656 2766 dicto-

206 2814 297 2847 mm
339 2806 491 2868 atque
539 2802 806 2853 factorum
842 2804 1258 2869 apostolicorum
1308 2808 1573 2854 scrutator
1622 2803 2082 2869 diligentissimus,
2135 2818 2290 2869 quem
2334 2820 2375 2853 s.
2401 2803 2656 2853 Irenaeus

206 2886 321 2949 apud
354 2888 661 2951 Eusebium,
700 2888 769 2938 H.
807 2891 872 2939 E.
910 2890 1009 2952 111,
1046 2890 1129 2940 39.
1168 2906 1220 2956 p.
1260 2892 1375 2940 110.
1413 2904 1455 2939 s.
1482 2890 1712 2940 Joannis
1744 2890 1846 2955 Ap.
1883 2890 2178 2939 auditorem
2217 2894 2270 2939 et
2305 2906 2346 2940 s.
2372 2890 2660 2956 Polycarpi

204 2974 391 3037 socium,
420 2976 705 3041 virumque
745 2978 1019 3041 antiquum
1048 2975 1299 3041 adpellat.
1338 2977 1443 3026 Hic
1465 2976 1648 3042 itaque
1673 2977 1888 3042 Papias,
1913 2977 1984 3026 ib.
2004 2993 2055 3042 p.
2079 2977 2194 3027 113.
2221 2976 2288 3025 de
2313 2975 2365 3028 S.
2385 2977 2658 3027 Matthaeo

210 3063 402 3111 testatur
434 3059 728 3123 „Matoafoq
768 3058 854 3130 μὲν
878 3054 963 3111 οὖν
988 3055 1175 3131 ἑβραΐδι
1208 3059 1449 3131 διαλέκτῳ
1472 3056 1533 3113 τὰ
1555 3058 1738 3131 λόγια
1772 3058 2122 3131 συνεγράψατο,
2157 3060 2430 3131 ἡρμήνευσε
2465 3061 2509 3112 δ’
2537 3058 2659 3113 αὐτὰ

204 3140 257 3201 ὦς
285 3138 337 3208 ἦν
368 3143 565 3208 δυνατὸς
604 3145 863 3208 ἕποιο-τος]ι
922 3150 1299 3201 Necessarium
1334 3166 1443 3199 non
1480 3156 1621 3199 esset
1658 3149 1722 3199 de
1759 3149 1926 3199 hocce
1961 3150 2261 3199 testimonio
2299 3150 2456 3215 plura
2490 3151 2656 3200 verba

202 3228 363 3295 faeere,
396 3236 499 3287 nisi
536 3237 747 3302 copiosi
784 3236 885 3285 viri
922 3236 1115 3286 eruditi
1140 3264 1207 3273 —-
1233 3236 1357 3286 inde
1393 3250 1428 3286 a
1463 3233 1966 3297 Schleiermachem,
1993 3236 2144 3287 Stud.
2181 3252 2232 3285 u.
2266 3236 2399 3286 Krit.
2427 3238 2578 3287 1832.
2603 3253 2656 3302 p.

204 3317 297 3367 735.
339 3320 475 3371 Einl.
500 3323 537 3371 i.
561 3323 631 3372 N.
660 3322 722 3371 Τ.
749 3322 832 3371 ed.
875 3322 937 3373 G.
975 3322 1185 3372 wolde.
1222 3321 1363 3372 Berl.
1405 3324 1556 3373 1845.
1593 3339 1646 3389 p.
1685 3325 1802 3373 240.
1838 3338 1880 3373 s.
1917 3322 2170 3372 videlicet
2215 3321 2656 3373 Schneckenbur-

378 3504 415 3569 ¹)
452 3504 533 3555 ef.
571 3504 797 3566 Buslav,
848 3504 972 3554 diss.
1016 3503 1083 3553 de
1132 3504 1318 3570 lingua
1365 3505 1493 3569 orig.
1540 3506 1642 3554 Ev.
1689 3520 1795 3555 sec.
1841 3504 2030 3554 Matth.
2079 3504 2226 3553 Vrat.
2275 3506 2425 3555 1826.
2470 3521 2523 3570 p.
2569 3506 2654 3555 63.

203 3584 371 3651 Schott,
406 3596 456 3641 u.
492 3592 544 3641 d.
582 3590 977 3641 Authenticitilt
1011 3591 1061 3640 d.
1098 3591 1153 3640 k.
1191 3592 1295 3640 Ev.
1329 3607 1381 3640 n.
1416 3590 1603 3641 Matth.
1636 3607 1686 3656 g.
1723 3592 1907 3656 Leipz.
1947 3592 2098 3641 183⁷.
2135 3606 2188 3657 p.
2227 3593 2312 3641 91.
2370 3591 2550 3641 Minus
2587 3590 2658 3640 ad

200 3680 529 3737 quaestionem
578 3679 723 3728 hanc
762 3678 1228 3728 demonstrandam
1263 3678 1469 3727 faciunt
1504 3677 1739 3742 allegata
1768 3693 1933 3743 penes
1969 3692 2011 3727 s.
2031 3677 2360 3727 Matthaeum
2387 3694 2450 3728 ex
2475 3679 2539 3728 V.
2565 3678 2657 3743 T.;

200 3762 305 3822 quia
334 3764 431 3813 iam
467 3780 591 3815 cum
632 3764 913 3830 originali,
952 3766 1059 3814 iam
1095 3780 1215 3814 cum
1251 3765 1509 3814 Vei-sione
1546 3763 1912 3814 Alexandrina
1949 3764 2290 3826 concordant,
2329 3779 2490 3830 saepe
2527 3780 2656 3813 neu-

200 3848 290 3897 tris.
320 3850 378 3899 V.
411 3852 657 3913 Patritii,
698 3851 763 3900 de
801 3852 901 3900 Ev.
939 3851 981 3900 1.
1021 3853 1067 3914 1,
1103 3853 1151 3900 6.
1188 3868 1239 3916 p.
1276 3852 1359 3901 22.
1398 3868 1440 3901 s.
1488 3852 1549 3900 R.
1586 3850 1781 3915 Anger,
1817 3852 1955 3901 ratio
1995 3864 2104 3916 qua
2137 3850 2243 3901 loci
2279 3852 2342 3899 V.
2367 3852 2430 3901 Τ.
2466 3852 2520 3899 in
2556 3851 2656 3901 Ev.

200 3930 421 3985 Matthaei
466 3938 780 3987 laudantur.
840 3937 987 4002 Lips.
1037 3938 1187 3987 1861.
1222 3940 1272 3987 2.
1307 3937 1349 3986 1.
1384 3936 1453 3986 ΙΙ.
1527 3936 1570 4001 ²)
1610 3936 1692 3985 Cf.
1733 3936 1788 3985 J.
1831 3936 1884 3985 S.
1925 3937 2222 3999 Assemani,
2258 3936 2511 3986 Biblioth.
2563 3935 2655 3986 Or.

208 4016 330 4071 Rom.
353 4024 499 4075 1719.
534 4024 639 4073 111.
678 4024 725 4085 1,
759 4025 807 4073 8.
842 4039 896 4072 n.
928 4024 977 4072 2.
1004 4040 1047 4073 s.
1084 4023 1339 4073 Kirstenii
1374 4022 1603 4072 Arabem
1641 4025 1696 4071 in
1732 4022 1866 4073 haec
1901 4024 2070 4073 verba
2104 4027 2466 4089 perorantem:
2508 4020 2655 4083 „Sin-

201 4106 341 4162 gulari
374 4110 475 4161 Dei
512 4111 899 4175 omnipotentis
936 4109 1177 4173 consili0,
1215 4110 1415 4159 factum
1452 4124 1569 4161 esse
1606 4116 1754 4175 puto,
1801 4111 1944 4176 quod
1979 4111 2164 4175 lingua
2199 4111 2394 4160 ebraea
2429 4112 2654 4174 primum

202 4190 515 4261 Evmgelium
561 4198 927 4262 conscriptum
962 4196 1151 4260 fuerit;
1196 4201 1256 4245 ut
1290 4198 1507 4262 inquam
1544 4196 1631 4245 hic
1668 4196 1901 4263 populus
1937 4196 2120 4259 lsrael,
2157 4198 2212 4245 in
2249 4194 2432 4245 ultimo
2471 4196 2655 4245 iudicii

202 4278 281 4340 die,
312 4297 371 4333 eo
402 4286 579 4335 minus
618 4284 983 4334 excusationis
1016 4282 1217 4333 habere
1254 4285 1471 4349 possit.“
1511 4300 1565 4349 p.
1602 4285 1686 4333 29.
1743 4284 1782 4348 ³)
1821 4284 1972 4345 Quae
2007 4283 2114 4349 legi
2151 4288 2376 4348 possunt
2411 4283 2555 4349 apud
2591 4284 2654 4333 R.

203 4360 365 4431 Simon,
412 4371 481 4420 H.
529 4387 579 4421 c.
629 4371 681 4421 d.
723 4376 762 4420 t.
814 4369 865 4419 d.
912 4370 979 4419 N.
1016 4370 1097 4431 T„
1134 4386 1187 4435 p.
1225 4372 1341 4419 102.
1400 4370 1451 4419 J.
1494 4370 1562 4419 D.
1598 4370 1896 4432 Michaelis,
1945 4368 2088 4419 Einl.
2126 4372 2174 4431 ξ.
2216 4370 2332 4420 128.
2368 4388 2421 4437 p.
2462 4373 2577 4421 127.
2613 4384 2657 4421 s.

202 4450 233 4513 ι)
276 4454 345 4505 Ita
384 4460 573 4508 statuit
620 4448 675 4507 J.
726 4458 793 4507 N.
839 4456 1144 4518 Pleischer,
1195 4456 1260 4505 de
1308 4456 1607 4522 Evangelio
1655 4456 1914 4507 Matthaei
1971 4456 2240 4507 hebraico.
2305 4457 2452 4523 Lips.
2507 4459 2656 4508 1764.

200 4552 239 4599 P·
263 4544 331 4590 12.
385 4545 427 4609 ⁵)
462 4546 823 4609 Quocumque
861 4543 1071 4593 demum
1106 4544 1396 4608 interprete
1422 4544 1491 4592 sit
1514 4543 1684 4605 facta3
1720 4544 1857 4592 varii
1883 4544 2022 4592 enim
2047 4544 2211 4592 variis
2235 4542 2382 4593 illam
2419 4543 2656 4594 vindica-

200 4633 310 4677 runt.
354 4630 667 4696 Nuperrime
693 4632 856 4696 Sepp,
893 4628 1083 4679 Gesch.
1111 4629 1161 4679 d.
1186 4630 1285 4695 Ap.
1312 4628 1506 4679 Schafl‘.
1535 4630 1686 4679 1866.
1711 4646 1762 4695 p.
1787 4629 1982 4679 XXIX.
2010 4646 2052 4679 s.
2081 4628 2329 4696 Philippo
2359 4630 2658 4695 adscripsit.
