<?xml version="1.0" encoding="UTF-8"?>
<!DOCTYPE html PUBLIC "-//W3C//DTD XHTML 1.0 Transitional//EN"
    "http://www.w3.org/TR/xhtml1/DTD/xhtml1-transitional.dtd">
<html xmlns="http://www.w3.org/1999/xhtml" xml:lang="en" lang="en">
 <head>
  <title>
</title>
<meta http-equiv="Content-Type" content="text/html;charset=utf-8" />
  <meta name='ocr-system' content='tesseract 3.04.00' />
  <meta name='ocr-capabilities' content='ocr_page ocr_carea ocr_par ocr_line ocrx_word'/>
</head>
<body>
  <div class='ocr_page' id='page_1' title='image "./historiarevelat00unkngoog_0367.png"; bbox 0 0 3267 5259; ppageno 0'>
   <div class='ocr_carea' id='block_1_1' title="bbox 1020 414 2684 481">
    <p class='ocr_par' dir='ltr' id='par_1_1' title="bbox 1020 414 2684 481">
     <span class='ocr_line' id='line_1_1' title="bbox 1020 414 2684 481; baseline 0.007 -12"><span class='ocrx_word' id='word_1_1' title='bbox 1020 427 1187 469; x_wconf 75' lang='lat' dir='ltr'><strong>christi</strong></span> <span class='ocrx_word' id='word_1_2' title='bbox 1223 438 1357 471; x_wconf 76' lang='lat' dir='ltr'><strong>coena</strong></span> <span class='ocrx_word' id='word_1_3' title='bbox 1383 426 1582 479; x_wconf 63' lang='lat' dir='ltr'><strong>legitime</strong></span> <span class='ocrx_word' id='word_1_4' title='bbox 1617 428 1858 478; x_wconf 73' lang='lat' dir='ltr'><strong>paschalis.</strong></span> <span class='ocrx_word' id='word_1_5' title='bbox 2557 414 2684 481; x_wconf 78' lang='lat'><strong>239</strong></span> 
     </span>
    </p>
   </div>
   <div class='ocr_carea' id='block_1_2' title="bbox 222 606 2688 4639">
    <p class='ocr_par' dir='ltr' id='par_1_2' title="bbox 222 606 2688 4639">
     <span class='ocr_line' id='line_1_2' title="bbox 230 606 2685 683; baseline 0 -18"><span class='ocrx_word' id='word_1_6' title='bbox 230 610 405 665; x_wconf 86' lang='lat' dir='ltr'><strong>batum</strong></span> <span class='ocrx_word' id='word_1_7' title='bbox 446 612 547 677; x_wconf 89' lang='lat' dir='ltr'><strong>est,</strong></span> <span class='ocrx_word' id='word_1_8' title='bbox 594 607 855 681; x_wconf 71' lang='lat' dir='ltr'><strong>profecto</strong></span> <span class='ocrx_word' id='word_1_9' title='bbox 898 606 1209 665; x_wconf 88' lang='lat' dir='ltr'><strong>consilium</strong></span> <span class='ocrx_word' id='word_1_10' title='bbox 1254 611 1535 681; x_wconf 85' lang='lat' dir='ltr'><strong>ceperunt</strong></span> <span class='ocrx_word' id='word_1_11' title='bbox 1592 612 1662 664; x_wconf 90' lang='lat' dir='ltr'><strong>ut</strong></span> <span class='ocrx_word' id='word_1_12' title='bbox 1705 606 1870 682; x_wconf 92' lang='lat' dir='ltr'><strong>prior</strong></span> <span class='ocrx_word' id='word_1_13' title='bbox 1913 606 2247 677; x_wconf 89' lang='lat' dir='ltr'><strong>solennitas,</strong></span> <span class='ocrx_word' id='word_1_14' title='bbox 2296 625 2445 683; x_wconf 83' lang='lat' dir='ltr'><strong>quae</strong></span> <span class='ocrx_word' id='word_1_15' title='bbox 2490 607 2553 663; x_wconf 90' lang='lat' dir='ltr'><strong>in</strong></span> <span class='ocrx_word' id='word_1_16' title='bbox 2599 608 2685 665; x_wconf 84' lang='lat' dir='ltr'><strong>fe-</strong></span> 
     </span>
     <span class='ocr_line' id='line_1_3' title="bbox 230 710 2685 787; baseline -0.001 -18"><span class='ocrx_word' id='word_1_17' title='bbox 230 714 357 769; x_wconf 85' lang='lat' dir='ltr'><strong>riam</strong></span> <span class='ocrx_word' id='word_1_18' title='bbox 390 716 611 769; x_wconf 85' lang='lat' dir='ltr'><strong>sextam</strong></span> <span class='ocrx_word' id='word_1_19' title='bbox 642 711 991 781; x_wconf 83' lang='lat' dir='ltr'><strong>incurreret,</strong></span> <span class='ocrx_word' id='word_1_20' title='bbox 1040 712 1103 767; x_wconf 91' lang='lat' dir='ltr'><strong>in</strong></span> <span class='ocrx_word' id='word_1_21' title='bbox 1133 711 1443 769; x_wconf 88' lang='lat' dir='ltr'><strong>sabbatum</strong></span> <span class='ocrx_word' id='word_1_22' title='bbox 1482 710 1840 769; x_wconf 88' lang='lat' dir='ltr'><strong>differretur.</strong></span> <span class='ocrx_word' id='word_1_23' title='bbox 1887 711 2073 787; x_wconf 89' lang='lat' dir='ltr'><strong>quue</strong></span> <span class='ocrx_word' id='word_1_24' title='bbox 2104 711 2230 768; x_wconf 92' lang='lat' dir='ltr'><strong>ideo</strong></span> <span class='ocrx_word' id='word_1_25' title='bbox 2260 712 2412 787; x_wconf 85' lang='lat' dir='ltr'><strong>quod</strong></span> <span class='ocrx_word' id='word_1_26' title='bbox 2442 730 2685 769; x_wconf 88' lang='lat' dir='ltr'><strong>messem</strong></span> 
     </span>
     <span class='ocr_line' id='line_1_4' title="bbox 231 813 2686 891; baseline -0 -17"><span class='ocrx_word' id='word_1_27' title='bbox 231 817 621 874; x_wconf 73' lang='lat' dir='ltr'><strong>oblationemve</strong></span> <span class='ocrx_word' id='word_1_28' title='bbox 680 815 973 890; x_wconf 77' lang='lat' dir='ltr'><strong>manipuli</strong></span> <span class='ocrx_word' id='word_1_29' title='bbox 1033 816 1271 873; x_wconf 91' lang='lat' dir='ltr'><strong>sabbato</strong></span> <span class='ocrx_word' id='word_1_30' title='bbox 1331 814 1461 873; x_wconf 86' lang='lat' dir='ltr'><strong>fieri</strong></span> <span class='ocrx_word' id='word_1_31' title='bbox 1524 814 1686 873; x_wconf 86' lang='lat' dir='ltr'><strong>nefas</strong></span> <span class='ocrx_word' id='word_1_32' title='bbox 1731 820 1894 873; x_wconf 88' lang='lat' dir='ltr'><strong>esset.</strong></span> <span class='ocrx_word' id='word_1_33' title='bbox 1957 813 2238 891; x_wconf 77' lang='lat' dir='ltr'><strong>Alioquin</strong></span> <span class='ocrx_word' id='word_1_34' title='bbox 2281 816 2404 890; x_wconf 89' lang='lat' dir='ltr'><strong>ipso</strong></span> <span class='ocrx_word' id='word_1_35' title='bbox 2447 816 2686 873; x_wconf 87' lang='lat' dir='ltr'><strong>sabbato</strong></span> 
     </span>
     <span class='ocr_line' id='line_1_5' title="bbox 236 917 2684 996; baseline -0.001 -17"><span class='ocrx_word' id='word_1_36' title='bbox 236 922 333 979; x_wconf 76' lang='lat' dir='ltr'><strong>viri</strong></span> <span class='ocrx_word' id='word_1_37' title='bbox 374 920 647 979; x_wconf 85' lang='lat' dir='ltr'><strong>rusticani</strong></span> <span class='ocrx_word' id='word_1_38' title='bbox 694 940 813 978; x_wconf 89' lang='lat' dir='ltr'><strong>non</strong></span> <span class='ocrx_word' id='word_1_39' title='bbox 857 919 1045 977; x_wconf 88' lang='lat' dir='ltr'><strong>solum</strong></span> <span class='ocrx_word' id='word_1_40' title='bbox 1088 919 1155 976; x_wconf 91' lang='lat' dir='ltr'><strong>in</strong></span> <span class='ocrx_word' id='word_1_41' title='bbox 1198 939 1338 993; x_wconf 84' lang='lat' dir='ltr'><strong>agro</strong></span> <span class='ocrx_word' id='word_1_42' title='bbox 1382 924 1686 992; x_wconf 87' lang='lat' dir='ltr'><strong>meterent,</strong></span> <span class='ocrx_word' id='word_1_43' title='bbox 1741 938 1997 996; x_wconf 88' lang='lat' dir='ltr'><strong>opusque</strong></span> <span class='ocrx_word' id='word_1_44' title='bbox 2053 917 2263 979; x_wconf 81' lang='lat' dir='ltr'><strong>servile</strong></span> <span class='ocrx_word' id='word_1_45' title='bbox 2304 924 2684 994; x_wconf 78' lang='lat' dir='ltr'><strong>praestarent,</strong></span> 
     </span>
     <span class='ocr_line' id='line_1_6' title="bbox 234 1023 2685 1101; baseline 0 -20"><span class='ocrx_word' id='word_1_46' title='bbox 234 1027 361 1100; x_wconf 87' lang='lat' dir='ltr'><strong>quod</strong></span> <span class='ocrx_word' id='word_1_47' title='bbox 400 1026 634 1083; x_wconf 84' lang='lat' dir='ltr'><strong>sabbato</strong></span> <span class='ocrx_word' id='word_1_48' title='bbox 680 1024 973 1100; x_wconf 85' lang='lat' dir='ltr'><strong>perficere,</strong></span> <span class='ocrx_word' id='word_1_49' title='bbox 1035 1029 1573 1101; x_wconf 90' lang='lat' dir='ltr'><strong>quantumcumque</strong></span> <span class='ocrx_word' id='word_1_50' title='bbox 1618 1023 1956 1098; x_wconf 86' lang='lat' dir='ltr'><strong>religiosum</strong></span> <span class='ocrx_word' id='word_1_51' title='bbox 1998 1042 2140 1099; x_wconf 88' lang='lat' dir='ltr'><strong>opus</strong></span> <span class='ocrx_word' id='word_1_52' title='bbox 2185 1023 2504 1096; x_wconf 76' lang='lat' dir='ltr'><strong>videretur,</strong></span> <span class='ocrx_word' id='word_1_53' title='bbox 2569 1044 2685 1082; x_wconf 90' lang='lat' dir='ltr'><strong>non</strong></span> 
     </span>
     <span class='ocr_line' id='line_1_7' title="bbox 238 1127 2686 1201; baseline -0.001 -16"><span class='ocrx_word' id='word_1_54' title='bbox 238 1128 399 1200; x_wconf 84' lang='lat' dir='ltr'><strong>licuit,</strong></span> <span class='ocrx_word' id='word_1_55' title='bbox 444 1129 576 1187; x_wconf 83' lang='lat' dir='ltr'><strong>solis</strong></span> <span class='ocrx_word' id='word_1_56' title='bbox 620 1130 1013 1187; x_wconf 83' lang='lat' dir='ltr'><strong>sacerdotibus</strong></span> <span class='ocrx_word' id='word_1_57' title='bbox 1052 1134 1197 1187; x_wconf 85' lang='lat' dir='ltr'><strong>teste</strong></span> <span class='ocrx_word' id='word_1_58' title='bbox 1226 1128 1457 1187; x_wconf 88' lang='lat' dir='ltr'><strong>Christo</strong></span> <span class='ocrx_word' id='word_1_59' title='bbox 1502 1128 1712 1185; x_wconf 90' lang='lat' dir='ltr'><strong>demtis</strong></span> <span class='ocrx_word' id='word_1_60' title='bbox 1755 1128 1970 1186; x_wconf 86' lang='lat' dir='ltr'><strong>Matth.</strong></span> <span class='ocrx_word' id='word_1_61' title='bbox 2024 1131 2121 1198; x_wconf 91' lang='lat'><strong>12,</strong></span> <span class='ocrx_word' id='word_1_62' title='bbox 2158 1130 2218 1184; x_wconf 87' lang='lat'><strong>5.</strong></span> <span class='ocrx_word' id='word_1_63' title='bbox 2265 1128 2418 1199; x_wconf 84' lang='lat' dir='ltr'><strong>,Non</strong></span> <span class='ocrx_word' id='word_1_64' title='bbox 2464 1127 2686 1201; x_wconf 78' lang='lat' dir='ltr'><strong>legistis</strong></span> 
     </span>
     <span class='ocr_line' id='line_1_8' title="bbox 236 1230 2684 1310; baseline -0 -21"><span class='ocrx_word' id='word_1_65' title='bbox 236 1234 285 1290; x_wconf 87' lang='lat' dir='ltr'><strong>in</strong></span> <span class='ocrx_word' id='word_1_66' title='bbox 328 1233 459 1307; x_wconf 75' lang='lat' dir='ltr'><strong>lege,</strong></span> <span class='ocrx_word' id='word_1_67' title='bbox 505 1233 643 1310; x_wconf 89' lang='lat' dir='ltr'><strong>quia</strong></span> <span class='ocrx_word' id='word_1_68' title='bbox 686 1235 947 1292; x_wconf 78' lang='lat' dir='ltr'><strong>sabbatis</strong></span> <span class='ocrx_word' id='word_1_69' title='bbox 990 1234 1312 1291; x_wconf 73' lang='lat' dir='ltr'><strong>sacerdotes</strong></span> <span class='ocrx_word' id='word_1_70' title='bbox 1356 1235 1421 1290; x_wconf 92' lang='lat' dir='ltr'><strong>in</strong></span> <span class='ocrx_word' id='word_1_71' title='bbox 1453 1232 1670 1309; x_wconf 88' lang='lat' dir='ltr'><strong>templo</strong></span> <span class='ocrx_word' id='word_1_72' title='bbox 1701 1234 2008 1290; x_wconf 86' lang='lat' dir='ltr'><strong>sabbatum</strong></span> <span class='ocrx_word' id='word_1_73' title='bbox 2035 1230 2280 1303; x_wconf 80' lang='lat' dir='ltr'><strong>violant,</strong></span> <span class='ocrx_word' id='word_1_74' title='bbox 2328 1237 2389 1289; x_wconf 89' lang='lat' dir='ltr'><strong>et</strong></span> <span class='ocrx_word' id='word_1_75' title='bbox 2413 1233 2540 1289; x_wconf 88' lang='lat' dir='ltr'><strong>sine</strong></span> <span class='ocrx_word' id='word_1_76' title='bbox 2569 1232 2684 1289; x_wconf 92' lang='lat' dir='ltr'><strong>cri-</strong></span> 
     </span>
     <span class='ocr_line' id='line_1_9' title="bbox 230 1335 2686 1413; baseline 0 -20"><span class='ocrx_word' id='word_1_77' title='bbox 230 1338 363 1395; x_wconf 86' lang='lat' dir='ltr'><strong>mine</strong></span> <span class='ocrx_word' id='word_1_78' title='bbox 402 1340 577 1395; x_wconf 68' lang='lat' dir='ltr'><strong>sunt!</strong></span> <span class='ocrx_word' id='word_1_79' title='bbox 626 1336 772 1397; x_wconf 85' lang='lat' dir='ltr'><strong>coll.</strong></span> <span class='ocrx_word' id='word_1_80' title='bbox 820 1338 997 1395; x_wconf 86' lang='lat' dir='ltr'><strong>Num.</strong></span> <span class='ocrx_word' id='word_1_81' title='bbox 1050 1342 1153 1408; x_wconf 87' lang='lat'><strong>28,</strong></span> <span class='ocrx_word' id='word_1_82' title='bbox 1204 1342 1261 1395; x_wconf 88' lang='grc'><strong>9.</strong></span> <span class='ocrx_word' id='word_1_83' title='bbox 1308 1336 1419 1395; x_wconf 83' lang='lat' dir='ltr'><strong>Sed</strong></span> <span class='ocrx_word' id='word_1_84' title='bbox 1463 1338 1574 1395; x_wconf 91' lang='lat' dir='ltr'><strong>hoc</strong></span> <span class='ocrx_word' id='word_1_85' title='bbox 1616 1338 1684 1395; x_wconf 89' lang='lat' dir='ltr'><strong>in</strong></span> <span class='ocrx_word' id='word_1_86' title='bbox 1729 1336 1946 1411; x_wconf 91' lang='lat' dir='ltr'><strong>templo</strong></span> <span class='ocrx_word' id='word_1_87' title='bbox 1991 1338 2214 1413; x_wconf 87' lang='lat' dir='ltr'><strong>utique,</strong></span> <span class='ocrx_word' id='word_1_88' title='bbox 2270 1354 2386 1393; x_wconf 87' lang='lat' dir='ltr'><strong>non</strong></span> <span class='ocrx_word' id='word_1_89' title='bbox 2429 1335 2497 1394; x_wconf 90' lang='lat' dir='ltr'><strong>in</strong></span> <span class='ocrx_word' id='word_1_90' title='bbox 2541 1336 2686 1393; x_wconf 91' lang='lat' dir='ltr'><strong>urbe</strong></span> 
     </span>
     <span class='ocr_line' id='line_1_10' title="bbox 228 1438 2681 1517; baseline 0.001 -22"><span class='ocrx_word' id='word_1_91' title='bbox 228 1440 307 1497; x_wconf 75' lang='lat' dir='ltr'><strong>rel</strong></span> <span class='ocrx_word' id='word_1_92' title='bbox 344 1460 493 1517; x_wconf 86' lang='lat' dir='ltr'><strong>agro.</strong></span> <span class='ocrx_word' id='word_1_93' title='bbox 566 1442 811 1501; x_wconf 77' lang='lat' dir='ltr'><strong>Accedit</strong></span> <span class='ocrx_word' id='word_1_94' title='bbox 852 1442 1093 1500; x_wconf 85' lang='lat' dir='ltr'><strong>Judaeis</strong></span> <span class='ocrx_word' id='word_1_95' title='bbox 1151 1443 1331 1501; x_wconf 89' lang='lat' dir='ltr'><strong>etiam</strong></span> <span class='ocrx_word' id='word_1_96' title='bbox 1396 1442 1650 1500; x_wconf 85' lang='lat' dir='ltr'><strong>vetitum</strong></span> <span class='ocrx_word' id='word_1_97' title='bbox 1709 1442 1888 1500; x_wconf 84' lang='lat' dir='ltr'><strong>fuisse</strong></span> <span class='ocrx_word' id='word_1_98' title='bbox 1932 1442 2048 1499; x_wconf 77' lang='lat' dir='ltr'><strong>iter</strong></span> <span class='ocrx_word' id='word_1_99' title='bbox 2091 1440 2381 1515; x_wconf 78' lang='lat' dir='ltr'><strong>suscipere</strong></span> <span class='ocrx_word' id='word_1_100' title='bbox 2434 1438 2681 1513; x_wconf 85' lang='lat' dir='ltr'><strong>longius,</strong></span> 
     </span>
     <span class='ocr_line' id='line_1_11' title="bbox 231 1544 2688 1623; baseline -0.001 -20"><span class='ocrx_word' id='word_1_101' title='bbox 231 1566 379 1621; x_wconf 84' lang='lat' dir='ltr'><strong>quam</strong></span> <span class='ocrx_word' id='word_1_102' title='bbox 433 1546 546 1604; x_wconf 85' lang='lat' dir='ltr'><strong>ite-r</strong></span> <span class='ocrx_word' id='word_1_103' title='bbox 608 1548 871 1617; x_wconf 82' lang='lat' dir='ltr'><strong>sabbati3</strong></span> <span class='ocrx_word' id='word_1_104' title='bbox 932 1550 1066 1606; x_wconf 86' lang='lat' dir='ltr'><strong>Act.</strong></span> <span class='ocrx_word' id='word_1_105' title='bbox 1122 1552 1175 1617; x_wconf 87' lang='lat'><strong>1,</strong></span> <span class='ocrx_word' id='word_1_106' title='bbox 1230 1552 1329 1604; x_wconf 88' lang='lat'><strong>12.</strong></span> <span class='ocrx_word' id='word_1_107' title='bbox 1390 1548 1543 1623; x_wconf 91' lang='lat' dir='ltr'><strong>quod</strong></span> <span class='ocrx_word' id='word_1_108' title='bbox 1606 1545 1772 1603; x_wconf 90' lang='lat' dir='ltr'><strong>mille</strong></span> <span class='ocrx_word' id='word_1_109' title='bbox 1832 1544 2096 1621; x_wconf 83' lang='lat' dir='ltr'><strong>passibus</strong></span> <span class='ocrx_word' id='word_1_110' title='bbox 2155 1564 2232 1603; x_wconf 83' lang='lat' dir='ltr'><strong>ex</strong></span> <span class='ocrx_word' id='word_1_111' title='bbox 2289 1544 2688 1620; x_wconf 88' lang='lat' dir='ltr'><strong>receptissima</strong></span> 
     </span>
     <span class='ocr_line' id='line_1_12' title="bbox 230 1648 2680 1725; baseline 0 -19"><span class='ocrx_word' id='word_1_112' title='bbox 230 1650 513 1708; x_wconf 79' lang='lat' dir='ltr'><strong>traditione</strong></span> <span class='ocrx_word' id='word_1_113' title='bbox 574 1652 929 1709; x_wconf 84' lang='lat' dir='ltr'><strong>continetur.</strong></span> <span class='ocrx_word' id='word_1_114' title='bbox 1020 1650 1148 1713; x_wconf 81' lang='lat' dir='ltr'><strong>Quo</strong></span> <span class='ocrx_word' id='word_1_115' title='bbox 1204 1650 1394 1725; x_wconf 89' lang='lat' dir='ltr'><strong>igitur</strong></span> <span class='ocrx_word' id='word_1_116' title='bbox 1450 1669 1605 1708; x_wconf 89' lang='lat' dir='ltr'><strong>anno</strong></span> <span class='ocrx_word' id='word_1_117' title='bbox 1663 1650 2030 1723; x_wconf 87' lang='lat' dir='ltr'><strong>contingeret</strong></span> <span class='ocrx_word' id='word_1_118' title='bbox 2089 1649 2312 1707; x_wconf 79' lang='lat' dir='ltr'><strong>Pascha</strong></span> <span class='ocrx_word' id='word_1_119' title='bbox 2353 1648 2506 1707; x_wconf 87' lang='lat' dir='ltr'><strong>feria</strong></span> <span class='ocrx_word' id='word_1_120' title='bbox 2553 1648 2680 1721; x_wconf 92' lang='lat' dir='ltr'><strong>VI.,</strong></span> 
     </span>
     <span class='ocr_line' id='line_1_13' title="bbox 228 1752 2684 1841; baseline 0 -30"><span class='ocrx_word' id='word_1_121' title='bbox 228 1774 280 1811; x_wconf 80' lang='lat' dir='ltr'><strong>eo</strong></span> <span class='ocrx_word' id='word_1_122' title='bbox 317 1774 459 1813; x_wconf 89' lang='lat' dir='ltr'><strong>anno</strong></span> <span class='ocrx_word' id='word_1_123' title='bbox 500 1755 880 1813; x_wconf 86' lang='lat' dir='ltr'><strong>Neomeniam</strong></span> <span class='ocrx_word' id='word_1_124' title='bbox 924 1775 1041 1814; x_wconf 91' lang='lat' dir='ltr'><strong>non</strong></span> <span class='ocrx_word' id='word_1_125' title='bbox 1073 1775 1109 1812; x_wconf 90' lang='lat' dir='ltr'><strong>a</strong></span> <span class='ocrx_word' id='word_1_126' title='bbox 1138 1754 1277 1829; x_wconf 88' lang='lat' dir='ltr'><strong>iugo</strong></span> <span class='ocrx_word' id='word_1_127' title='bbox 1320 1756 1418 1813; x_wconf 90' lang='lat' dir='ltr'><strong>sed</strong></span> <span class='ocrx_word' id='word_1_128' title='bbox 1462 1774 1499 1812; x_wconf 88' lang='lat' dir='ltr'><strong>a</strong></span> <span class='ocrx_word' id='word_1_129' title='bbox 1544 1753 1707 1841; x_wconf 77' lang='grc' dir='ltr'>φάσει</span> <span class='ocrx_word' id='word_1_130' title='bbox 1750 1758 1974 1830; x_wconf 88' lang='lat' dir='ltr'><strong>putata,</strong></span> <span class='ocrx_word' id='word_1_131' title='bbox 2023 1752 2198 1827; x_wconf 80' lang='lat' dir='ltr'><strong>defigi</strong></span> <span class='ocrx_word' id='word_1_132' title='bbox 2231 1752 2492 1828; x_wconf 84' lang='lat' dir='ltr'><strong>oportuit</strong></span> <span class='ocrx_word' id='word_1_133' title='bbox 2519 1752 2556 1810; x_wconf 89' lang='lat' dir='ltr'><strong>J</strong></span> <span class='ocrx_word' id='word_1_134' title='bbox 2557 1772 2684 1811; x_wconf 88' lang='lat' dir='ltr'><strong>ero-</strong></span> 
     </span>
     <span class='ocr_line' id='line_1_14' title="bbox 228 1856 2685 1934; baseline 0 -21"><span class='ocrx_word' id='word_1_135' title='bbox 228 1857 452 1934; x_wconf 79' lang='lat' dir='ltr'><strong>solymis,</strong></span> <span class='ocrx_word' id='word_1_136' title='bbox 498 1865 556 1917; x_wconf 88' lang='lat' dir='ltr'><strong>et</strong></span> <span class='ocrx_word' id='word_1_137' title='bbox 598 1859 685 1917; x_wconf 90' lang='lat' dir='ltr'><strong>sic</strong></span> <span class='ocrx_word' id='word_1_138' title='bbox 726 1878 845 1917; x_wconf 91' lang='lat' dir='ltr'><strong>uno</strong></span> <span class='ocrx_word' id='word_1_139' title='bbox 890 1859 985 1917; x_wconf 91' lang='lat' dir='ltr'><strong>die</strong></span> <span class='ocrx_word' id='word_1_140' title='bbox 1030 1859 1255 1917; x_wconf 87' lang='lat' dir='ltr'><strong>Pascha</strong></span> <span class='ocrx_word' id='word_1_141' title='bbox 1295 1858 1604 1917; x_wconf 84' lang='lat' dir='ltr'><strong>removeri.</strong></span> <span class='ocrx_word' id='word_1_142' title='bbox 1682 1857 1812 1916; x_wconf 87' lang='lat' dir='ltr'><strong>Hoc</strong></span> <span class='ocrx_word' id='word_1_143' title='bbox 1861 1857 2012 1915; x_wconf 89' lang='lat' dir='ltr'><strong>illud</strong></span> <span class='ocrx_word' id='word_1_144' title='bbox 2055 1858 2342 1915; x_wconf 89' lang='lat' dir='ltr'><strong>nimirum</strong></span> <span class='ocrx_word' id='word_1_145' title='bbox 2403 1856 2685 1933; x_wconf 89' lang='lat' dir='ltr'><strong>placitum</strong></span> 
     </span>
     <span class='ocr_line' id='line_1_15' title="bbox 228 1960 2682 2041; baseline 0 -24"><span class='ocrx_word' id='word_1_146' title='bbox 228 1970 312 2032; x_wconf 70' lang='lat' dir='ltr'><strong>est,</strong></span> <span class='ocrx_word' id='word_1_147' title='bbox 352 1965 495 2040; x_wconf 86' lang='lat' dir='ltr'><strong>quod</strong></span> <span class='ocrx_word' id='word_1_148' title='bbox 522 1964 700 2021; x_wconf 82' lang='lat' dir='ltr'><strong>habet</strong></span> <span class='ocrx_word' id='word_1_149' title='bbox 740 1965 985 2041; x_wconf 87' lang='lat' dir='ltr'><strong>antiqua</strong></span> <span class='ocrx_word' id='word_1_150' title='bbox 1014 1962 1257 2021; x_wconf 89' lang='lat' dir='ltr'><strong>traditio</strong></span> <span class='ocrx_word' id='word_1_151' title='bbox 1283 1963 1321 2019; x_wconf 88' lang='lat' dir='ltr'>J</span> <span class='ocrx_word' id='word_1_152' title='bbox 1322 1964 1674 2021; x_wconf 83' lang='lat' dir='ltr'><strong>udaeorum:</strong></span> <span class='ocrx_word' id='word_1_153' title='bbox 1717 1963 1808 2019; x_wconf 86' lang='lat' dir='ltr'><strong>Ne</strong></span> <span class='ocrx_word' id='word_1_154' title='bbox 1847 1962 1996 2019; x_wconf 90' lang='lat' dir='ltr'><strong>festa</strong></span> <span class='ocrx_word' id='word_1_155' title='bbox 2023 1963 2139 2019; x_wconf 91' lang='lat' dir='ltr'><strong>duo</strong></span> <span class='ocrx_word' id='word_1_156' title='bbox 2169 1960 2448 2019; x_wconf 86' lang='lat' dir='ltr'><strong>continua</strong></span> <span class='ocrx_word' id='word_1_157' title='bbox 2477 1960 2682 2018; x_wconf 88' lang='lat' dir='ltr'><strong>sunto!</strong></span> 
     </span>
     <span class='ocr_line' id='line_1_16' title="bbox 228 2064 2682 2143; baseline -0.002 -16"><span class='ocrx_word' id='word_1_158' title='bbox 228 2064 369 2127; x_wconf 82' lang='lat' dir='ltr'><strong>Quod</strong></span> <span class='ocrx_word' id='word_1_159' title='bbox 424 2067 611 2143; x_wconf 89' lang='lat' dir='ltr'><strong>ipsum</strong></span> <span class='ocrx_word' id='word_1_160' title='bbox 668 2066 1143 2125; x_wconf 78' lang='lat' dir='ltr'><strong>animadvertens</strong></span> <span class='ocrx_word' id='word_1_161' title='bbox 1204 2087 1251 2125; x_wconf 89' lang='lat' dir='ltr'><strong>s.</strong></span> <span class='ocrx_word' id='word_1_162' title='bbox 1297 2066 1486 2124; x_wconf 86' lang='lat' dir='ltr'><strong>Lucas</strong></span> <span class='ocrx_word' id='word_1_163' title='bbox 1540 2065 1938 2141; x_wconf 77' lang='lat' dir='ltr'><strong>Evangelista,</strong></span> <span class='ocrx_word' id='word_1_164' title='bbox 1997 2086 2043 2124; x_wconf 85' lang='lat' dir='ltr'><strong>s.</strong></span> <span class='ocrx_word' id='word_1_165' title='bbox 2089 2064 2272 2123; x_wconf 84' lang='lat' dir='ltr'><strong>Marci</strong></span> <span class='ocrx_word' id='word_1_166' title='bbox 2329 2064 2682 2123; x_wconf 89' lang='lat' dir='ltr'><strong>locutionem</strong></span> 
     </span>
     <span class='ocr_line' id='line_1_17' title="bbox 232 2166 2681 2248; baseline -0 -23"><span class='ocrx_word' id='word_1_167' title='bbox 232 2174 312 2239; x_wconf 84' lang='lat'><strong>14,</strong></span> <span class='ocrx_word' id='word_1_168' title='bbox 355 2176 449 2229; x_wconf 83' lang='lat'><strong>12.</strong></span> <span class='ocrx_word' id='word_1_169' title='bbox 494 2172 705 2247; x_wconf 88' lang='lat' dir='ltr'><strong>,primo</strong></span> <span class='ocrx_word' id='word_1_170' title='bbox 764 2172 859 2229; x_wconf 90' lang='lat' dir='ltr'><strong>die</strong></span> <span class='ocrx_word' id='word_1_171' title='bbox 903 2188 1243 2248; x_wconf 82' lang='lat' dir='ltr'><strong>azymorum</strong></span> <span class='ocrx_word' id='word_1_172' title='bbox 1288 2171 1517 2248; x_wconf 87' lang='lat' dir='ltr'><strong>quando</strong></span> <span class='ocrx_word' id='word_1_173' title='bbox 1561 2172 1788 2228; x_wconf 81' lang='lat' dir='ltr'><strong>Pascha</strong></span> <span class='ocrx_word' id='word_1_174' title='bbox 1830 2169 2216 2228; x_wconf 82' lang='lat' dir='ltr'><strong>immolabant</strong></span> <span class='ocrx_word' id='word_1_175' title='bbox 2261 2166 2372 2245; x_wconf 75' lang='grc' dir='ltr'><strong>,ὅτε</strong></span> <span class='ocrx_word' id='word_1_176' title='bbox 2399 2166 2462 2225; x_wconf 70' lang='grc' dir='ltr'><strong>τὸ</strong></span> <span class='ocrx_word' id='word_1_177' title='bbox 2489 2167 2681 2244; x_wconf 79' lang='grc' dir='ltr'>πάσχα</span> 
     </span>
     <span class='ocr_line' id='line_1_18' title="bbox 230 2270 2680 2351; baseline 0.001 -23"><span class='ocrx_word' id='word_1_178' title='bbox 230 2270 395 2349; x_wconf 43' lang='lat' dir='ltr'><strong>{fi-mg</strong></span> <span class='ocrx_word' id='word_1_179' title='bbox 438 2276 755 2350; x_wconf 81' lang='lat' dir='ltr'><strong>prudenter</strong></span> <span class='ocrx_word' id='word_1_180' title='bbox 798 2275 1053 2334; x_wconf 86' lang='lat' dir='ltr'><strong>declarat</strong></span> <span class='ocrx_word' id='word_1_181' title='bbox 1101 2280 1201 2345; x_wconf 88' lang='lat'><strong>22,</strong></span> <span class='ocrx_word' id='word_1_182' title='bbox 1256 2280 1311 2333; x_wconf 81' lang='lat'><strong>7.</strong></span> <span class='ocrx_word' id='word_1_183' title='bbox 1379 2274 1565 2346; x_wconf 83' lang='lat' dir='ltr'><strong>‚venit</strong></span> <span class='ocrx_word' id='word_1_184' title='bbox 1624 2280 1820 2333; x_wconf 89' lang='lat' dir='ltr'><strong>autem</strong></span> <span class='ocrx_word' id='word_1_185' title='bbox 1875 2275 1998 2332; x_wconf 89' lang='lat' dir='ltr'><strong>dies</strong></span> <span class='ocrx_word' id='word_1_186' title='bbox 2043 2292 2404 2351; x_wconf 76' lang='lat' dir='ltr'><strong>azymorum,</strong></span> <span class='ocrx_word' id='word_1_187' title='bbox 2452 2272 2518 2331; x_wconf 90' lang='lat' dir='ltr'><strong>in</strong></span> <span class='ocrx_word' id='word_1_188' title='bbox 2563 2291 2680 2349; x_wconf 89' lang='lat' dir='ltr'><strong>qua</strong></span> 
     </span>
     <span class='ocr_line' id='line_1_19' title="bbox 226 2374 2680 2465; baseline 0.001 -33"><span class='ocrx_word' id='word_1_189' title='bbox 226 2396 421 2436; x_wconf 78' lang='lat' dir='ltr'><strong>necesse</strong></span> <span class='ocrx_word' id='word_1_190' title='bbox 470 2386 595 2437; x_wconf 86' lang='lat' dir='ltr'><strong>erat</strong></span> <span class='ocrx_word' id='word_1_191' title='bbox 653 2379 837 2438; x_wconf 88' lang='lat' dir='ltr'><strong>occidi</strong></span> <span class='ocrx_word' id='word_1_192' title='bbox 882 2379 1123 2455; x_wconf 84' lang='lat' dir='ltr'><strong>pascha,</strong></span> <span class='ocrx_word' id='word_1_193' title='bbox 1189 2374 1301 2435; x_wconf 74' lang='grc' dir='ltr'>ἔδει</span> <span class='ocrx_word' id='word_1_194' title='bbox 1346 2376 1565 2435; x_wconf 79' lang='grc' dir='ltr'>θύεσθαι</span> <span class='ocrx_word' id='word_1_195' title='bbox 1608 2376 1670 2435; x_wconf 64' lang='grc' dir='ltr'><strong>τὸ</strong></span> <span class='ocrx_word' id='word_1_196' title='bbox 1706 2377 1933 2454; x_wconf 56' lang='grc' dir='ltr'>πάσχαέ</span> <span class='ocrx_word' id='word_1_197' title='bbox 2008 2378 2122 2435; x_wconf 88' lang='lat' dir='ltr'><strong>His</strong></span> <span class='ocrx_word' id='word_1_198' title='bbox 2173 2377 2369 2436; x_wconf 78' lang='lat' dir='ltr'><strong>verbis</strong></span> <span class='ocrx_word' id='word_1_199' title='bbox 2389 2454 2396 2465; x_wconf 25' lang='grc' dir='ltr'>ἱ</span> <span class='ocrx_word' id='word_1_200' title='bbox 2413 2396 2458 2434; x_wconf 86' lang='lat' dir='ltr'><strong>s.</strong></span> <span class='ocrx_word' id='word_1_201' title='bbox 2491 2377 2680 2434; x_wconf 86' lang='lat' dir='ltr'><strong>Lucas</strong></span> 
     </span>
     <span class='ocr_line' id='line_1_20' title="bbox 226 2482 2676 2561; baseline 0 -25"><span class='ocrx_word' id='word_1_202' title='bbox 226 2482 413 2539; x_wconf 80' lang='lat' dir='ltr'><strong>scribas</strong></span> <span class='ocrx_word' id='word_1_203' title='bbox 452 2490 509 2541; x_wconf 90' lang='lat' dir='ltr'><strong>et</strong></span> <span class='ocrx_word' id='word_1_204' title='bbox 550 2484 891 2541; x_wconf 81' lang='lat' dir='ltr'><strong>Pharisaeos</strong></span> <span class='ocrx_word' id='word_1_205' title='bbox 935 2484 1171 2559; x_wconf 87' lang='lat' dir='ltr'><strong>oblique</strong></span> <span class='ocrx_word' id='word_1_206' title='bbox 1214 2488 1411 2555; x_wconf 86' lang='lat' dir='ltr'><strong>notat,</strong></span> <span class='ocrx_word' id='word_1_207' title='bbox 1460 2483 1561 2561; x_wconf 90' lang='lat' dir='ltr'><strong>qui</strong></span> <span class='ocrx_word' id='word_1_208' title='bbox 1608 2483 2016 2559; x_wconf 84' lang='lat' dir='ltr'><strong>praetermissa</strong></span> <span class='ocrx_word' id='word_1_209' title='bbox 2057 2482 2212 2556; x_wconf 82' lang='lat' dir='ltr'><strong>Lege</strong></span> <span class='ocrx_word' id='word_1_210' title='bbox 2272 2483 2676 2557; x_wconf 88' lang='lat' dir='ltr'><strong>maiorumque</strong></span> 
     </span>
     <span class='ocr_line' id='line_1_21' title="bbox 226 2578 2682 2666; baseline -0 -23"><span class='ocrx_word' id='word_1_211' title='bbox 226 2586 543 2663; x_wconf 74' lang='lat' dir='ltr'><strong>praescripto</strong></span> <span class='ocrx_word' id='word_1_212' title='bbox 589 2584 673 2664; x_wconf 81' lang='grc' dir='ltr'><strong>,ἐν</strong></span> <span class='ocrx_word' id='word_1_213' title='bbox 718 2578 757 2666; x_wconf 82' lang='grc' dir='ltr'>ᾖ</span> <span class='ocrx_word' id='word_1_214' title='bbox 806 2584 903 2643; x_wconf 74' lang='grc' dir='ltr'><strong>οῦκ</strong></span> <span class='ocrx_word' id='word_1_215' title='bbox 934 2582 1067 2643; x_wconf 70' lang='grc' dir='ltr'><strong>ἔδειι</strong></span> <span class='ocrx_word' id='word_1_216' title='bbox 1112 2591 1449 2645; x_wconf 84' lang='lat' dir='ltr'><strong>mactarunt</strong></span> <span class='ocrx_word' id='word_1_217' title='bbox 1506 2588 1738 2662; x_wconf 87' lang='lat' dir='ltr'><strong>pascha.</strong></span> <span class='ocrx_word' id='word_1_218' title='bbox 1829 2586 2094 2645; x_wconf 86' lang='lat' dir='ltr'><strong>Adiuvat</strong></span> <span class='ocrx_word' id='word_1_219' title='bbox 2137 2585 2682 2662; x_wconf 86' lang='lat' dir='ltr'><strong>interpretationem</strong></span> 
     </span>
     <span class='ocr_line' id='line_1_22' title="bbox 228 2687 2674 2767; baseline 0.001 -24"><span class='ocrx_word' id='word_1_220' title='bbox 228 2687 353 2747; x_wconf 84' lang='lat' dir='ltr'><strong>hanc</strong></span> <span class='ocrx_word' id='word_1_221' title='bbox 391 2697 647 2749; x_wconf 86' lang='lat' dir='ltr'><strong>nostram</strong></span> <span class='ocrx_word' id='word_1_222' title='bbox 692 2691 1099 2749; x_wconf 86' lang='lat' dir='ltr'><strong>testimonium</strong></span> <span class='ocrx_word' id='word_1_223' title='bbox 1140 2710 1187 2748; x_wconf 88' lang='lat' dir='ltr'><strong>s.</strong></span> <span class='ocrx_word' id='word_1_224' title='bbox 1234 2690 1575 2767; x_wconf 89' lang='lat' dir='ltr'><strong>Epiphanii,</strong></span> <span class='ocrx_word' id='word_1_225' title='bbox 1624 2694 1728 2767; x_wconf 91' lang='lat' dir='ltr'><strong>qui</strong></span> <span class='ocrx_word' id='word_1_226' title='bbox 1773 2691 1936 2748; x_wconf 89' lang='lat' dir='ltr'><strong>haer.</strong></span> <span class='ocrx_word' id='word_1_227' title='bbox 1971 2694 2072 2747; x_wconf 84' lang='lat'><strong>51.</strong></span> <span class='ocrx_word' id='word_1_228' title='bbox 2121 2689 2443 2765; x_wconf 84' lang='lat' dir='ltr'><strong>Alogorum</strong></span> <span class='ocrx_word' id='word_1_229' title='bbox 2471 2710 2531 2747; x_wconf 88' lang='lat' dir='ltr'><strong>n.</strong></span> <span class='ocrx_word' id='word_1_230' title='bbox 2574 2694 2674 2747; x_wconf 78' lang='lat'><strong>27.</strong></span> 
     </span>
     <span class='ocr_line' id='line_1_23' title="bbox 226 2774 2673 2871; baseline 0.002 -24"><span class='ocrx_word' id='word_1_231' title='bbox 226 2810 271 2864; x_wconf 90' lang='lat' dir='ltr'><strong>p.</strong></span> <span class='ocrx_word' id='word_1_232' title='bbox 295 2797 421 2853; x_wconf 78' lang='lat'><strong>449.</strong></span> <span class='ocrx_word' id='word_1_233' title='bbox 452 2791 680 2871; x_wconf 71' lang='grc' dir='ltr'>θόρυβον</span> <span class='ocrx_word' id='word_1_234' title='bbox 710 2814 779 2853; x_wconf 91' lang='lat' dir='ltr'><strong>ac</strong></span> <span class='ocrx_word' id='word_1_235' title='bbox 806 2774 1229 2853; x_wconf 75' lang='lat' dir='ltr'><strong>dissensionem</strong></span> <span class='ocrx_word' id='word_1_236' title='bbox 1254 2794 1319 2851; x_wconf 90' lang='lat' dir='ltr'><strong>in</strong></span> <span class='ocrx_word' id='word_1_237' title='bbox 1350 2795 1617 2853; x_wconf 87' lang='lat' dir='ltr'><strong>obeunda</strong></span> <span class='ocrx_word' id='word_1_238' title='bbox 1647 2794 1985 2852; x_wconf 83' lang='lat' dir='ltr'><strong>celebritate</strong></span> <span class='ocrx_word' id='word_1_239' title='bbox 2024 2794 2284 2869; x_wconf 88' lang='lat' dir='ltr'><strong>paschali</strong></span> <span class='ocrx_word' id='word_1_240' title='bbox 2315 2799 2457 2852; x_wconf 89' lang='lat' dir='ltr'><strong>tunc</strong></span> <span class='ocrx_word' id='word_1_241' title='bbox 2487 2794 2673 2851; x_wconf 88' lang='lat' dir='ltr'><strong>inter-</strong></span> 
     </span>
     <span class='ocr_line' id='line_1_24' title="bbox 224 2896 2670 2971; baseline 0.002 -20"><span class='ocrx_word' id='word_1_242' title='bbox 224 2898 419 2955; x_wconf 75' lang='lat' dir='ltr'><strong>venisse</strong></span> <span class='ocrx_word' id='word_1_243' title='bbox 444 2904 713 2957; x_wconf 85' lang='lat' dir='ltr'><strong>testatur.</strong></span> <span class='ocrx_word' id='word_1_244' title='bbox 760 2899 849 2957; x_wconf 86' lang='lat' dir='ltr'><strong>Cf.</strong></span> <span class='ocrx_word' id='word_1_245' title='bbox 881 2898 1133 2971; x_wconf 82' lang='lat' dir='ltr'><strong>Petavii,</strong></span> <span class='ocrx_word' id='word_1_246' title='bbox 1174 2898 1471 2957; x_wconf 77' lang='lat' dir='ltr'><strong>animadv.</strong></span> <span class='ocrx_word' id='word_1_247' title='bbox 1521 2898 1605 2969; x_wconf 88' lang='grc' dir='ltr'><strong>ΙΙ,</strong></span> <span class='ocrx_word' id='word_1_248' title='bbox 1647 2902 1790 2957; x_wconf 87' lang='grc'>184.</span> <span class='ocrx_word' id='word_1_249' title='bbox 1821 2919 1865 2957; x_wconf 90' lang='lat' dir='ltr'><strong>s.</strong></span> <span class='ocrx_word' id='word_1_250' title='bbox 1913 2898 2082 2955; x_wconf 87' lang='lat' dir='ltr'><strong>Unde</strong></span> <span class='ocrx_word' id='word_1_251' title='bbox 2113 2917 2316 2955; x_wconf 87' lang='lat' dir='ltr'><strong>rursus</strong></span> <span class='ocrx_word' id='word_1_252' title='bbox 2353 2917 2473 2956; x_wconf 90' lang='lat' dir='ltr'><strong>non</strong></span> <span class='ocrx_word' id='word_1_253' title='bbox 2518 2896 2670 2955; x_wconf 88' lang='lat' dir='ltr'><strong>male</strong></span> 
     </span>
     <span class='ocr_line' id='line_1_25' title="bbox 224 3000 2672 3081; baseline 0.002 -26"><span class='ocrx_word' id='word_1_254' title='bbox 224 3000 461 3075; x_wconf 74' lang='lat' dir='ltr'><strong>infertur,</strong></span> <span class='ocrx_word' id='word_1_255' title='bbox 480 3004 635 3081; x_wconf 85' lang='lat' dir='ltr'><strong>quod</strong></span> <span class='ocrx_word' id='word_1_256' title='bbox 658 3022 778 3061; x_wconf 91' lang='lat' dir='ltr'><strong>non</strong></span> <span class='ocrx_word' id='word_1_257' title='bbox 800 3002 989 3061; x_wconf 87' lang='lat' dir='ltr'><strong>solum</strong></span> <span class='ocrx_word' id='word_1_258' title='bbox 1013 3003 1135 3079; x_wconf 85' lang='lat' dir='ltr'><strong>ipse</strong></span> <span class='ocrx_word' id='word_1_259' title='bbox 1156 3002 1192 3060; x_wconf 83' lang='lat' dir='ltr'>J</span> <span class='ocrx_word' id='word_1_260' title='bbox 1194 3022 1325 3060; x_wconf 88' lang='lat' dir='ltr'><strong>esus</strong></span> <span class='ocrx_word' id='word_1_261' title='bbox 1346 3002 1581 3080; x_wconf 89' lang='lat' dir='ltr'><strong>,quippe</strong></span> <span class='ocrx_word' id='word_1_262' title='bbox 1603 3002 1779 3075; x_wconf 85' lang='lat' dir='ltr'><strong>Legis</strong></span> <span class='ocrx_word' id='word_1_263' title='bbox 1801 3001 2367 3061; x_wconf 84' lang='lat' dir='ltr'><strong>observantissimus‘</strong></span> <span class='ocrx_word' id='word_1_264' title='bbox 2390 3022 2450 3060; x_wconf 78' lang='lat' dir='ltr'><strong>v.</strong></span> <span class='ocrx_word' id='word_1_265' title='bbox 2472 3021 2529 3076; x_wconf 89' lang='lat' dir='ltr'><strong>p.</strong></span> <span class='ocrx_word' id='word_1_266' title='bbox 2552 3006 2672 3072; x_wconf 68' lang='lat'><strong>61„</strong></span> 
     </span>
     <span class='ocr_line' id='line_1_26' title="bbox 224 3105 2672 3191; baseline -0.001 -28"><span class='ocrx_word' id='word_1_267' title='bbox 224 3122 369 3179; x_wconf 87' lang='lat' dir='ltr'><strong>quam</strong></span> <span class='ocrx_word' id='word_1_268' title='bbox 410 3126 525 3165; x_wconf 88' lang='lat' dir='ltr'><strong>non</strong></span> <span class='ocrx_word' id='word_1_269' title='bbox 568 3107 797 3166; x_wconf 78' lang='lat' dir='ltr'><strong>solvere.</strong></span> <span class='ocrx_word' id='word_1_270' title='bbox 841 3112 1085 3166; x_wconf 82' lang='lat' dir='ltr'><strong>venerat</strong></span> <span class='ocrx_word' id='word_1_271' title='bbox 1128 3108 1227 3165; x_wconf 89' lang='lat' dir='ltr'><strong>sed</strong></span> <span class='ocrx_word' id='word_1_272' title='bbox 1272 3106 1622 3181; x_wconf 85' lang='lat' dir='ltr'><strong>adimplere3</strong></span> <span class='ocrx_word' id='word_1_273' title='bbox 1670 3107 1886 3191; x_wconf 82' lang='lat' dir='ltr'><strong>Matth.</strong></span> <span class='ocrx_word' id='word_1_274' title='bbox 1922 3112 1978 3177; x_wconf 77' lang='lat'><strong>5,</strong></span> <span class='ocrx_word' id='word_1_275' title='bbox 2020 3111 2119 3164; x_wconf 79' lang='lat'><strong>17.</strong></span> <span class='ocrx_word' id='word_1_276' title='bbox 2149 3106 2248 3163; x_wconf 88' lang='lat' dir='ltr'><strong>sed</strong></span> <span class='ocrx_word' id='word_1_277' title='bbox 2277 3110 2338 3163; x_wconf 89' lang='lat' dir='ltr'><strong>et</strong></span> <span class='ocrx_word' id='word_1_278' title='bbox 2381 3105 2486 3163; x_wconf 89' lang='lat' dir='ltr'><strong>alii</strong></span> <span class='ocrx_word' id='word_1_279' title='bbox 2517 3110 2672 3163; x_wconf 85' lang='lat' dir='ltr'><strong>recte</strong></span> 
     </span>
     <span class='ocr_line' id='line_1_27' title="bbox 224 3208 2675 3288; baseline 0.001 -25"><span class='ocrx_word' id='word_1_280' title='bbox 224 3210 499 3269; x_wconf 72' lang='lat' dir='ltr'><strong>sentientes</strong></span> <span class='ocrx_word' id='word_1_281' title='bbox 558 3217 815 3270; x_wconf 86' lang='lat' dir='ltr'><strong>exeunte</strong></span> <span class='ocrx_word' id='word_1_282' title='bbox 858 3212 1009 3269; x_wconf 84' lang='lat' dir='ltr'><strong>feria</strong></span> <span class='ocrx_word' id='word_1_283' title='bbox 1063 3210 1291 3288; x_wconf 87' lang='lat' dir='ltr'><strong>quinta,</strong></span> <span class='ocrx_word' id='word_1_284' title='bbox 1354 3212 1595 3269; x_wconf 88' lang='lat' dir='ltr'><strong>ineunte</strong></span> <span class='ocrx_word' id='word_1_285' title='bbox 1654 3210 1804 3269; x_wconf 82' lang='lat' dir='ltr'><strong>feria</strong></span> <span class='ocrx_word' id='word_1_286' title='bbox 1847 3216 2016 3267; x_wconf 84' lang='lat' dir='ltr'><strong>sexta</strong></span> <span class='ocrx_word' id='word_1_287' title='bbox 2032 3255 2047 3281; x_wconf 95' lang='lat'><strong>,</strong></span> <span class='ocrx_word' id='word_1_288' title='bbox 2111 3209 2338 3267; x_wconf 86' lang='lat' dir='ltr'><strong>diverso</strong></span> <span class='ocrx_word' id='word_1_289' title='bbox 2385 3228 2420 3265; x_wconf 88' lang='lat' dir='ltr'><strong>a</strong></span> <span class='ocrx_word' id='word_1_290' title='bbox 2468 3208 2675 3267; x_wconf 86' lang='lat' dir='ltr'><strong>ceteris</strong></span> 
     </span>
     <span class='ocr_line' id='line_1_28' title="bbox 224 3311 2673 3393; baseline 0.001 -25"><span class='ocrx_word' id='word_1_291' title='bbox 224 3311 299 3369; x_wconf 73' lang='lat' dir='ltr'><strong>die</strong></span> <span class='ocrx_word' id='word_1_292' title='bbox 343 3314 709 3373; x_wconf 75' lang='lat' dir='ltr'><strong>celebrarint.</strong></span> <span class='ocrx_word' id='word_1_293' title='bbox 774 3316 869 3373; x_wconf 80' lang='lat' dir='ltr'><strong>Ex</strong></span> <span class='ocrx_word' id='word_1_294' title='bbox 909 3335 1023 3393; x_wconf 89' lang='lat' dir='ltr'><strong>quo</strong></span> <span class='ocrx_word' id='word_1_295' title='bbox 1066 3318 1245 3373; x_wconf 89' lang='lat' dir='ltr'><strong>etiam</strong></span> <span class='ocrx_word' id='word_1_296' title='bbox 1288 3314 1511 3373; x_wconf 89' lang='lat' dir='ltr'><strong>factum</strong></span> <span class='ocrx_word' id='word_1_297' title='bbox 1555 3314 1652 3386; x_wconf 86' lang='lat' dir='ltr'><strong>sit,</strong></span> <span class='ocrx_word' id='word_1_298' title='bbox 1702 3320 1771 3371; x_wconf 80' lang='lat' dir='ltr'><strong>ut·</strong></span> <span class='ocrx_word' id='word_1_299' title='bbox 1815 3313 2082 3389; x_wconf 84' lang='lat' dir='ltr'><strong>Apostoli</strong></span> <span class='ocrx_word' id='word_1_300' title='bbox 2127 3313 2281 3388; x_wconf 89' lang='lat' dir='ltr'><strong>apud</strong></span> <span class='ocrx_word' id='word_1_301' title='bbox 2325 3312 2498 3369; x_wconf 87' lang='lat' dir='ltr'><strong>illum</strong></span> <span class='ocrx_word' id='word_1_302' title='bbox 2541 3313 2673 3371; x_wconf 90' lang='lat' dir='ltr'><strong>hos-</strong></span> 
     </span>
     <span class='ocr_line' id='line_1_29' title="bbox 224 3415 2674 3495; baseline 0 -23"><span class='ocrx_word' id='word_1_303' title='bbox 224 3417 373 3488; x_wconf 77' lang='lat' dir='ltr'><strong>pitem</strong></span> <span class='ocrx_word' id='word_1_304' title='bbox 400 3422 595 3477; x_wconf 88' lang='lat' dir='ltr'><strong>omnia</strong></span> <span class='ocrx_word' id='word_1_305' title='bbox 624 3420 955 3495; x_wconf 84' lang='lat' dir='ltr'><strong>repererint</strong></span> <span class='ocrx_word' id='word_1_306' title='bbox 984 3418 1323 3477; x_wconf 84' lang='lat' dir='ltr'><strong>necessaria.</strong></span> <span class='ocrx_word' id='word_1_307' title='bbox 1369 3419 1586 3476; x_wconf 82' lang='lat' dir='ltr'><strong>Matth.</strong></span> <span class='ocrx_word' id='word_1_308' title='bbox 1615 3423 1716 3488; x_wconf 85' lang='grc'><strong>26,</strong></span> <span class='ocrx_word' id='word_1_309' title='bbox 1749 3422 1847 3475; x_wconf 87' lang='grc'><strong>18.</strong></span> <span class='ocrx_word' id='word_1_310' title='bbox 1883 3418 2066 3475; x_wconf 85' lang='lat' dir='ltr'><strong>Marc.</strong></span> <span class='ocrx_word' id='word_1_311' title='bbox 2098 3420 2196 3488; x_wconf 81' lang='lat'><strong>14,</strong></span> <span class='ocrx_word' id='word_1_312' title='bbox 2225 3421 2323 3475; x_wconf 86' lang='lat'><strong>15.</strong></span> <span class='ocrx_word' id='word_1_313' title='bbox 2379 3415 2505 3474; x_wconf 85' lang='lat' dir='ltr'><strong>Alii</strong></span> <span class='ocrx_word' id='word_1_314' title='bbox 2535 3436 2674 3474; x_wconf 79' lang='lat' dir='ltr'><strong>vero</strong></span> 
     </span>
     <span class='ocr_line' id='line_1_30' title="bbox 222 3517 2674 3583; baseline 0.002 -8"><span class='ocrx_word' id='word_1_315' title='bbox 222 3517 250 3571; x_wconf 86' lang='lat' dir='ltr'><strong>J</strong></span> <span class='ocrx_word' id='word_1_316' title='bbox 254 3522 393 3580; x_wconf 83' lang='lat' dir='ltr'><strong>udaei</strong></span> <span class='ocrx_word' id='word_1_317' title='bbox 415 3525 647 3583; x_wconf 85' lang='lat' dir='ltr'><strong>decreto</strong></span> <span class='ocrx_word' id='word_1_318' title='bbox 674 3542 915 3581; x_wconf 87' lang='lat' dir='ltr'><strong>suorum</strong></span> <span class='ocrx_word' id='word_1_319' title='bbox 938 3524 1273 3581; x_wconf 86' lang='lat' dir='ltr'><strong>antistitum</strong></span> <span class='ocrx_word' id='word_1_320' title='bbox 1296 3524 1553 3581; x_wconf 85' lang='lat' dir='ltr'><strong>obsecuti</strong></span> <span class='ocrx_word' id='word_1_321' title='bbox 1578 3522 1798 3579; x_wconf 86' lang='lat' dir='ltr'><strong>Pascha</strong></span> <span class='ocrx_word' id='word_1_322' title='bbox 1830 3521 2280 3579; x_wconf 85' lang='lat' dir='ltr'><strong>transferebant.</strong></span> <span class='ocrx_word' id='word_1_323' title='bbox 2328 3521 2452 3578; x_wconf 87' lang='lat' dir='ltr'><strong>Nec</strong></span> <span class='ocrx_word' id='word_1_324' title='bbox 2473 3520 2674 3579; x_wconf 85' lang='lat' dir='ltr'><strong>Simon</strong></span> 
     </span>
     <span class='ocr_line' id='line_1_31' title="bbox 224 3621 2673 3702; baseline -0 -19"><span class='ocrx_word' id='word_1_325' title='bbox 224 3621 513 3698; x_wconf 62' lang='lat' dir='ltr'><strong>Pyrenaeus</strong></span> <span class='ocrx_word' id='word_1_326' title='bbox 543 3629 621 3685; x_wconf 90' lang='lat' dir='ltr'><strong>ab</strong></span> <span class='ocrx_word' id='word_1_327' title='bbox 652 3646 793 3701; x_wconf 85' lang='lat' dir='ltr'><strong>agro</strong></span> <span class='ocrx_word' id='word_1_328' title='bbox 823 3626 1067 3685; x_wconf 84' lang='lat' dir='ltr'><strong>veniens</strong></span> <span class='ocrx_word' id='word_1_329' title='bbox 1112 3627 1326 3702; x_wconf 85' lang='lat' dir='ltr'><strong>pascha</strong></span> <span class='ocrx_word' id='word_1_330' title='bbox 1372 3628 1599 3696; x_wconf 79' lang='lat' dir='ltr'><strong>ederat3</strong></span> <span class='ocrx_word' id='word_1_331' title='bbox 1646 3626 1744 3683; x_wconf 87' lang='lat' dir='ltr'><strong>sed</strong></span> <span class='ocrx_word' id='word_1_332' title='bbox 1787 3626 1994 3683; x_wconf 89' lang='lat' dir='ltr'><strong>urbem</strong></span> <span class='ocrx_word' id='word_1_333' title='bbox 2025 3625 2202 3701; x_wconf 88' lang='lat' dir='ltr'><strong>petiit</strong></span> <span class='ocrx_word' id='word_1_334' title='bbox 2227 3630 2298 3683; x_wconf 88' lang='lat' dir='ltr'><strong>ut</strong></span> <span class='ocrx_word' id='word_1_335' title='bbox 2328 3624 2477 3683; x_wconf 89' lang='lat' dir='ltr'><strong>illud</strong></span> <span class='ocrx_word' id='word_1_336' title='bbox 2507 3644 2673 3682; x_wconf 92' lang='lat' dir='ltr'><strong>man-</strong></span> 
     </span>
     <span class='ocr_line' id='line_1_32' title="bbox 224 3726 2674 3805; baseline 0.002 -24"><span class='ocrx_word' id='word_1_337' title='bbox 224 3726 441 3789; x_wconf 77' lang='lat' dir='ltr'><strong>ducaret.</strong></span> <span class='ocrx_word' id='word_1_338' title='bbox 504 3733 681 3790; x_wconf 86' lang='lat' dir='ltr'><strong>Hanc</strong></span> <span class='ocrx_word' id='word_1_339' title='bbox 724 3731 861 3789; x_wconf 86' lang='lat' dir='ltr'><strong>festi</strong></span> <span class='ocrx_word' id='word_1_340' title='bbox 904 3731 1205 3789; x_wconf 83' lang='lat' dir='ltr'><strong>Paschatis</strong></span> <span class='ocrx_word' id='word_1_341' title='bbox 1251 3730 1695 3789; x_wconf 86' lang='lat' dir='ltr'><strong>translationem</strong></span> <span class='ocrx_word' id='word_1_342' title='bbox 1739 3734 1998 3805; x_wconf 88' lang='lat' dir='ltr'><strong>tempore</strong></span> <span class='ocrx_word' id='word_1_343' title='bbox 2043 3728 2264 3786; x_wconf 87' lang='lat' dir='ltr'><strong>Christi</strong></span> <span class='ocrx_word' id='word_1_344' title='bbox 2309 3730 2674 3787; x_wconf 80' lang='lat' dir='ltr'><strong>observatam</strong></span> 
     </span>
     <span class='ocr_line' id='line_1_33' title="bbox 224 3832 2670 3905; baseline 0 -16"><span class='ocrx_word' id='word_1_345' title='bbox 224 3850 259 3885; x_wconf 63' lang='grc' dir='ltr'><strong>ε.</strong></span> <span class='ocrx_word' id='word_1_346' title='bbox 286 3832 449 3893; x_wconf 84' lang='lat' dir='ltr'><strong>Lucas</strong></span> <span class='ocrx_word' id='word_1_347' title='bbox 490 3836 697 3895; x_wconf 88' lang='lat' dir='ltr'><strong>docere</strong></span> <span class='ocrx_word' id='word_1_348' title='bbox 733 3834 1000 3893; x_wconf 78' lang='lat' dir='ltr'><strong>videtur:</strong></span> <span class='ocrx_word' id='word_1_349' title='bbox 1050 3836 1181 3892; x_wconf 83' lang='lat' dir='ltr'><strong>Act.</strong></span> <span class='ocrx_word' id='word_1_350' title='bbox 1221 3839 1319 3905; x_wconf 89' lang='grc'><strong>12,</strong></span> <span class='ocrx_word' id='word_1_351' title='bbox 1360 3838 1413 3892; x_wconf 90' lang='grc'><strong>1.</strong></span> <span class='ocrx_word' id='word_1_352' title='bbox 1448 3833 1676 3905; x_wconf 85' lang='lat' dir='ltr'><strong>,Misit‘,</strong></span> <span class='ocrx_word' id='word_1_353' title='bbox 1725 3838 1948 3903; x_wconf 88' lang='lat' dir='ltr'><strong>narrat,</strong></span> <span class='ocrx_word' id='word_1_354' title='bbox 1999 3833 2276 3904; x_wconf 86' lang='lat' dir='ltr'><strong>,Herodes</strong></span> <span class='ocrx_word' id='word_1_355' title='bbox 2307 3852 2416 3890; x_wconf 83' lang='lat' dir='ltr'><strong>rex</strong></span> <span class='ocrx_word' id='word_1_356' title='bbox 2447 3851 2670 3902; x_wconf 86' lang='lat' dir='ltr'><strong>manus,</strong></span> 
     </span>
     <span class='ocr_line' id='line_1_34' title="bbox 226 3936 2672 4016; baseline -0.001 -21"><span class='ocrx_word' id='word_1_357' title='bbox 226 3944 277 3989; x_wconf 79' lang='lat' dir='ltr'><strong>ut</strong></span> <span class='ocrx_word' id='word_1_358' title='bbox 312 3937 589 4012; x_wconf 82' lang='lat' dir='ltr'><strong>affligeret</strong></span> <span class='ocrx_word' id='word_1_359' title='bbox 634 3938 917 4016; x_wconf 88' lang='lat' dir='ltr'><strong>quosdam</strong></span> <span class='ocrx_word' id='word_1_360' title='bbox 947 3940 1016 3995; x_wconf 89' lang='lat' dir='ltr'><strong>de</strong></span> <span class='ocrx_word' id='word_1_361' title='bbox 1046 3938 1323 3995; x_wconf 82' lang='lat' dir='ltr'><strong>Ecclesia.</strong></span> <span class='ocrx_word' id='word_1_362' title='bbox 1370 3938 1597 3996; x_wconf 89' lang='lat' dir='ltr'><strong>Occidit</strong></span> <span class='ocrx_word' id='word_1_363' title='bbox 1642 3942 1838 3995; x_wconf 89' lang='lat' dir='ltr'><strong>autem</strong></span> <span class='ocrx_word' id='word_1_364' title='bbox 1881 3937 1920 3994; x_wconf 90' lang='lat' dir='ltr'><strong>J</strong></span> <span class='ocrx_word' id='word_1_365' title='bbox 1921 3938 2164 3995; x_wconf 90' lang='lat' dir='ltr'><strong>acobum</strong></span> <span class='ocrx_word' id='word_1_366' title='bbox 2207 3936 2452 3993; x_wconf 83' lang='lat' dir='ltr'><strong>fratrem</strong></span> <span class='ocrx_word' id='word_1_367' title='bbox 2495 3936 2672 3993; x_wconf 88' lang='lat' dir='ltr'><strong>Joan-</strong></span> 
     </span>
     <span class='ocr_line' id='line_1_35' title="bbox 228 4039 2671 4120; baseline -0.001 -23"><span class='ocrx_word' id='word_1_368' title='bbox 228 4039 299 4093; x_wconf 80' lang='lat' dir='ltr'><strong>nis</strong></span> <span class='ocrx_word' id='word_1_369' title='bbox 336 4040 535 4113; x_wconf 85' lang='lat' dir='ltr'><strong>gladio.</strong></span> <span class='ocrx_word' id='word_1_370' title='bbox 616 4044 837 4100; x_wconf 86' lang='lat' dir='ltr'><strong>Videns</strong></span> <span class='ocrx_word' id='word_1_371' title='bbox 882 4046 1079 4099; x_wconf 87' lang='lat' dir='ltr'><strong>autem</strong></span> <span class='ocrx_word' id='word_1_372' title='bbox 1124 4043 1265 4120; x_wconf 86' lang='lat' dir='ltr'><strong>quia</strong></span> <span class='ocrx_word' id='word_1_373' title='bbox 1308 4042 1563 4118; x_wconf 86' lang='lat' dir='ltr'><strong>placeret</strong></span> <span class='ocrx_word' id='word_1_374' title='bbox 1604 4042 1642 4098; x_wconf 88' lang='lat' dir='ltr'><strong>J</strong></span> <span class='ocrx_word' id='word_1_375' title='bbox 1644 4042 1861 4111; x_wconf 87' lang='lat' dir='ltr'><strong>udaeis,</strong></span> <span class='ocrx_word' id='word_1_376' title='bbox 1928 4042 2198 4116; x_wconf 85' lang='lat' dir='ltr'><strong>apposuit</strong></span> <span class='ocrx_word' id='word_1_377' title='bbox 2237 4045 2308 4097; x_wconf 88' lang='lat' dir='ltr'><strong>ut</strong></span> <span class='ocrx_word' id='word_1_378' title='bbox 2351 4040 2671 4115; x_wconf 88' lang='lat' dir='ltr'><strong>apprehen-</strong></span> 
     </span>
     <span class='ocr_line' id='line_1_36' title="bbox 226 4140 2673 4222; baseline -0 -23"><span class='ocrx_word' id='word_1_379' title='bbox 226 4140 360 4201; x_wconf 81' lang='lat' dir='ltr'><strong>deret</strong></span> <span class='ocrx_word' id='word_1_380' title='bbox 396 4152 451 4203; x_wconf 89' lang='lat' dir='ltr'><strong>et</strong></span> <span class='ocrx_word' id='word_1_381' title='bbox 490 4147 759 4204; x_wconf 85' lang='lat' dir='ltr'><strong>Petrum.</strong></span> <span class='ocrx_word' id='word_1_382' title='bbox 848 4146 1039 4204; x_wconf 86' lang='lat' dir='ltr'><strong>Erant</strong></span> <span class='ocrx_word' id='word_1_383' title='bbox 1082 4151 1279 4204; x_wconf 88' lang='lat' dir='ltr'><strong>autem</strong></span> <span class='ocrx_word' id='word_1_384' title='bbox 1334 4146 1456 4203; x_wconf 82' lang='lat' dir='ltr'><strong>dies</strong></span> <span class='ocrx_word' id='word_1_385' title='bbox 1500 4164 1865 4222; x_wconf 82' lang='lat' dir='ltr'><strong>azymorum.</strong></span> <span class='ocrx_word' id='word_1_386' title='bbox 1941 4143 2128 4207; x_wconf 78' lang='lat' dir='ltr'><strong>Quem</strong></span> <span class='ocrx_word' id='word_1_387' title='bbox 2172 4162 2304 4201; x_wconf 88' lang='lat' dir='ltr'><strong>cum</strong></span> <span class='ocrx_word' id='word_1_388' title='bbox 2349 4142 2673 4219; x_wconf 86' lang='lat' dir='ltr'><strong>apprehen·</strong></span> 
     </span>
     <span class='ocr_line' id='line_1_37' title="bbox 227 4242 2672 4325; baseline 0.002 -27"><span class='ocrx_word' id='word_1_389' title='bbox 227 4242 389 4317; x_wconf 67' lang='lat' dir='ltr'><strong>disset,</strong></span> <span class='ocrx_word' id='word_1_390' title='bbox 444 4251 604 4307; x_wconf 86' lang='lat' dir='ltr'><strong>misit</strong></span> <span class='ocrx_word' id='word_1_391' title='bbox 660 4249 727 4307; x_wconf 90' lang='lat' dir='ltr'><strong>in</strong></span> <span class='ocrx_word' id='word_1_392' title='bbox 772 4268 1079 4319; x_wconf 85' lang='lat' dir='ltr'><strong>carcerem,</strong></span> <span class='ocrx_word' id='word_1_393' title='bbox 1144 4249 1345 4308; x_wconf 79' lang='lat' dir='ltr'><strong>volens</strong></span> <span class='ocrx_word' id='word_1_394' title='bbox 1392 4254 1516 4325; x_wconf 88' lang='lat' dir='ltr'><strong>post</strong></span> <span class='ocrx_word' id='word_1_395' title='bbox 1578 4249 1804 4306; x_wconf 87' lang='lat' dir='ltr'><strong>Pascha</strong></span> <span class='ocrx_word' id='word_1_396' title='bbox 1861 4250 2174 4324; x_wconf 87' lang='lat' dir='ltr'><strong>producere</strong></span> <span class='ocrx_word' id='word_1_397' title='bbox 2232 4265 2365 4304; x_wconf 88' lang='lat' dir='ltr'><strong>eum</strong></span> <span class='ocrx_word' id='word_1_398' title='bbox 2417 4244 2672 4322; x_wconf 87' lang='lat' dir='ltr'><strong>populo.‘</strong></span> 
     </span>
     <span class='ocr_line' id='line_1_38' title="bbox 228 4344 2674 4430; baseline 0.002 -25"><span class='ocrx_word' id='word_1_399' title='bbox 228 4344 302 4405; x_wconf 83' lang='lat' dir='ltr'><strong>Ex</strong></span> <span class='ocrx_word' id='word_1_400' title='bbox 342 4369 445 4427; x_wconf 86' lang='lat' dir='ltr'><strong>quo</strong></span> <span class='ocrx_word' id='word_1_401' title='bbox 483 4354 792 4412; x_wconf 84' lang='lat' dir='ltr'><strong>discimus:</strong></span> <span class='ocrx_word' id='word_1_402' title='bbox 852 4352 985 4411; x_wconf 89' lang='lat' dir='ltr'><strong>Jam</strong></span> <span class='ocrx_word' id='word_1_403' title='bbox 1040 4354 1301 4412; x_wconf 88' lang='lat' dir='ltr'><strong>inierant</strong></span> <span class='ocrx_word' id='word_1_404' title='bbox 1346 4355 1467 4411; x_wconf 88' lang='lat' dir='ltr'><strong>dies</strong></span> <span class='ocrx_word' id='word_1_405' title='bbox 1519 4372 1881 4430; x_wconf 84' lang='lat' dir='ltr'><strong>azymorum,</strong></span> <span class='ocrx_word' id='word_1_406' title='bbox 1950 4371 2084 4410; x_wconf 88' lang='lat' dir='ltr'><strong>cum</strong></span> <span class='ocrx_word' id='word_1_407' title='bbox 2127 4351 2368 4409; x_wconf 88' lang='lat' dir='ltr'><strong>Petrum</strong></span> <span class='ocrx_word' id='word_1_408' title='bbox 2413 4352 2674 4410; x_wconf 86' lang='lat' dir='ltr'><strong>Herodes</strong></span> 
     </span>
     <span class='ocr_line' id='line_1_39' title="bbox 228 4455 2670 4528; baseline 0 -17"><span class='ocrx_word' id='word_1_409' title='bbox 228 4456 605 4528; x_wconf 77' lang='lat' dir='ltr'><strong>apprehendit3</strong></span> <span class='ocrx_word' id='word_1_410' title='bbox 652 4456 921 4515; x_wconf 89' lang='lat' dir='ltr'><strong>nondum</strong></span> <span class='ocrx_word' id='word_1_411' title='bbox 964 4460 1160 4515; x_wconf 86' lang='lat' dir='ltr'><strong>tamen</strong></span> <span class='ocrx_word' id='word_1_412' title='bbox 1203 4457 1443 4528; x_wconf 87' lang='lat' dir='ltr'><strong>Pascha,</strong></span> <span class='ocrx_word' id='word_1_413' title='bbox 1491 4457 1551 4515; x_wconf 91' lang='lat' dir='ltr'><strong>h.</strong></span> <span class='ocrx_word' id='word_1_414' title='bbox 1598 4476 1648 4515; x_wconf 89' lang='lat' dir='ltr'><strong>e.</strong></span> <span class='ocrx_word' id='word_1_415' title='bbox 1695 4456 1955 4514; x_wconf 89' lang='lat' dir='ltr'><strong>nondum</strong></span> <span class='ocrx_word' id='word_1_416' title='bbox 1997 4456 2120 4513; x_wconf 88' lang='lat' dir='ltr'><strong>dies</strong></span> <span class='ocrx_word' id='word_1_417' title='bbox 2165 4456 2346 4513; x_wconf 82' lang='lat' dir='ltr'><strong>festus</strong></span> <span class='ocrx_word' id='word_1_418' title='bbox 2397 4455 2670 4526; x_wconf 83' lang='lat' dir='ltr'><strong>Paschae,</strong></span> 
     </span>
     <span class='ocr_line' id='line_1_40' title="bbox 228 4556 2670 4639; baseline -0 -21"><span class='ocrx_word' id='word_1_419' title='bbox 228 4556 311 4630; x_wconf 83' lang='lat' dir='ltr'><strong>qui</strong></span> <span class='ocrx_word' id='word_1_420' title='bbox 352 4560 461 4619; x_wconf 85' lang='lat' dir='ltr'><strong>dies</strong></span> <span class='ocrx_word' id='word_1_421' title='bbox 500 4562 685 4621; x_wconf 87' lang='lat' dir='ltr'><strong>festus</strong></span> <span class='ocrx_word' id='word_1_422' title='bbox 736 4561 1087 4639; x_wconf 82' lang='lat' dir='ltr'><strong>sequebatur</strong></span> <span class='ocrx_word' id='word_1_423' title='bbox 1130 4563 1537 4621; x_wconf 86' lang='lat' dir='ltr'><strong>mactationem</strong></span> <span class='ocrx_word' id='word_1_424' title='bbox 1584 4562 1724 4635; x_wconf 86' lang='lat' dir='ltr'><strong>agni</strong></span> <span class='ocrx_word' id='word_1_425' title='bbox 1773 4560 2061 4637; x_wconf 85' lang='lat' dir='ltr'><strong>paschalis</strong></span> <span class='ocrx_word' id='word_1_426' title='bbox 2088 4580 2125 4618; x_wconf 90' lang='lat' dir='ltr'><strong>a</strong></span> <span class='ocrx_word' id='word_1_427' title='bbox 2153 4560 2188 4617; x_wconf 86' lang='lat' dir='ltr'>J</span> <span class='ocrx_word' id='word_1_428' title='bbox 2190 4560 2390 4618; x_wconf 85' lang='lat' dir='ltr'><strong>udaeis</strong></span> <span class='ocrx_word' id='word_1_429' title='bbox 2435 4560 2670 4618; x_wconf 82' lang='lat' dir='ltr'><strong>factam.</strong></span> 
     </span>
    </p>
   </div>
  </div>
 </body>
</html>
