3267 5259
624 442 749 509 152
1298 455 1415 498 mn.
1442 456 1549 497 sev.
1578 454 1670 497 div.
1697 454 1751 497 u.
1773 454 1822 497 τ.
1851 452 2018 497 renos.
2049 454 2086 495 1.
2105 464 2201 505 esp.
2230 453 2431 495 aiteram.

1103 825 1161 903 §-
1195 824 1297 889 33.
1360 821 1511 885 Res
1558 819 1852 885 Christi
1897 828 2228 884 mortem
2275 829 2628 885 secutae.

828 1011 1082 1075 Eadem
1130 1012 1397 1075 caritate
1447 1009 1752 1075 Salvator
1794 1019 2037 1093 noster,
2102 1012 2211 1095 qui
2256 1009 2451 1075 homo
2499 1008 2864 1075 hominibus
2907 1032 3080 1073 evan-

618 1124 1003 1211 gelizavit¹3
1073 1146 1347 1210 corpore
1409 1134 1732 1206 mortum,
1791 1125 2037 1207 anima,
2101 1146 2296 1209 quam
2343 1122 2466 1187 sibi
2509 1124 2758 1187 unitam
2801 1120 3080 1204 habebat,

621 1236 958 1324 profectus
1006 1246 1103 1301 est
1148 1236 1233 1301 ad
1278 1235 1544 1319 infe1·03‚
1593 1244 1666 1299 ut
1713 1257 1874 1321 opus
1921 1234 2343 1300 redemtionis
2390 1234 2766 1299 absolveret
2783 1237 2825 1299 ².

619 1501 752 1551 Jesu
790 1500 1031 1549 ultimum
1068 1499 1231 1549 fuisse
1270 1514 1333 1549 ex
1372 1515 1412 1549 s.
1438 1498 1591 1548 Luca
1626 1500 1718 1561 23,
1756 1499 1838 1547 36.
1876 1504 2041 1563 patet.
2091 1498 2238 1548 Inter
2283 1498 2415 1549 illud
2467 1500 2606 1549 enim
2653 1505 2705 1549 et
2761 1498 2900 1566 quod
2939 1499 3080 1549 Jesus

618 1586 872 1637 inclinato
910 1588 1085 1652 capite
1122 1586 1342 1637 tradidit
1376 1586 1631 1651 spiritum,
1670 1586 1974 1635 intercessit
2005 1587 2234 1651 spatium
2259 1586 2480 1652 aliquod
2505 1586 2775 1651 temporis,
2815 1601 2914 1651 quo
2939 1586 3080 1635 Jesus

620 1672 763 1739 quod
800 1673 1154 1739 praetermisit
1189 1686 1232 1722 s.
1256 1672 1497 1723 Joannes
1521 1687 1654 1722 voce
1679 1686 1873 1737 magna
1891 1672 2064 1721 Deum
2091 1674 2302 1723 nomine
2321 1674 2512 1735 Patris,
2551 1678 2606 1723 et
2630 1672 2840 1738 quidem
2864 1675 2918 1721 in
2939 1688 3080 1721 sensu

620 1761 844 1809 maxime
880 1760 1095 1826 proprio
1134 1757 1489 1825 compellavit.
1544 1757 1774 1808 Perinde
1811 1772 1876 1807 ac
1911 1759 1958 1808 si
1995 1759 2240 1809 dixisset:
2277 1759 2440 1809 Pater
2463 1773 2636 1809 meam
2662 1760 2906 1819 animam,
2931 1774 3074 1822 quam

620 1846 959 1912 depositurus
996 1860 1137 1907 sum,
1174 1850 1237 1895 ut
1269 1846 1460 1895 iterum
1498 1846 1780 1910 recipiam,
1831 1850 1958 1895 tuae
1995 1846 2206 1896 interim
2242 1860 2403 1895 curae
2440 1845 2751 1896 commendo
2787 1846 3083 1910 tutelaeque.

618 1934 703 1985 De
739 1934 821 1985 his
858 1934 1085 1999 aliisque
1123 1934 1301 1984 verbis
1325 1933 1393 1983 D.
1420 1932 1485 1983 N.
1511 1932 1562 1983 J.
1590 1931 1651 1983 C.
1677 1934 1733 1983 in
1759 1948 1917 1983 cruce
1943 1932 2010 1983 cf.
2038 1932 2102 1983 G.
2129 1932 2180 1983 J.
2205 1932 2400 1995 Vinke,
2438 1932 2565 1983 diss.
2592 1932 2657 1981 de
2679 1931 2872 1982 Christi
2895 1948 2922 1981 e
2946 1948 3082 1981 cruce

620 2021 901 2087 pendentis
939 2022 1177 2072 vocibus.
1214 2021 1357 2071 Trai.
1385 2022 1537 2070 1846.

836 2106 873 2171 ¹)
922 2106 1090 2156 Juxta
1112 2106 1467 2155 testimonium
1495 2104 1548 2155 S.
1574 2105 1720 2155 Petri
1745 2104 1788 2156 1.
1814 2108 1862 2169 3,
1892 2106 2131 2157 18—20.
2157 2107 2206 2169 4,
2235 2107 2283 2155 6.
2339 2104 2383 2170 ²)
2405 2105 2578 2157 Justis
2603 2105 2726 2167 illis,
2753 2108 2842 2171 qui
2865 2107 2920 2155 in
2941 2105 3083 2155 limbo

619 2192 1018 2255 detinebantur,
1076 2192 1275 2242 laetum
1328 2192 1507 2242 attulit
1558 2193 1805 2243 nuntium
1859 2192 2132 2243 efficaciae
2190 2192 2585 2243 lucar-nationis
2635 2198 2688 2242 et
2733 2192 2916 2241 Mortis
2969 2193 3084 2241 eius.

619 2280 955 2330 Praedicatio
995 2279 1189 2329 Christi
1224 2281 1281 2329 in
1318 2278 1473 2328 dictis
1512 2277 1650 2330 locis
1689 2294 1795 2329 non
1833 2280 2032 2346 profuit
2069 2280 2138 2329 ad
2177 2278 2521 2329 obtinendam
2567 2279 2794 2329 salutem
2837 2278 2920 2328 vel
2953 2278 3082 2327 iusti·

620 2368 746 2417 tiam
783 2366 1236 2431 sanctificantem3
1272 2366 1367 2416 sed
1406 2367 1690 2416 nuntiabat
1726 2380 1784 2415 se
1822 2366 2170 2417 redemtorem
2207 2366 2276 2415 ad
2313 2365 2415 2415 hoc
2451 2364 2809 2428 descendisse,
2833 2372 2892 2415 ut
2927 2380 3009 2416 eos
3031 2380 3084 2413 ex

620 2469 833 2504 carcere
886 2454 1164 2516 liberaret,
1225 2458 1388 2519 atque
1442 2469 1507 2503 ex
1558 2454 1746 2503 inferis
1801 2453 2048 2515 eductos,
2113 2465 2224 2502 una
2287 2466 2472 2502 secum
2525 2452 2780 2503 eveheret
2831 2452 2900 2502 ad
2951 2452 3084 2501 sedes

620 2540 896 2591 coelestes.
934 2539 1070 2592 Coll.
1104 2540 1304 2607 Ephes.
1342 2542 1389 2601 4,
1429 2543 1477 2591 8.
1516 2556 1557 2591 s.
1598 2539 1803 2591 Coloss.
1841 2543 1890 2602 2,
1931 2542 2010 2590 15.
2061 2538 2376 2605 Opportune
2425 2540 2835 2607 respondebitur
2869 2538 2920 2589 h.
2954 2540 2986 2588 l.
3028 2538 3084 2587 ad

622 2628 991 2693 quaestionem
1028 2642 1239 2690 eorum,
1290 2628 1377 2694 qui
1414 2627 1772 2692 interrogant,
1813 2642 1909 2676 cur
1946 2624 1998 2676 S.
2033 2626 2224 2676 Petrus
2261 2626 2296 2676 l.
2325 2642 2369 2676 0.
2410 2625 2466 2675 in
2503 2629 2682 2692 specie
2718 2627 3000 2677 meminerit
3031 2624 3084 2673 de

620 2714 893 2780 spiritibus
922 2729 1119 2775 eorum,
1158 2714 1249 2778 qui
1286 2713 1486 2763 diluvio
1534 2715 1831 2779 perierunt,
1880 2728 1944 2763 ac
1987 2730 2098 2763 non
2142 2714 2323 2780 potius
2373 2714 2430 2763 in
2477 2716 2786 2764 universum
2823 2714 3001 2764 dixerit
3031 2712 3084 2759 de

622 2799 866 2849 omnibus
902 2801 959 2848 in
994 2799 1157 2849 limbo
1196 2800 1478 2851 conclusis.
1526 2799 1708 2849 Prima
1742 2800 1878 2849 ratio
1915 2800 2127 2850 videtur
2161 2815 2296 2863 esse,
2337 2800 2481 2867 quod
2505 2815 2780 2867 nunquam
2805 2800 2936 2851 alias
2959 2804 3086 2848 tants

620 2884 904 2935 multitudo
944 2884 1011 2933 ad
1048 2885 1245 2935 inferos
1284 2885 1644 2951 descenderit3
1692 2892 1752 2936 ut
1795 2888 1982 2936 merito
2021 2902 2086 2936 ex
2123 2892 2274 2953 parte
2311 2893 2420 2937 tam
2455 2887 2680 2938 notabili
2716 2892 2884 2938 totum
2918 2885 3084 2936 intelli-

620 2976 792 3036 gatur.
840 2971 1025 3020 Altera
1060 2986 1227 3021 causa
1262 2977 1359 3033 est,
1398 2972 1525 3037 quia
1560 2974 1700 3022 viam
1739 2971 1840 3022 sibi
1877 2972 2056 3023 facere
2093 2974 2264 3024 voluit
2298 2974 2588 3041 Apostolus
2619 2974 2691 3025 ad
2715 2974 3084 3040 digressionem,

622 3072 781 3124 quam
817 3073 938 3107 mox
975 3058 1249 3123 subiungit
1285 3058 1349 3108 de
1386 3064 1724 3109 sacramento
1763 3060 2038 3127 Baptismi,
2077 3062 2230 3111 cuius
2267 3062 2492 3126 insignis
2529 3060 2706 3127 figura
2739 3062 2796 3110 in
2833 3061 3023 3111 diluvio
3045 3064 3086 3107 et

622 3160 751 3195 arca
792 3146 1099 3211 praecessit.
1156 3144 1229 3193 Hi
1266 3145 1477 3210 quidem
1524 3174 1591 3182 —
1639 3146 1853 3211 spiritus
1901 3145 2027 3197 olim
2065 3162 2225 3197 carne
2272 3148 2448 3198 induti
2483 3176 2550 3185 —-
2587 3148 2850 3198 increduli
2899 3148 3086 3197 fuerunt

620 3232 950 3297 praedicanti
987 3233 1161 3296 Noae3
1216 3232 1432 3283 tandem
1476 3237 1655 3283 tamen
1701 3238 1986 3301 antequam
2029 3240 2394 3301 mergerentur
2440 3236 2798 3301 resipuerunt.
2854 3235 2936 3285 Cf.
2970 3234 3084 3282 Hist.

619 3320 682 3370 R.
710 3320 778 3370 D.
804 3320 869 3368 V.
894 3319 957 3368 T.
994 3336 1046 3384 p.
1072 3320 1156 3368 26.
1182 3336 1226 3369 s.
1265 3318 1513 3369 Ceterum
1548 3321 1603 3369 in
1642 3322 1948 3371 memoriam
1987 3336 2240 3372 revocare
2285 3323 2438 3371 iuvat
2481 3323 2742 3383 breviter,
2793 3322 3084 3373 catholicum

622 3405 817 3471 dogma
852 3405 1069 3456 docere:
1110 3405 1377 3456 Christum
1414 3406 1704 3456 Dominum
1740 3424 1864 3459 vere
1903 3422 1966 3458 ae
2003 3410 2216 3475 proprie
2253 3414 2376 3473 post
2411 3414 2632 3459 mortem
2669 3408 2960 3459 secundum
2993 3407 3084 3455 ani-

620 3506 759 3541 mam
795 3492 863 3541 ad
900 3492 1099 3542 inferos
1137 3491 1493 3555 descendisse,
1532 3493 1838 3559 ibidemque
1873 3494 2025 3544 nulla
2061 3500 2348 3557 tormenta,
2399 3494 2604 3545 nulliun
2651 3497 2946 3546 cruciatum
2987 3508 3084 3560 per-

620 3594 848 3644 pessum.
884 3578 1126 3645 Legendi
1150 3582 1241 3645 qui
1276 3579 1451 3629 locum
1483 3580 1642 3630 istum
1666 3586 1918 3631 accurate
1945 3586 2240 3633 tractarunt
2266 3588 2506 3647 praeter:
2543 3581 2701 3649 Alph.
2729 3582 3084 3639 Salmeronem‚

621 3665 815 3731 disput.
841 3666 898 3714 in
919 3682 1001 3730 ep.
1028 3679 1145 3715 can.
1174 3665 1253 3715 ed.
1283 3664 1469 3716 Colon.
1495 3666 1638 3717 XVI.
1665 3667 1799 3733 disp.
1825 3670 1916 3718 VI.
1943 3669 2000 3717 in
2025 3669 2052 3718 1
2076 3670 2220 3718 Petri
2245 3671 2294 3719 3.
2332 3686 2384 3735 p.
2411 3671 2494 3719 82.
2542 3669 2812 3720 Joannem
2838 3671 3084 3725 Loriuum,

620 3753 673 3801 in
700 3750 839 3801 cath.
864 3752 1061 3802 Joann.
1090 3757 1142 3802 et
1167 3754 1311 3803 Petri
1338 3768 1422 3819 ep.
1448 3769 1633 3803 comm.
1661 3754 1836 3820 Lugd.
1864 3757 2016 3806 1609.
2053 3772 2104 3821 p.
2131 3758 2249 3806 259.
2275 3772 2316 3806 s.
2364 3757 2479 3806 Nic.
2509 3754 2820 3819 Seri-arium,
2847 3772 3022 3807 comm.
3045 3754 3086 3801 in

620 3854 759 3889 omn.
786 3854 868 3904 ep.
895 3854 1011 3889 can.
1051 3839 1192 3905 Mog.
1222 3842 1371 3890 1612.
1410 3856 1459 3907 p.
1487 3842 1571 3891 31.
1598 3856 1639 3891 s.
1691 3841 1996 3892 Cornelium
2024 3857 2057 3893 a
2081 3842 2314 3908 Lapide,
2359 3846 2415 3893 in
2453 3850 2734 3893 comment.
2775 3844 2842 3893 ad
2879 3844 2930 3893 h.
2956 3843 2985 3892 l.
3019 3840 3086 3890 ed.

619 3926 777 3977 Antv.
807 3928 957 3977 1672.
996 3943 1048 3991 p.
1074 3928 1192 3976 276.
1228 3944 1269 3977 s.
1310 3931 1364 3976 et
1388 3926 1450 3977 G.
1476 3928 1705 3990 Estium,
1746 3944 1931 3979 comm.
1969 3931 2024 3980 in
2059 3946 2105 3979 c.
2133 3929 2229 3979 3.1
2268 3932 2427 3981 Petri.
2465 3948 2516 3995 p.
2543 3932 2660 3980 818.
2698 3946 2766 3993 s.;
2806 3936 3086 3996 praeterea:

620 4012 681 4062 B.
704 4013 966 4075 Pererius,
995 4028 1181 4063 comm.
1210 4018 1263 4063 et
1281 4014 1475 4081 disput.
1500 4016 1555 4064 in
1578 4014 1830 4066 Genesim
1847 4022 1883 4066 t.
1904 4016 1974 4066 II.
1997 4016 2079 4066 ed.
2101 4016 2274 4081 Lugd.
2299 4019 2448 4067 1593.
2471 4035 2521 4083 p.
2541 4020 2657 4067 109.
2673 4032 2716 4067 s.
2741 4018 2803 4067 A.
2821 4016 3084 4066 Calmetus.

621 4098 821 4150 Comm.
848 4099 923 4150 lit.
950 4102 1003 4149 in
1026 4116 1079 4150 o.
1100 4100 1163 4150 L.
1186 4102 1249 4151 N.
1270 4102 1331 4151 Τ.
1353 4102 1433 4151 ed.
1454 4102 1689 4152 Wirceb.
1711 4103 1802 4165 IV,
1826 4106 1941 4152 570.
1965 4118 2005 4152 s.
2033 4102 2093 4152 C.
2109 4104 2170 4152 R.
2192 4103 2565 4165 Reum-minus,
2587 4105 2742 4168 primi
2761 4108 2800 4153 t.
2819 4118 2925 4153 sec.
2945 4108 3087 4152 contr.

620 4204 739 4253 gen.
763 4187 829 4237 de
857 4187 1085 4237 Christo.
1112 4187 1203 4249 IV,
1223 4190 1303 4237 13.
1330 4188 1411 4237 ed.
1432 4187 1654 4253 Ingolst.
1675 4206 1726 4255 p.
1745 4191 1860 4239 373.
1878 4206 1988 4255 seq.
2016 4190 2101 4239 Fr.
2119 4188 2335 4251 Suara,
2365 4204 2550 4239 comm.
2573 4205 2638 4239 ac
2657 4190 2856 4256 disput.
2877 4191 2933 4239 in
2953 4188 3022 4238 1ss
3041 4187 3086 4235 Ρ.

622 4273 673 4323 d.
698 4274 935 4326 Thomae
962 4282 997 4324 t.
1024 4274 1095 4324 11.
1124 4274 1204 4324 ed.
1244 4274 1384 4341 Meg.
1415 4277 1563 4325 1616.
1606 4280 1705 4325 art.
1731 4276 1823 4325 IV.
1859 4276 1993 4340 disp.
2021 4278 2104 4325 42.
2143 4292 2195 4341 p.
2221 4278 2339 4325 432.
2389 4276 2457 4325 D.
2497 4276 2560 4326 G.
2597 4277 2893 4337 Cor-uerus,
2933 4276 3088 4325 Abbss

623 4360 1012 4423 Gottwice-nsis,
1051 4363 1107 4410 in
1133 4362 1227 4411 fer.
1256 4362 1453 4427 pasch„
1493 4378 1534 4411 s.
1574 4361 1774 4410 Comm.
1812 4376 1860 4412 a.
1901 4362 1966 4412 de
2002 4362 2263 4413 descensu
2301 4362 2368 4412 ad
2403 4364 2604 4413 inferos
2639 4370 2694 4413 et
2729 4378 2920 4414 resurr.
2953 4365 3013 4413 D.
3037 4360 3088 4409 N.

620 4446 673 4495 J.
709 4445 768 4495 C.
814 4448 967 4496 Vien.
1006 4450 1154 4497 1629.
1194 4465 1245 4513 p.
1279 4450 1361 4497 33.
1396 4462 1438 4496 s.
1481 4446 1912 4497 Acatholicorum
1949 4447 2052 4498 hac
2094 4449 2158 4498 de
2187 4464 2242 4498 re
2269 4450 2548 4514 opiniones
2586 4450 2863 4500 exhibent:
2900 4451 2950 4499 J.
2973 4450 3088 4509 Aug.

619 4532 988 4596 Dietelmaier‚
1046 4533 1267 4583 historia
1314 4534 1575 4599 dogmatis
1622 4534 1690 4584 de
1739 4534 2000 4585 descensu
2046 4534 2238 4585 Christi
2289 4536 2357 4584 ad
2395 4536 2595 4586 inferos
2632 4535 2887 4587 literaria.
2924 4536 2999 4586 ed.
3031 4532 3088 4583 II.

620 4618 841 4669 Altorfii.
871 4622 1023 4669 1762.
1062 4637 1111 4685 p.
1142 4622 1257 4670 166.
1284 4636 1395 4686 seq.
1444 4619 1666 4687 Lampe,
1695 4620 1818 4671 diss.
1846 4622 1991 4671 XXI.
2018 4639 2068 4688 p.
2097 4623 2213 4671 512.
2241 4636 2282 4671 s.
2333 4622 2472 4681 Post,
2513 4624 2666 4687 epist.
2697 4624 2836 4674 cath.
2863 4640 2938 4689 gr.
2962 4638 3087 4688 perp.
