3267 5259
578 417 663 481 70
1246 430 1361 469 nist.
1392 430 1499 471 nov.
1530 429 1620 469 aiv.
1651 430 1703 471 u.
1727 430 1776 471 τ.
1809 429 1976 471 Pezion.
2007 429 2042 469 1.
2063 438 2158 479 cap.
2187 426 2385 479 prinum.

576 602 855 667 feminas
899 624 1271 689 puerosque
1316 603 1409 666 ita
1451 604 1652 689 pavit,
1697 613 1770 666 ut
1815 611 2066 689 septem
2115 624 2150 665 e
2199 600 2488 687 reliquiis
2533 610 2798 687 sportae
2845 599 3052 685 imple-

575 724 802 779 rentur
825 718 863 778 ¹.
953 714 1055 778 Ne
1112 736 1271 779 vero
1332 716 1545 799 ipsum
1607 716 1882 779 invitum
1941 712 2129 799 plebs
2191 736 2308 798 spe
2369 711 2671 777 similium
2729 712 3054 798 epularum

579 826 815 890 allecta
842 825 1085 911 ubique
1118 828 1556 910 comitaretur,
1590 825 1922 913 extemplo
1950 846 2312 889 conscensa
2343 846 2491 888 cum
2523 824 2860 910 Apostolis
2889 826 3052 887 navi·

580 939 729 1004 cula
748 939 816 1002 in
830 937 1313 1002 Dalmanuthae
1342 938 1625 1003 confinia
1645 941 1825 1003 venit
1847 937 2179 1023 Magedan
2194 938 2240 1020 ²,
2263 935 2376 1001 ubi
2391 936 2780 1001 Pharisaeos
2813 939 3055 1020 signum

581 1051 663 1115 de
704 1051 889 1116 coelo
925 1060 1315 1136 quaerentes
1344 1052 1591 1133 reiecit,
1639 1074 2018 1137 eorumque,
2066 1052 2622 1133 Sadducaeorum,
2656 1058 2722 1114 et
2749 1048 3054 1113 Herodia-

580 1186 813 1227 norum
889 1162 1252 1228 doctrinam
1328 1163 1696 1227 cavendum
1773 1164 1993 1229 docuit
2019 1168 2061 1229 ³.
2167 1164 2576 1229 Transmisso
2657 1162 2810 1227 lacu
2885 1172 3056 1225 extra

579 1274 1001 1339 Bethsaidam
1045 1274 1499 1359 praesentibus
1546 1275 1700 1339 solis
1747 1275 2076 1361 discipulis
2139 1300 2343 1343 coeco
2391 1276 2650 1341 cuidam
2695 1274 2797 1339 bis
2841 1296 3056 1337 manus

581 1388 919 1473 imposuit,
966 1389 1057 1451 ita
1101 1396 1173 1451 ut
1230 1388 1438 1472 primo
1488 1387 1960 1473 aliquantulum
2004 1388 2288 1472 videret,
2333 1399 2485 1475 post
2527 1410 2778 1453 moram
2827 1396 3054 1452 certam

583 1510 802 1565 autem
833 1521 953 1584 per
977 1498 1245 1563 alteram
1274 1521 1583 1564 manuum
1610 1502 2092 1585 impositionem
2127 1524 2322 1587 quam
2351 1503 2680 1587 aptissime
2699 1499 2784 1563 de
2803 1499 3056 1564 obiectis

582 1613 737 1675 visis
794 1610 1111 1675 iudicaret
1128 1614 1171 1675 ⁴.
1252 1611 1507 1677 Christo
1569 1612 1748 1699 apud
1796 1612 2162 1678 Caesareae
2207 1613 2536 1699 Philippi-'³
2579 1616 2798 1677 vicum
2859 1612 3056 1676 scisci-

582 1724 743 1787 tanti
790 1722 872 1787 ab
920 1722 1251 1808 apostoliS,
1300 1745 1495 1809 quem
1542 1747 1691 1788 eum
1737 1724 2032 1789 homines
2081 1749 2222 1790 esse
2272 1725 2611 1789 dicerent?
2665 1724 2898 1788 Petrus
2943 1722 3056 1785 Dei

582 1834 821 1900 Filium
870 1858 1013 1900 esse
1068 1836 1427 1921 profitetur.
1490 1836 1690 1901 Petro
1751 1836 2320 1901 benedictionibus
2391 1836 2720 1901 cumulato
2783 1835 3058 1900 Christus

584 1948 943 2013 Primatum
960 1947 1300 2012 Ecclesiae
1325 1950 1634 2033 assignat,
1651 1949 1944 2034 pollicita
1966 1949 2211 2034 ligandi
2243 1948 2670 2034 solvendique
2691 1956 3004 2034 potestate
3019 1950 3055 2005 6.

584 2060 933 2124 Interdixit
976 2070 1263 2125 attamen
1310 2059 1671 2145 discipulis,
1703 2083 1786 2125 ne
1821 2062 1923 2125 cui
1971 2061 2265 2125 dicerent
2309 2084 2378 2125 se
2427 2084 2570 2125 esse
2617 2060 2846 2125 Jesum
2895 2057 3057 2121 illum

588 2170 934 2255 Christum,
993 2196 1079 2237 ne
1112 2172 1407 2237 homines
1445 2196 1766 2237 novarum
1813 2196 2034 2237 rerum
2073 2174 2294 2259 cupidi
2339 2172 2516 2259 apud
2547 2196 2618 2235 se
2652 2170 3056 2247 confluerent,

588 2306 674 2347 ex
721 2284 955 2370 quibus
1004 2284 1235 2350 seditio
1284 2285 1419 2349 fors
1465 2286 1686 2370 aliqua
1737 2288 1916 2350 nasci
1978 2288 2316 2373 potuisset.
2392 2286 2680 2349 Demum
2726 2280 3056 2369 Apostolos

588 2418 673 2459 ex
722 2398 858 2462 eius
904 2399 1217 2461 societate
1264 2396 1386 2461 sibi
1431 2396 1862 2481 blandientes,
1904 2419 2307 2483 magnasque
2354 2421 2504 2484 spes
2551 2397 2708 2461 inde
2757 2392 3057 2480 agitantes

591 2508 883 2575 Christus
940 2511 1433 2574 imminentis
1495 2512 1900 2595 passionis
1959 2510 2525 2597 praedictione
2571 2502 3056 2589 coercuit3nihil

592 2644 661 2685 se
722 2632 983 2707 praeter
1040 2634 1351 2705 mortem,
1430 2646 1583 2688 suos
1663 2632 1881 2689 autem
1955 2632 2313 2689 sectatores
2393 2622 2730 2689 hominum
2792 2619 2936 2686 odia
2987 2638 3056 2679 ac

592 2737 1080 2820 persecutiones
1145 2758 1412 2799 manere
1435 2739 1457 2778 ⁷

810 2935 845 3002 ¹)
884 2937 1073 2987 Matth.
1112 2940 1192 2998 15,
1225 2939 1306 2987 32.
1343 2952 1383 2989 s.
1442 2938 1608 2987 Marc.
1648 2938 1696 2999 8,
1736 2942 1780 2988 1.
1817 2952 1856 2986 s.
1925 2937 1965 3003 2)
2003 2939 2070 2987 D.
2106 2954 2156 3003 q.
2192 2954 2246 2987 v.
2281 2937 2506 2987 Eusebii
2553 2936 2949 2995 Onomasticon,
2985 2930 3057 2980 ed.

592 3024 813 3073 Larsow
850 3028 903 3073 et
937 3022 1187 3087 Parthey.
1224 3023 1399 3073 Berol.
1430 3025 1580 3073 1862.
1606 3040 1659 3089 p.
1686 3026 1802 3074 271.
1829 3038 1871 3073 s.
1921 3024 2042 3073 Not.
2068 3023 2349 3085 Bonfrerii,
2387 3024 2442 3071 in
2481 3023 2564 3072 ed.
2590 3022 2642 3071 J.
2671 3022 2877 3072 Clerici.
2909 3018 3056 3069 Amst.

595 3112 747 3160 1711.
771 3126 825 3174 p.
854 3110 968 3160 106.
1030 3110 1073 3173 ³)
1111 3110 1298 3159 Matth.
1337 3112 1417 3172 16,
1457 3114 1502 3161 1.
1550 3110 1717 3160 Marc.
1752 3112 1800 3171 8,
1837 3113 1916 3160 11.
1965 3110 2098 3159 Luc.
2129 3112 2217 3172 12,
2255 3112 2337 3159 51.
2375 3124 2418 3159 s.
2478 3108 2520 3175 ⁴)
2557 3108 2724 3158 Marc.
2751 3110 2799 3170 8,
2825 3110 2906 3159 22.
2925 3122 2964 3155 s.
2997 3103 3058 3152 ad

594 3213 644 3262 q.
663 3193 713 3246 ‘1.
751 3196 975 3259 Khellii,
1010 3196 1107 3245 ecl.
1145 3196 1274 3247 Obs.
1306 3196 1387 3259 11,
1427 3199 1505 3247 70.
1542 3212 1583 3247 s.
1645 3196 1686 3262 ⁵)
1725 3197 1786 3246 V.
1824 3196 1946 3246 Not.
1972 3212 2152 3261 geogr.
2179 3214 2229 3261 p.
2257 3196 2443 3245 XCIV.
2505 3195 2547 3261 ὅ)
2583 3195 2772 3247 Matth.
2813 3196 2898 3256 16,
2925 3194 2998 3242 13.
3021 3205 3056 3237 s.

594 3284 725 3333 Luc.
773 3285 821 3345 9,
874 3284 953 3333 18.
1002 3299 1043 3333 s.
1094 3282 1259 3333 Marc.
1307 3286 1355 3345 8,
1394 3286 1476 3333 27.
1514 3300 1556 3333 s.
1606 3282 1660 3332 S.
1699 3283 1751 3333 S.
1790 3283 1850 3332 P.
1889 3283 1948 3332 P.
2002 3288 2056 3332 et
2101 3298 2144 3333 s.
2183 3296 2224 3331 s.
2261 3298 2306 3332 e.
2345 3299 2390 3332 e.
2438 3282 2841 3342 commentaria,
2885 3278 3058 3345 quibus

516 3360 525 3375 ’
594 3384 636 3418 s.
673 3368 885 3419 Codicis
936 3369 1001 3418 de
1050 3369 1195 3418 Petri
1244 3369 1483 3419 Primatu
1538 3371 1719 3435 capita
1772 3368 1930 3419 modo
1987 3366 2276 3437 ἐξηγητικῶς
2333 3369 2674 3419 commentati
2729 3372 2873 3429 sunt,
2919 3363 3058 3414 modo

596 3454 843 3511 δεικτικῶς
880 3470 945 3504 ac
981 3453 1265 3513 διδακτικῶς
1308 3462 1692 3521 exposuerunt,
1741 3456 1898 3506 modo
1947 3452 2232 3524 πολημυιῶς
2285 3454 2638 3516 vindicarunt,
2677 3454 2870 3503 additis
2905 3450 3056 3501 erudi-

598 3542 811 3591 tissimis
837 3542 977 3590 notis
1001 3540 1162 3605 longa
1187 3546 1241 3590 et
1262 3542 1455 3591 illustri
1480 3542 1617 3591 serie
1645 3548 1913 3592 recenset:
1940 3542 2000 3592 C.
2027 3542 2291 3591 Schrader
2317 3541 2370 3591 S.
2393 3541 2430 3591 J
2434 3578 2464 3603 .,
2491 3541 2557 3591 de
2581 3541 2802 3591 Unitate
2827 3541 3058 3588 Romana.

596 3626 741 3676 Frib.
779 3627 929 3676 1862.
954 3642 1007 3691 p.
1035 3630 1150 3677 140.
1178 3644 1219 3677 s.
1282 3628 1321 3691 Ἰ)
1347 3628 1421 3677 Ut
1456 3628 1646 3679 salutis
1681 3630 1990 3693 mysterium
2019 3631 2232 3693 penitus
2269 3633 2598 3693 cognoscant
2633 3628 2792 3677 docet
2825 3642 2926 3685 eos,
2955 3624 3058 3687 quis

598 3714 667 3763 sit
700 3712 985 3763 hominis
1022 3712 1111 3762 ille
1148 3713 1325 3763 Filiu
1342 3728 1382 3775 s,
1410 3720 1667 3779 quantum
1703 3716 1878 3779 ipsum
1901 3717 2014 3779 pati
2041 3720 2300 3780 oporteat,
2327 3714 2454 3780 quid
2479 3714 2710 3779 denique
2741 3714 2892 3763 huius
2913 3710 3056 3772 magi-

598 3800 691 3849 stri
730 3798 919 3848 deceat
954 3804 1260 3849 sectatores.
1298 3798 1403 3849 Sed
1440 3814 1577 3865 quae
1616 3798 1773 3849 docet
1807 3802 2084 3862 Dominus,
2124 3816 2232 3850 non
2269 3816 2334 3849 ea
2369 3815 2478 3865 qua
2523 3814 2622 3865 par
2659 3805 2743 3850 est
2787 3796 3054 3848 attentione

598 3884 887 3935 audiuntur
922 3899 957 3933 a
999 3884 1295 3949 discipulis,
1334 3890 1387 3934 et
1422 3887 1573 3935 varie
1610 3902 1792 3935 corum
1829 3886 2150 3947 diffidentia,
2189 3888 2502 3949 ambitione,
2539 3887 2756 3951 ingenio
2801 3884 2982 3934 hebeto
3015 3885 3061 3929 et

598 3970 752 4021 tardo
800 3976 1027 4020 vexatur
1076 3971 1353 4019 Dominus.
1426 3970 1781 4021 Nihilominus
1834 3971 1970 4021 haec
2024 3974 2204 4022 omnia
2255 3972 2522 4037 patienter
2573 3971 2724 4034 tulit,
2775 3970 3058 4031 viribusque

600 4059 845 4107 omnibus
890 4058 945 4106 in
990 4057 1046 4105 id
1088 4056 1340 4119 intendit,
1386 4061 1447 4105 ut
1492 4061 1545 4106 et
1587 4057 1768 4107 verbis
1815 4064 1868 4107 et
1913 4058 2069 4108 factis
2117 4056 2392 4109 confirmet
2437 4074 2618 4108 eorum
2661 4055 3058 4121 intelligentiam.

599 4144 845 4193 Eundem
878 4143 1121 4205 Petrum,
1160 4143 1251 4207 qui
1289 4142 1533 4191 eximiam
1578 4142 1742 4207 paulo
1789 4148 1912 4193 ante
1951 4144 2116 4194 edidit
2154 4144 2567 4207 confessionem,
2606 4144 2750 4209 quod
2785 4143 2960 4193 Jesum
3001 4138 3057 4185 ab

600 4230 818 4294 indigno
856 4229 1117 4296 supplicio
1156 4244 1409 4279 revocare
1444 4230 1593 4279 nisus
1631 4235 1736 4293 est,
1775 4245 1960 4279 severe
1997 4232 2312 4296 increpavit.
2371 4230 2560 4281 Matth.
2598 4234 2679 4294 16,
2717 4234 2801 4280 21.
2845 4228 2994 4277 Marc-
3015 4226 3056 4280 8,

602 4317 684 4364 32.
732 4318 865 4365 Luc.
893 4320 940 4379 9,
968 4319 1049 4365 22.
1076 4334 1119 4367 s.
