3267 5259
616 426 742 495 mg
1374 436 1569 484 Dodona·
1594 436 1960 493 ὓίαιὼίῑίοιιιιιι
1989 436 2344 493 theologiarum.

616 625 759 680 799.
804 642 855 679 e.
920 620 976 679 J.
1031 620 1099 679 B.
1152 620 1461 697 carpzovii
1479 665 1494 692 ‚
1540 640 1588 679 ιι.
1634 622 1940 679 exercitat.
1987 622 2054 678 in
2093 640 2142 677 s.
2173 618 2366 678 Pauli.
2413 639 2504 696 ep.
2549 619 2626 679 ad
2677 618 2964 677 Hebraeos
3003 640 3064 677 ex

612 724 859 784 Philone
874 768 891 795 ,
934 724 1247 801 prolegom.
1278 724 1616 783 Helmetadt
1655 728 1840 782 1750.
1901 724 1990 781 De
2018 720 2178 799 λόγῳ
2209 723 2478 782 Philonis
2517 742 2636 782 non
2663 722 2701 780 J
2703 724 2974 783 ohannen.
2999 724 3064 781 ih.

617 832 802 887 1749.
854 829 1104 902 Dorner,
1136 830 1231 887 die
1261 828 1452 887 Lehre
1480 848 1541 887 v.
1572 830 1629 885 d.
1653 828 1872 887 Person
1901 826 1964 885 Ο.
1998 827 2050 898 Ι,
2087 832 2188 886 23.
2219 848 2266 885 e.
2296 828 2366 885 F.
2398 830 2474 885 A.
2507 828 2960 899 Staudenmaier,
2989 828 3063 883 die

610 932 801 991 Lehre
842 950 960 991 von
987 933 1093 991 der
1121 932 1259 989 Idee
1290 951 1349 990 u.
1380 952 1439 990 v.
1471 931 1642 1007 gottl.
1687 932 1894 1005 Logoe.
1953 930 2194 989 Gieeeen
2231 934 2414 989 1840.
2449 950 2507 1007 p.
2541 936 2688 989 361.
2719 952 2767 991 a.
2827 931 2906 989 Η.
2933 931 3065 989 Den-

608 1038 829 1110 zinger,
876 1035 949 1093 de
990 1034 1259 1093 Philonis
1297 1034 1693 1112 Philosophia.
1739 1034 2070 1111 Herbipoli.
2115 1038 2300 1093 1840.
2334 1053 2395 1110 p.
2445 1038 2588 1093 142.
2635 1034 2694 1092 J.
2741 1035 2815 1093 G.
2859 1033 3064 1103 millet,

610 1138 829 1198 Philoe.
854 1138 1019 1198 Buoh
1040 1158 1155 1197 von
1176 1138 1281 1197 der
1304 1136 1808 1214 Weltechopfung.
1825 1138 1981 1197 Berl.
2013 1143 2170 1197 1841
2183 1182 2197 1196 .
2229 1138 2606 1211 Grnnnmzmn,
2629 1139 2702 1197 de
2725 1138 2980 1197 Philonis
2989 1156 3066 1212 op.

608 1245 890 1303 continua
916 1246 1084 1301 serie.
1114 1245 1301 1301 1841.
1359 1246 1417 1300 2.
1442 1235 1790 1317 Quaestion.
1821 1242 2056 1302 Philon.
2089 1242 2142 1301 1.
2176 1243 2264 1301 11.
2296 1243 2367 1300 de
2396 1239 2556 1319 λόγῳ
2583 1242 2872 1301 Philonia.
2909 1246 3062 1300 1829.

608 1348 705 1407 Ei.
733 1349 805 1406 de
832 1348 1259 1407 Pharieaeismo
1279 1346 1635 1405 Judaeorum
1665 1346 2070 1405 alexandrino.
2109 1347 2270 1423 Lipe.
2309 1352 2494 1405 1846.
2533 1352 2590 1405 7.
2621 1347 2686 1405 C.
2723 1347 2797 1405 G.
2821 1348 2876 1405 N
2879 1347 3062 1409 iedner,

608 1453 682 1510 de
708 1452 1085 1510 subsistentia
1110 1444 1187 1525 τῷ
1216 1446 1348 1525 θείῳ
1377 1446 1537 1525 λόγῳ
1551 1450 1706 1525 apud
1730 1449 2042 1509 Philonem
2065 1450 2290 1509 tributa
2310 1450 2590 1527 quaestio.
2615 1450 2688 1509 L.
2712 1450 2769 1509 Ι.
2794 1450 2880 1508 11.
2905 1452 3064 1507 1848.

614 1561 673 1615 9.
701 1556 758 1614 J.
790 1556 1036 1626 Bucher,
1069 1552 1433 1630 philonisohe
1460 1552 1727 1611 Studien.
1774 1553 1924 1613 Tiib.
1963 1557 2148 1612 1848.
2187 1572 2244 1629 p.
2283 1558 2384 1612 19.
2407 1575 2456 1612 s.
2500 1554 2583 1613 H.
2614 1554 2932 1624 Inemmer,
2959 1552 3065 1609 Cle-

610 1662 825 1718 mentis
853 1658 953 1717 Al.
984 1660 1056 1717 de
1085 1654 1242 1734 λόγῳ
1272 1658 1539 1717 doctrina
1566 1657 1730 1733 Lips.
1761 1661 1946 1717 1855.
1978 1676 2036 1733 p.
2077 1660 2174 1716 14.
2203 1678 2253 1715 s.
2286 1690 2372 1699 --
2400 1657 2461 1715 S.
2490 1659 2745 1717 ‚Ioannes
2781 1656 3066 1717 olarimime

609 1763 808 1822 docuit
840 1768 895 1833 1,
934 1768 963 1821 1
976 1806 991 1820 .
1022 1759 1169 1839 ,θεὸς
1196 1754 1265 1833 ἦν
1288 1758 1318 1817 3
1340 1756 1555 1837 λόγοςι,
1586 1780 1704 1819 ιιοιι
1725 1760 1992 1821 tenuiore
2021 1762 2410 1821 humilioreve
2437 1782 2612 1819 sensu
2639 1780 2818 1840 quam
2833 1761 3069 1837 proxime

608 1868 949 1927 antecedens
964 1863 1119 1943 ,πρὸς
1138 1862 1230 1923 τὸν
1251 1863 1399 1922 θεόνι
1414 1864 1547 1923 coll.
1578 1870 1629 1935 1,
1653 1870 1712 1923 6.
1745 1870 1842 1923 12.
1867 1869 1964 1922 13.
1991 1869 2048 1936 3,
2073 1870 2128 1923 2.
2155 1870 2256 1923 21.
2281 1868 2379 1935 13,
2401 1868 2460 1923 3.
2491 1870 2589 1937 16,
2611 1870 2714 1925 27.
2733 1869 2838 1923 30.
2859 1863 3068 1923 Philoni

606 1976 811 2030 conti-a
834 1968 885 2047 ,ό
900 1968 1047 2038 θεῖος
1058 1966 1251 2045 λόγος(
1272 1970 1451 2027 etiam
1472 1969 1714 2047 quidem
1729 1970 1886 2027 Deua
1909 1973 2013 2039 eet,
2039 1968 2138 2027 sed
2157 1964 2216 2025 ἐν
2238 1968 2598 2045 καταχρήσει,
2621 1974 2694 2027 nt
2712 1971 2838 2046 ipae
2857 1971 2927 2027 ad
2943 1968 3068 2027 Gen.

610 2079 711 2147 31,
749 2079 849 2134 13.
878 2072 1075 2133 LXX.
1106 2074 1148 2132 i.
1172 2092 1230 2150 q.
1252 2092 1291 2131 a
1310 2072 1433 2131 Deo
1456 2074 1613 2131 mitt.
1643 2092 1848 2131 nomm.
1872 2072 1925 2144 Ι,
1961 2078 2106 2131 655.
2131 2071 2321 2142 dixit3
2353 2092 2470 2150 quo
2495 2092 2674 2131 sensu
2703 2075 2882 2133 etiam
2909 2072 3069 2131 multo

608 2178 851 2237 inferior
870 2172 949 2254 τῷ
969 2174 1127 2253 λόγῳ
1150 2178 1341 2235 virtus
1362 2178 1569 2235 divina
1588 2173 1840 2248 ποιητικὴ
1863 2176 1988 2235 sive
2007 2174 2296 2253 χαριοτική
2327 2178 2470 2235 item
2505 2175 2632 2233 θεοῦ
2653 2197 2868 2237 nomen
2889 2177 3066 2246 tinxit,

606 2284 678 2341 de
707 2282 939 2358 profug.
970 2282 1023 2353 Ι,
1058 2286 1204 2341 560.
1242 2280 1361 2339 Ubi
1390 2286 1587 2339 autem
1616 2299 1830 2339 nomen
1861 2281 1972 2339 Dei
2001 2279 2090 2338 ita
2117 2284 2453 2355 usurpatur,
2499 2280 2684 2339 etiam
2727 2281 2823 2337 τοῦ
2851 2277 3068 2355 δευτέρω

606 2384 734 2443 θεοῦ
762 2384 1094 2462 adpellatio,
1127 2403 1305 2461 quam
1325 2380 1485 2459 λόγῳ
1512 2384 1718 2443 divino
1747 2384 2028 2443 adscribit
2047 2382 2238 2454 Philo,
2273 2384 2340 2441 in
2367 2384 2581 2459 fragm.
2601 2385 2691 2455 11,
2721 2389 2866 2443 625.
2889 2382 3064 2457 magni
3191 2376 3193 2467 ᾗ

604 2491 935 2550 faciendum
978 2508 1097 2547 esee
1141 2508 1257 2547 non
1298 2488 1554 2547 videtur.
1628 2488 1774 2547 coll.
1821 2487 1934 2563 leg.
1983 2487 2221 2562 allegor.
2268 2487 2322 2559 Ι,
2372 2492 2516 2547 128.
2575 2487 2806 2551 Quibus
2851 2489 3064 2557 accedit,

608 2596 758 2673 quod
809 2590 839 2649 3
868 2592 1014 2661 θεῖος
1042 2589 1216 2667 λόγος
1245 2591 1484 2651 Philoni
1516 2611 1635 2651 non
1681 2594 1890 2651 unicus
1917 2596 2010 2651 eui
2039 2593 2268 2667 generis
2297 2625 2382 2634 —
2413 2596 2484 2651 ut
2513 2592 2857 2668 perhibetur
2881 2592 2916 2651 J
2917 2611 3066 2651 oann.

617 2704 669 2767 1,
711 2702 807 2755 14.
841 2730 925 2740 ——
955 2697 1053 2755 sed
1083 2695 1473 2772 plurimorum
1504 2698 1772 2773 princepe
1799 2696 1898 2755 sit.
1931 2695 2004 2753 V.
2035 2696 2078 2755 l.
2113 2714 2170 2774 q.
2195 2716 2232 2755 a
2255 2696 2330 2753 D.
2349 2716 2430 2755 m.
2453 2716 2638 2755 somn.
2659 2696 2714 2767 Ι,
2743 2701 2887 2755 640.
2913 2696 3070 2753 Porro

612 2803 765 2881 qnod
808 2803 1095 2861 rationem
1144 2794 1223 2876 τῷ
1274 2796 1433 2876 λόγῳ
1486 2820 1619 2859 cum
1671 2801 1892 2859 mundo
1935 2800 2390 2859 intercedentem
2433 2802 2682 2871 attinet-3
2735 2800 2776 2857 J
2775 2802 2970 2859 oannis
3017 2802 3069 2855 et

610 2905 876 2964 Philonis
919 2901 1093 2981 λόγος
1144 2906 1397 2964 nimium
1441 2910 1730 2983 quantum
1775 2904 2216 2979 disiunguntur.
2291 2904 2467 2963 Philo
2511 2905 2802 2963 mundum
2843 2902 3068 2961 πάνθειον

611 3011 953 3081 arbitratur,
996 3008 1037 3067 l.
1068 3009 1141 3067 de
1178 3008 1328 3067 conf.
1360 3008 1508 3083 ling.
1542 3009 1595 3080 Ι,
1632 3013 1734 3067 25.
1765 3008 1898 3067 coll.
1923 3008 2036 3083 leg.
2067 3007 2306 3083 allegor.
2330 3008 2385 3080 Ι,
2421 3014 2522 3067 52.
2583 3008 2827 3085 Duplex
2855 3008 3068 3067 interim

610 3113 849 3172 Philoni
880 3109 910 3168 3
938 3110 1143 3184 κόσμος
1172 3116 1289 3170 eet:
1337 3109 1367 3168 3
1398 3110 1589 3183 νοητὸς
1626 3116 1688 3171 et
1723 3110 1754 3167 3
1784 3107 2052 3184 αἰσθητός.
2109 3112 2246 3171 Jam
2286 3108 2460 3187 λόγος
2503 3112 2804 3183 Philonis,
2847 3113 2970 3173 coll.
3009 3111 3068 3169 de

612 3218 818 3277 mundi
849 3216 991 3293 opif.
1016 3216 1069 3286 Ι,
1100 3220 1158 3275 5.
1190 3217 1261 3273 de
1290 3216 1440 3291 prof.
1472 3236 1531 3291 p.
1566 3220 1732 3287 562„
1765 3234 1884 3274 non
1913 3222 2002 3275 est
2029 3220 2246 3275 natura
2271 3236 2310 3274 a
2339 3216 2558 3275 mundo
2585 3222 2838 3287 secreta3
2865 3216 2958 3275 sed
2981 3233 3069 3291 per
3190 3256 3191 3259 =

608 3321 807 3380 omnia
832 3322 899 3379 in
930 3319 1147 3379 mundo
1178 3313 1433 3397 αἰσθητῷ,
1466 3319 1570 3398 qui
1596 3320 1674 3378 ad
1703 3321 2020 3394 imaginem
2055 3319 2149 3377 τοῦ
2179 3319 2371 3391 νοητοῦ
2406 3318 2614 3393 κόσμου
2649 3340 2950 3397 expressus
2973 3324 3064 3387 est,
3190 3346 3191 3395 γ

609 3426 855 3484 diffusus
884 3428 945 3483 et
972 3442 1291 3500 permeans,
1324 3429 1499 3502 atque
1536 3424 1830 3483 disiuncta
1855 3426 2179 3483 continens.
2239 3424 2630 3484 Philonianus
2657 3420 2834 3501 λόγος
2875 3442 2984 3483 non
3008 3430 3067 3479 ut
3189 3450 3191 3495 γ

604 3528 899 3588 Joanneus
916 3573 932 3599 ,
978 3530 1083 3607 qui
1112 3546 1243 3587 caro
1272 3528 1460 3586 factus
1488 3532 1607 3598 eet3
1655 3528 2012 3605 hypostasis,
2059 3528 2158 3586 sed
2204 3528 2397 3604 potius
2441 3546 2832 3605 prosopopaea
2877 3534 2987 3598 eet,
3019 3530 3068 3583 et

608 3634 883 3691 abstracti
928 3632 1071 3710 quid
1117 3636 1553 3707 repraesentans
1570 3676 1584 3703 ,
1632 3632 1787 3711 quod
1846 3632 2038 3690 Deum
2089 3633 2309 3690 attinet
2353 3632 2478 3690 eius
2533 3634 2660 3691 vim
2678 3677 2695 3704 ,
2741 3652 2890 3713 quae
2935 3634 3070 3690 inter

610 3737 988 3811 cogitandum
1027 3736 1461 3813 cogendumque
1507 3737 1794 3795 mundum
1831 3755 1909 3795 ex
1935 3740 2172 3795 aeterno
2198 3729 2277 3810 τῷ
2307 3732 2418 3793 ὄντι
2443 3735 2614 3795 velut
2639 3737 2944 3797 affulserit.
2993 3734 3068 3793 De

608 3841 881 3912 somn.1‚
918 3844 1063 3898 632.
1125 3838 1385 3899 Verbum
1415 3839 1686 3899 Philonis
1713 3858 1832 3899 non
1861 3844 1950 3898 est
1977 3858 2252 3916 persona,
2299 3858 2488 3918 neque
2532 3841 2898 3919 coaequalem
2923 3838 3068 3899 Patri

608 3951 885 4004 naturam
929 3944 1187 4002 denotat.
1248 3944 1517 4021 Denique
1560 3945 1768 4021 quodsi
1809 3939 1983 4020 λόγου
2025 3944 2062 4001 J
2063 3964 2274 4003 oanne1
2319 3963 2454 4003 cum
2480 3944 2839 4005 Philoniano
2864 3942 3066 4021 praedi-

606 4054 737 4108 eata
798 4049 1181 4119 conferimus3
1250 4048 1311 4105 id
1370 4048 1523 4126 quod
1582 4050 1830 4107 maximi
1889 4050 2170 4107 momenti
2229 4054 2346 4107 eet:
2407 4048 2774 4109 Redemtoris
2831 4045 3066 4125 promissi

608 4154 883 4231 omnique
926 4171 1071 4210 aevo
1108 4172 1145 4210 a
1179 4152 1217 4209 J
1218 4152 1416 4211 udaeis
1458 4154 1782 4227 exspectati
1821 4151 2100 4225 officium,
2149 4153 2214 4211 in
2245 4152 2354 4211 hoc
2395 4154 2588 4211 deesse
2638 4152 3066 4213 observabimus.

608 4257 845 4315 Dicitur
871 4256 1109 4333 quidem
1138 4252 1310 4332 λόγος
1338 4276 1376 4315 a
1403 4255 1654 4314 Philone
1699 4252 1884 4328 ἱκέτης
1901 4300 1918 4333 ,
1963 4252 2320 4333 παράκλητος
2335 4298 2354 4333 ,
2400 4258 2520 4316 ἰιιιο
2557 4252 2850 4335 ἀρεσκείας
2875 4247 3066 4331 κεφαλὴ

608 4354 701 4417 καὶ
745 4356 927 4428 τέλος.
987 4358 1208 4418 Verum
1251 4360 1394 4419 haec
1436 4362 1634 4419 omnia
1678 4360 1973 4419 doctrinae
2011 4360 2348 4419 Platonicae
2375 4366 2438 4419 et
2463 4360 2693 4419 Stoicae
2721 4382 2798 4421 ex
2825 4356 3066 4419 Philonis
3188 4350 3189 4405 ἰ

608 4470 803 4523 mente
848 4464 1329 4523 accommodanda
1370 4470 1527 4537 sunt,
1574 4470 1638 4523 et
1671 4484 1746 4525 ne
1791 4464 2264 4541 personalitatem
2308 4466 2546 4544 quidem
2582 4461 2758 4542 λόγου
2787 4465 3068 4523 inducunt.

608 4568 915 4627 Euan-atie
946 4570 1064 4627 iam
1092 4568 1187 4627 his
1214 4568 1463 4645 singulis
1492 4570 1788 4629 doctrinae
1817 4568 2107 4645 capitibus
2135 4574 2370 4628 tantum
2399 4568 2820 4629 Philonianum
2847 4570 2991 4627 inter
3015 4569 3072 4621 et
