3267 5259
1278 423 1419 466 Coena
1446 423 1635 466 Domini.
2573 415 2694 478 103

212 597 429 661 Petrus
476 599 977 662 commonitorio
1032 599 1241 663 isthoc
1291 597 1527 664 Christi
1583 620 1886 663 sermone
1935 602 2308 682 exterrituS,
2365 609 2430 664 et
2475 600 2558 665 ab
2609 624 2686 665 co

212 685 701 796 propter‘quem
734 712 989 774 omnia¹
1036 711 1391 796 reliquerat
1434 713 1726 797 separari
1755 721 2075 795 metuens,
2106 713 2425 776 voluntati
2458 711 2695 778 Christi

212 845 275 886 se
318 820 637 886 submittit
684 831 750 886 et
792 823 997 908 pedes
1042 822 1359 888 lavandos
1410 833 1702 910 promte3
1752 825 1884 888 imo
1907 825 1934 866 ²
1983 847 2118 888 non
2168 834 2422 889 tantum
2467 826 2692 912 pedeS,

212 934 317 998 sed
346 943 409 998 et
439 944 648 1020 caput
680 945 746 998 et
774 958 1003 1000 manus
1034 935 1349 1000 lavandas
1398 935 1684 1000 exhibet.
1749 935 1858 1000 Ad
1891 958 2060 1021 quae
2095 936 2387 1002 Christus
2415 942 2692 1023 regerit:

212 1045 333 1110 Illis
388 1047 498 1131 qui
561 1049 697 1111 iam
756 1057 951 1112 antea
1008 1047 1125 1112 loti
1186 1059 1363 1130 sunt,
1431 1070 1565 1113 non
1630 1047 1757 1112 alia
1817 1070 2014 1133 quam
2076 1047 2322 1134 pedum
2379 1049 2536 1116 lotio
2599 1062 2697 1115 est

213 1161 587 1224 necessaria.
658 1159 879 1239 Quare
928 1183 1075 1224 cum
1125 1184 1242 1225 vos
1286 1159 1589 1247 Apostoli
1612 1165 1656 1242 ³,
1706 1171 1771 1224 et
1799 1162 1969 1252 inter
2014 1183 2148 1244 eos,
2194 1171 2262 1226 tu
2310 1161 2527 1247 Petre,
2560 1166 2696 1228 sitis

213 1271 313 1334 loti
353 1293 429 1335 ac
475 1272 730 1355 mundi,
764 1271 911 1338 ideo
944 1295 1077 1336 non
1112 1274 1361 1358 eapitis,
1392 1295 1519 1337 nec
1549 1295 1881 1355 manuum,
1915 1273 2031 1337 sed
2064 1272 2408 1338 dumtaxat
2452 1275 2694 1361 pedum

216 1465 355 1514 modo
391 1465 607 1530 quidem
646 1480 681 1515 a
717 1467 906 1515 notitia.
951 1470 1046 1515 tua
1092 1465 1489 1527 absconditum,
1536 1480 1822 1532 progressu
1872 1481 1998 1515 vero
2048 1468 2301 1532 temporis
2350 1484 2433 1516 me
2478 1467 2694 1518 doctore

214 1551 298 1598 tibi
340 1553 658 1602 innotescet.
720 1551 947 1602 Occasio
997 1553 1398 1618 disceptationis
1445 1554 1760 1618 proponitur
1807 1554 1897 1613 13,
1937 1555 1984 1602 6.
2030 1555 2085 1602 in
2125 1568 2233 1619 qua
2277 1555 2510 1604 occurrit
2551 1556 2696 1604 Petri

217 1639 488 1702 oppositio,
527 1640 693 1689 sicuti
738 1656 787 1690 v.
822 1642 871 1689 8.
931 1639 1217 1704 Indignum
1262 1643 1317 1688 et
1360 1645 1766 1705 praeposterum
1813 1645 1896 1689 est
1940 1641 2016 1689 ait
2059 1641 2278 1703 Petrus,
2327 1646 2390 1690 ut
2431 1641 2694 1691 Dominus

215 1739 351 1774 servo
394 1725 561 1791 pedes
611 1727 826 1788 abluat,
864 1727 971 1776 iam
1019 1741 1147 1775 vero
1186 1731 1242 1776 tu
1281 1741 1337 1775 es
1373 1727 1662 1788 Dominus,
1710 1742 1809 1790 ego
1857 1741 2057 1777 servus.
2105 1727 2260 1777 Unde
2307 1730 2463 1778 etiam
2511 1728 2694 1794 colligi

218 1817 402 1875 potest,
452 1827 621 1878 quare
681 1813 869 1862 Petrus
923 1814 1252 1863 recusaverit
1303 1813 1499 1879 pedum
1548 1813 1803 1862 lotionem
1857 1813 2152 1862 admittere.
2224 1815 2385 1864 Petro
2439 1815 2694 1864 lotionem

217 1896 469 1948 admittere
504 1902 760 1949 renuenti
806 1900 1080 1966 respondit
1124 1900 1285 1950 Jesus
1321 1916 1371 1949 V.
1416 1901 1479 1962 7.,
1519 1914 1624 1964 quo
1661 1899 1878 1948 Petrum
1918 1901 2251 1964 ignorantiae
2297 1902 2497 1966 arg-um
2537 1901 2695 1950 simul

222 1984 361 2034 etiam
410 1986 585 2051 ipsum
644 1987 910 2048 hortatur,
966 1991 1027 2036 ut
1080 1988 1216 2036 citra
1269 1987 1433 2036 ullam
1486 1987 1979 2051 tergiversationem
2034 1985 2136 2036 hoc
2190 1986 2404 2037 lotionis
2461 1987 2694 2038 officium

219 2069 465 2133 admittat,
502 2073 620 2122 fore
662 2079 721 2123 ut
756 2089 851 2123 suo
896 2079 1133 2138 tempore
1180 2074 1293 2122 eius
1338 2075 1644 2137 mysterium
1691 2071 1970 2137 intelligat.
2034 2073 2138 2121 Sed
2187 2074 2313 2138 quia
2361 2089 2469 2123 non
2517 2076 2694 2123 statim

218 2158 501 2220 mysterium
550 2159 693 2209 illud
746 2161 1049 2225 explicabat
1103 2159 1371 2220 Christus,
1422 2159 1545 2208 inde
1602 2159 1792 2208 Petrus
1848 2159 1984 2208 sorte
2040 2160 2415 2224 suspicabatur
2469 2160 2694 2226 exempli

220 2247 400 2293 tantum
426 2261 589 2296 causa
624 2247 767 2296 hane
801 2247 1053 2296 lotionem
1092 2248 1378 2311 suscipere,
1415 2245 1535 2294 ideo
1569 2247 1744 2311 pergit
1781 2247 1936 2294 reniti
1973 2263 2022 2295 V.
2048 2248 2096 2295 8.
2146 2247 2208 2294 Ιη
2244 2247 2362 2296 aliis
2398 2248 2576 2312 potius
2603 2249 2693 2309 ait,

221 2344 359 2393 quam
392 2333 445 2381 in
480 2349 565 2382 me
608 2333 717 2382 hoc
754 2333 1065 2384 humilitatis
1105 2332 1403 2398 exemplum
1440 2337 1630 2394 statue,
1666 2348 1764 2396 ego
1801 2334 1854 2380 in
1896 2338 2166 2382 aeternum
2205 2333 2337 2382 illud
2364 2350 2470 2382 non
2508 2334 2695 2382 admit-

222 2421 336 2478 tam,
370 2419 423 2468 in
470 2421 753 2485 quibusvis
802 2422 1008 2486 potius,
1057 2435 1216 2486 quam
1262 2421 1319 2468 in
1367 2419 1469 2468 hoe
1514 2419 1796 2468 intleceute
1845 2420 1987 2468 facto
2037 2420 2134 2468 tibi
2181 2421 2464 2485 obsequar.
2538 2419 2694 2470 Hanc

220 2501 347 2552 Petri
392 2508 783 2557 recusationem
833 2512 1093 2556 excusant
1125 2523 1169 2557 s.
1210 2506 1644 2570 chrysostomus,
1697 2507 1754 2554 in
1802 2506 1998 2556 Joann.
2035 2506 2173 2555 hom.
2207 2507 2383 2568 LXX,
2421 2509 2468 2556 2.
2519 2506 2693 2572 „quod

224 2604 313 2637 non
348 2595 493 2656 parvi
528 2595 729 2643 amoris
766 2595 1205 2659 reverentiaeque
1242 2595 1450 2657 signum
1486 2593 1635 2641 fuit.“
1685 2609 1736 2656 p.
1763 2594 1881 2641 415.
1908 2609 1948 2642 s.
1979 2591 2242 2656 Cyrinus,
2278 2594 2335 2641 in
2370 2593 2566 2642 Joanu.
2591 2593 2692 2643 Ev.

222 2674 251 2722 1.
285 2676 367 2725 lx.
400 2679 481 2730 ed.
516 2679 721 2746 Migne.
759 2680 889 2742 VII,
928 2682 1044 2729 116.
1078 2697 1121 2730 s.
1171 2678 1632 2744 Theophylactus,
1670 2678 1705 2727 l.
1733 2693 1775 2727 s.
1802 2694 1848 2727 c.
1874 2695 1926 2742 p.
1962 2680 2077 2728 752.
2132 2679 2362 2744 „Magna
2397 2680 2696 2729 reverentia

226 2761 349 2812 Petri
394 2781 519 2832 erga
562 2768 901 2832 magistrum,
950 2767 1093 2816 unde
1146 2773 1199 2815 et
1245 2766 1489 2831 religiose
1528 2765 1666 2814 hanc
1705 2767 1820 2815 eius
1865 2780 2046 2815 curam
2084 2781 2117 2814 a
2153 2781 2212 2816 se
2259 2767 2559 2816 amandat.“
2621 2767 2696 2817 Et

226 2863 335 2898 sane
377 2855 715 2904 concedimus
765 2854 1049 2919 quamdam
1091 2849 1375 2922 θερμότητα,
1430 2854 1543 2902 sive
1597 2853 1862 2902 servorem
1917 2857 1976 2901 ut
2024 2852 2216 2902 Graeci
2267 2854 2324 2902 P.
2370 2854 2429 2903 P.
2467 2858 2693 2904 vocant:

226 2941 561 3003 reverentiae,
598 2940 941 3002 humilitatis,
981 2942 1175 2990 amori·
1225 2955 1353 3005 erga
1390 2939 1654 2989 Christum
1703 2941 1760 2988 in
1796 2940 1942 2988 Petri
1986 2945 2202 3005 pectore
2250 2940 2440 3002 fuisse,
2477 2946 2694 3006 propter

230 3037 369 3084 quam
401 3025 647 3091 religiose
686 3027 801 3075 eius
838 3043 1021 3076 curam
1060 3042 1093 3076 a
1119 3043 1175 3077 se
1215 3025 1483 3075 amandat.
1530 3025 1842 3090 Respondet
1879 3025 2134 3089 Christus,
2173 3027 2219 3075 si
2242 3027 2318 3076 ita
2353 3027 2480 3075 mihi
2515 3029 2694 3092 pergis

228 3107 473 3173 reluctari,
528 3116 573 3164 si
612 3130 722 3163 non
770 3114 1065 3177 obedieris,
1112 3119 1331 3179 propter
1386 3113 1529 3162 istud
1584 3113 1981 3162 inobedientiae
2035 3118 2317 3180 peccatum
2371 3129 2481 3162 non
2539 3119 2692 3179 potes

231 3197 431 3260 amplius
466 3199 667 3250 habere
703 3207 907 3266 partem
942 3216 1166 3250 mecum.
1230 3201 1485 3261 Quamvis
1534 3200 1675 3249 enim
1719 3201 1924 3250 isthaec
1965 3201 2160 3266 pedum
2197 3200 2325 3250 lotio
2366 3206 2507 3250 esset
2543 3203 2597 3250 in
2635 3217 2693 3250 se

231 3295 283 3329 ac
322 3299 409 3347 per
453 3301 509 3335 se
555 3294 711 3338 actus
758 3288 1090 3349 indifferens,
1137 3291 1315 3337 tamen
1361 3303 1425 3336 ex
1472 3287 1725 3338 mandato
1777 3287 1974 3336 Christi
2019 3289 2324 3337 necessaria
2369 3287 2694 3336 reddebatur

233 3366 355 3418 illius
388 3371 713 3436 observatio,
753 3389 816 3424 ac
854 3374 1076 3440 proinde
1114 3374 1303 3424 Petrus
1342 3389 1457 3423 eam
1496 3373 1727 3423 finaliter
1773 3375 2104 3439 repudiando
2154 3381 2432 3439 peecatum
2469 3376 2692 3423 mortale

234 3458 572 3522 commisisset,
613 3467 829 3526 propter
864 3459 1007 3526 quod
1050 3475 1083 3509 a
1116 3459 1313 3509 Christi
1351 3462 1617 3510 consortio
1663 3462 1854 3510 fuisset
1897 3467 2193 3526 separatus.
2253 3461 2338 3509 Ita
2375 3477 2415 3510 s.
2441 3461 2691 3523 Basilius,

235 3539 279 3587 in
303 3558 481 3604 proem.
506 3547 673 3612 regul.
700 3549 867 3596 fusius
894 3553 1045 3596 tract.
1072 3563 1125 3596 11.
1150 3551 1199 3596 3.
1226 3547 1308 3597 ed.
1336 3547 1464 3596 Ben.
1492 3548 1561 3608 ΙΙ,
1589 3549 1706 3596 329.
1729 3563 1770 3596 s.
1811 3547 2042 3612 Cyrillus
2066 3547 2169 3610 AL,
2195 3547 2228 3596 l.
2256 3565 2300 3596 e.
2325 3565 2378 3612 p.
2403 3549 2517 3597 118.
2558 3547 2690 3596 Cum

233 3640 341 3676 vero
382 3646 423 3678 α.
461 3631 671 3683 Christo
710 3635 869 3684 etiam
908 3634 1044 3683 alias
1091 3635 1343 3684 usitatum
1373 3635 1565 3699 fuerit,
1605 3649 1640 3684 a
1675 3634 1836 3684 rebus
1873 3634 2242 3699 corporalibus
2287 3635 2356 3683 ad
2393 3635 2694 3700 spiritualia·

240 3710 471 3768 beneficia
512 3720 765 3784 transire;
809 3720 931 3771 coll.
963 3721 1163 3770 Joann.
1202 3722 1261 3782 4,
1302 3724 1381 3770 13.
1432 3723 1489 3783 6,
1520 3723 1601 3770 27.
1653 3723 1709 3783 9,
1747 3723 1830 3772 39.
1870 3726 2031 3786 atque
2081 3719 2124 3786 β,
2164 3737 2284 3771 cum
2330 3724 2384 3771 in
2433 3721 2690 3771 eiusmodi

240 3801 470 3867 ambiguis
522 3809 794 3873 responsis
842 3823 951 3857 non
996 3808 1167 3858 solum
1213 3810 1383 3858 maior
1428 3811 1508 3856 vis
1553 3809 1682 3856 insit
1717 3808 1812 3856 sed
1851 3812 1903 3856 et
1938 3809 2111 3872 gratia
2159 3815 2212 3858 et
2257 3809 2526 3872 elegantia
2571 3807 2691 3857 coll.

238 3883 399 3938 Matth.
423 3893 471 3952 8,
494 3895 608 3944 22:
648 3894 923 3959 Origenes,
960 3911 1145 3944 comm.
1183 3897 1241 3944 in
1278 3896 1379 3944 Er.
1413 3895 1609 3944 Joann.
1651 3897 1697 3943 2.
1737 3894 1960 3943 XXXII.
1999 3897 2048 3956 2,
2084 3894 2166 3944 ed.
2200 3895 2403 3944 Lomm.
2440 3895 2519 3955 11,
2557 3895 2691 3954 381„

241 3986 274 4019 s.
292 3973 587 4044 Bernardus,
610 3997 851 4031 sermone
871 3983 925 4030 in
946 3997 1115 4032 coena
1134 3983 1287 4032 Dom.
1308 3983 1380 4031 11.
1402 3986 1449 4043 1,
1472 3984 1589 4031 293.
1612 3980 1974 4042 Maldonatus‚
2000 3999 2052 4047 p.
2084 3984 2231 4031 1719.
2266 3987 2407 4030 recte
2434 3985 2690 4040 statuunt,

242 4058 477 4116 Christum
509 4070 563 4118 in
602 4069 759 4118 Petro
800 4083 953 4118 omne
992 4068 1259 4118 hominum
1296 4083 1465 4133 genus
1502 4068 1722 4132 alloqui,
1761 4068 2060 4133 docereque
2110 4070 2386 4128 neminem,
2427 4069 2529 4115 nisi
2567 4082 2600 4115 a
2635 4081 2692 4116 se

244 4145 423 4200 lavetur
454 4161 655 4218 partem
692 4171 873 4204 secum
908 4155 1105 4204 habere
1142 4171 1315 4220 posse.
1364 4157 1495 4216 Quis
1522 4156 1662 4204 enim
1695 4156 1796 4204 nisi
1825 4153 2020 4204 Christi
2058 4155 2198 4203 lotus
2237 4161 2397 4218 atque
2434 4159 2691 4218 purgatus

244 4239 471 4299 sanguine
505 4243 687 4292 salvus
725 4257 843 4292 esse
880 4245 1092 4307 potest?

426 4327 461 4391 ²)
496 4327 681 4378 Matth.
711 4332 799 4390 19,
827 4331 909 4378 27.
972 4329 1015 4392 ²)
1052 4330 1139 4378 Ex
1174 4331 1366 4379 amoris
1404 4345 1533 4396 erga.
1570 4329 1836 4380 Christum
1876 4329 2238 4377 exuberantia.
2289 4328 2487 4377 Joann.
2527 4331 2613 4390 13,
2643 4331 2690 4378 9.

249 4404 282 4468 ³)
314 4408 419 4461 Uno
454 4421 687 4482 excepto.
714 4415 955 4466 Christus
985 4419 1065 4476 13,
1096 4419 1177 4466 10.
1214 4416 1437 4466 dicendo
1480 4431 1607 4478 „vos
1630 4415 1814 4464 mundi
1847 4415 1973 4463 estis
2011 4413 2106 4462 scd
2143 4429 2250 4464 non
2289 4421 2521 4476 omnes“‚
2556 4419 2692 4464 teste

252 4489 292 4540 d.
312 4493 499 4550 Josnne
531 4519 579 4551 v.
618 4506 701 4553 11.
738 4505 965 4553 immane
1002 4503 1179 4554 scelus
1214 4503 1249 4553 J
1254 4503 1391 4554 udae
1427 4503 1700 4552 indicavit.
1764 4501 1918 4552 Unde
1955 4501 2166 4550 minime
2205 4501 2524 4564 dubitamus,
2565 4504 2694 4568 quin

252 4583 295 4626 et
322 4581 473 4636 sudas
504 4591 639 4640 inter
678 4589 967 4655 discipulos
1003 4589 1177 4652 fuerit,
1216 4605 1439 4655 quorum
1478 4590 1641 4654 pedes
1680 4589 1812 4639 lavit
1846 4587 2024 4638 Jesus.
