3267 5259
1214 457 1415 498 christm
1442 457 1627 508 patim.
2545 451 2666 514 129

182 624 449 706 dixisse,
516 649 593 690 se
654 625 999 713 Templum
1060 651 1441 694 eversurum
1496 641 1561 694 et
1616 633 1812 696 trium
1859 631 2109 696 dierum
2156 635 2366 718 spatio
2413 635 2664 698 restitu-

182 747 389 800 turum
410 741 451 802 ¹.
488 738 535 802 J
539 761 659 804 esu
687 762 811 804 nec
846 741 1199 827 quidquam
1215 753 1577 826 reponente
1604 766 1896 808 summus
1914 744 2222 810 sacerdos
2241 747 2285 826 ²,
2308 767 2579 830 sperans
2595 769 2664 810 se
2689 769 2704 782 ·

180 859 565 916 venaturam
596 851 839 938 aliquid
884 875 972 918 ex
1017 876 1129 918 ore
1180 853 1432 938 Christi,
1466 855 1644 941 quod
1676 856 1896 920 facere
1927 866 2149 943 posset
2180 856 2267 920 ad
2305 879 2454 921 eum
2487 857 2664 922 dam-

180 962 483 1045 nandum,
533 966 959 1049 interrogavit
1019 989 1135 1030 cur
1191 966 1349 1030 nihil
1406 968 1880 1054 responderet?
1903 971 1928 1012 ³
2010 969 2053 1033 J
2065 991 2240 1033 esus
2306 992 2464 1035 vero
2535 995 2666 1036 non

180 1078 379 1140 minus
442 1099 529 1140 ac
590 1089 786 1141 antea
860 1078 1063 1142 tacuit
1080 1081 1123 1143 ⁴.
1208 1077 1396 1144 Tunc
1458 1079 1741 1166 Caiphas
1815 1090 1887 1144 ut
1947 1103 2032 1146 ex
2103 1083 2304 1166 ipsius
2365 1105 2664 1148 sermone

181 1185 405 1252 elicere
452 1199 687 1274 posset
731 1191 1238 1274 confessionem,
1287 1214 1483 1277 quam
1529 1192 1834 1257 sufficere
1882 1193 2296 1258 existimabat
2341 1193 2426 1258 ad
2482 1194 2663 1258 dam-

178 1300 491 1384 nandum3
548 1303 930 1387 interposita
971 1303 1384 1368 iurisiurandi
1442 1304 1756 1390 religione
1801 1307 1984 1370 iussit
2029 1327 2178 1370 eum
2225 1306 2464 1388 dicere,
2508 1330 2662 1371 num

179 1415 309 1498 ipse
354 1414 441 1478 sit
488 1413 784 1478 Christus
828 1415 957 1480 Dei
1002 1415 1291 1480 Filius?⁵
1358 1415 1477 1481 Cui
1539 1417 1765 1482 Jesus:
1814 1427 1886 1482 tu
1931 1418 2178 1502 dixisti3
2227 1422 2382 1505 quin
2427 1417 2663 1483 Filium

178 1524 448 1590 hominis
496 1525 837 1591 Dexterae
882 1528 1013 1592 Dei
1058 1528 1487 1612 assidentem,
1548 1530 1831 1594 nubibus
1889 1541 2151 1595 vectum
2211 1531 2298 1596 ad
2351 1530 2661 1595 iudicium

181 1636 649 1703 descensurum
693 1661 812 1706 vos
856 1640 1207 1727 aliquando
1254 1644 1507 1707 visuros
1552 1642 1884 1728 praedico.
1931 1642 2052 1708 His
2098 1643 2334 1708 auditis
2382 1642 2664 1730 Caiphas

180 1748 431 1814 discidit
474 1752 869 1816 vestimenta
913 1756 1087 1836 suass,
1136 1763 1201 1817 et
1244 1753 1435 1819 nullis
1480 1754 1755 1841 amplius
1803 1777 1964 1840 opus
2012 1778 2152 1820 esse
2198 1754 2662 1841 testibuspro-

179 1865 459 1946 nuntiat,
519 1863 607 1927 ad
652 1863 697 1928 J
699 1887 879 1928 esum
926 1875 1135 1931 morte
1183 1865 1626 1930 mulctandum
1645 1871 1686 1950 ⁷,
1751 1869 2058 1952 quoniam
2103 1869 2224 1953 ipsi
2270 1866 2666 1931 audivissent

184 1995 323 2038 eum
362 1974 951 2062 blasphemantem.
1001 1977 1219 2063 Rogat
1246 1980 1466 2064 itaque
1498 1978 1896 2065 reliquorum
1928 1979 2257 2063 suffragia,
2294 1981 2404 2064 qui
2436 1978 2479 2042 J
2483 2001 2663 2044 esum

180 2097 511 2173 tamquam
556 2086 1011 2174 blasphemum
1055 2101 1331 2156 mortem
1376 2093 1688 2156 meruisse
1753 2091 2052 2156 clamant.
2123 2089 2166 2156 J
2171 2114 2286 2156 esu
2331 2091 2660 2174 damnato,

183 2198 586 2285 adparitores
641 2203 753 2287 qui
809 2203 1101 2266 vinctum
1161 2203 1473 2268 tenebant
1530 2203 1711 2268 illum
1773 2213 1846 2267 ut
1888 2202 2217 2269 hominem
2265 2203 2417 2268 diris
2464 2202 2660 2267 devo-

180 2315 383 2395 tumss,
455 2315 635 2378 omni
703 2312 1129 2380 ludibriorum
1205 2326 1401 2402 atque
1473 2315 2012 2381 contumeliarum
2097 2337 2342 2401 genere
2415 2337 2662 2380 vexare

185 2436 562 2511 coeperunt.
610 2426 856 2512 Impuri
885 2426 1182 2492 homines
1212 2428 1255 2492 J
1259 2451 1441 2492 esum
1474 2430 1680 2514 sputis
1706 2431 2244 2494 contaminarunt.
2293 2429 2372 2492 In
2403 2429 2658 2512 signum

199 2647 589 2655 *—

388 2785 426 2850 ¹)
453 2786 631 2836 Erant
652 2785 705 2834 hi
732 2785 834 2836 duo
859 2785 981 2836 falsi
1004 2790 1185 2849 testes,
1213 2787 1465 2851 quoniam
1490 2801 1525 2836 a
1546 2787 1682 2837 Jesu
1706 2801 1764 2836 se
1791 2786 2058 2838 audivisse
2078 2786 2366 2852 quidquam
2385 2789 2662 2850 testantur,

186 2871 320 2934 quod
344 2873 439 2936 ita,
467 2876 531 2922 ut
546 2871 627 2921 illi
643 2872 937 2937 proferunt,
957 2873 1155 2922 dictum
1173 2878 1255 2922 est
1272 2887 1571 2938 numquam.
1597 2873 1862 2924 Christum
1886 2878 2112 2924 onerant
2135 2873 2350 2922 crimine
2369 2873 2657 2922 irreveren-

178 2957 277 3006 tiae
302 2971 433 3023 erga
462 2958 763 3024 Templum3
800 2963 979 3008 tamen
996 2959 1157 3009 Jesus
1192 2960 1239 3010 si
1264 2958 1350 3008 vel
1374 2960 1597 3008 maxime
1624 2959 1856 3022 dixisset,
1879 2959 2022 3024 quod
2045 2959 2166 3009 falsi
2189 2963 2351 3008 testes
2380 2957 2662 3021 affimant,

179 3043 301 3093 nihil
325 3045 541 3096 locutus
566 3045 769 3107 fiiisset,
796 3045 939 3110 quod
962 3045 1187 3096 iudicari
1210 3051 1421 3110 poterat
1440 3049 1610 3095 morte
1635 3059 1752 3095 esse
1783 3045 2024 3110 dignum;
2046 3061 2200 3096 omne
2225 3045 2369 3110 quod
2395 3061 2460 3094 ex
2484 3045 2662 3094 verbis

178 3129 305 3179 Jesu
328 3131 517 3181 hiferri
541 3133 818 3196 potuisset,
842 3146 988 3181 vana
1008 3133 1268 3182 iactantia
1292 3133 1682 3197 ostentatioque
1705 3132 1820 3182 fuit.
1847 3132 1888 3198 ²)
1914 3132 1993 3182 Ac
2013 3133 2058 3181 si
2075 3133 2251 3197 gravis
2271 3132 2410 3182 soret
2424 3131 2556 3181 haec
2577 3145 2662 3180 ac-

180 3219 395 3267 cusatio.
429 3216 477 3282 ³)
504 3218 568 3278 Q.
588 3217 639 3268 d.
666 3217 821 3268 Certe
846 3233 955 3268 non
978 3218 1111 3268 levis
1136 3219 1405 3268 accusatio
1432 3223 1536 3268 est:
1565 3217 1816 3284 templum
1836 3218 1941 3268 Dei
1966 3218 2262 3280 destruere,
2300 3219 2420 3282 quis
2448 3217 2550 3267 hoc
2573 3216 2663 3267 vel

180 3304 413 3366 cogitare
442 3305 597 3366 ausit,
624 3304 727 3354 nisi
752 3303 1079 3370 sacrilegus?
1102 3303 1143 3370 ⁴)
1168 3304 1339 3353 Valde
1365 3304 1674 3367 notandum,
1699 3305 1844 3369 quod
1868 3304 2106 3354 Christus
2132 3320 2306 3368 neque
2331 3305 2386 3352 in
2415 3302 2661 3367 synedrio

178 3389 435 3442 adversus
472 3390 639 3440 falsos
674 3395 865 3454 testes,
912 3407 1085 3456 neque
1118 3392 1177 3440 in
1212 3391 1479 3456 praetorio
1518 3390 1774 3440 adversus
1809 3391 2140 3440 Judaeorum
2183 3388 2488 3456 pontifices,
2537 3390 2664 3454 quia

181 3491 243 3524 ex
276 3477 549 3528 iudicibus
583 3479 639 3526 in
676 3483 885 3528 actores
922 3483 1075 3528 erant
1108 3479 1369 3540 conversi,
1406 3493 1465 3526 se
1501 3477 1812 3528 defenderit.
1857 3476 2012 3526 Siluit
2048 3491 2226 3526 coram
2260 3475 2500 3538 Judaeis,
2538 3477 2664 3540 quia

182 3563 541 3614 testimonium
576 3563 753 3628 quoad
797 3564 963 3613 verba
1006 3567 1060 3613 et
1106 3577 1321 3613 sensum
1367 3569 1483 3613 erat
1524 3565 1819 3627 inversum;
1875 3563 2022 3612 siluit
2069 3577 2248 3612 coram
2291 3562 2662 3625 Procuratore,

185 3663 343 3699 eausa
377 3651 484 3700 fuit
519 3649 891 3714 quaestionum
926 3649 1185 3714 qualitas,
1232 3663 1369 3714 quae
1406 3650 1477 3699 ad
1515 3649 1680 3700 Pilati
1715 3651 1888 3700 forum
1933 3665 2042 3700 non
2085 3649 2430 3715 spectabant,
2475 3649 2664 3714 partim

184 3735 499 3798 sublimitas,
526 3751 647 3785 cum
680 3737 795 3801 ipse
834 3749 1015 3786 earum
1052 3734 1431 3800 capiendarum
1464 3750 1564 3802 par
1597 3751 1706 3786 non
1743 3741 1900 3786 esset.
1935 3737 2174 3787 Locutus
2213 3742 2308 3798 est,
2336 3736 2548 3802 quando
2575 3735 2662 3785 vel

182 3822 547 3888 indignitatem
584 3823 713 3873 facti
748 3822 965 3873 volebat
1001 3821 1321 3888 exprobrare
1356 3824 1609 3886 inimicis3
1666 3822 1852 3873 Matth.
1891 3825 1976 3886 26,
2004 3825 2087 3873 56.
2113 3825 2198 3874 66.
2234 3824 2428 3873 Joann.
2469 3825 2550 3884 18,
2577 3825 2660 3872 23.

184 3908 263 3957 vel
310 3909 631 3960 calumniam
678 3925 713 3959 a
756 3923 855 3960 sua
899 3909 1141 3960 doctrina
1185 3913 1441 3974 tanquam
1484 3909 1739 3959 seditiosa
1783 3909 2012 3974 amolir13
2066 3908 2262 3959 Joann.
2316 3911 2406 3972 18,
2442 3910 2526 3958 20.
2576 3909 2662 3958 vel

186 3997 391 4058 quando
428 3996 859 4061 interrogabatur
882 3996 949 4046 de
982 4011 1082 4046 sua
1104 4011 1347 4062 persona,
1373 3996 1560 4046 Matth.
1586 3999 1670 4058 26,
1698 3999 1781 4046 64.
1806 3997 1938 4046 Luc.
1965 3999 2056 4060 22,
2083 3999 2166 4046 67.
2195 3999 2274 4047 70.
2302 4000 2394 4045 aut
2427 4011 2660 4044 munere.

184 4081 373 4133 Joann.
400 4085 485 4146 18,
512 4084 595 4132 34.
634 4082 849 4133 Silentia
884 4083 1047 4148 igitur
1082 4087 1137 4132 et
1170 4083 1435 4147 loquentis
1472 4082 1754 4134 alternatio
1793 4085 2134 4148 gravissimas
2178 4083 2364 4132 habuit
2410 4083 2659 4132 rationes.

190 4169 227 4231 ⁵)
262 4170 524 4230 Quamvis
559 4170 723 4220 Jesus
760 4169 999 4235 Caiphae
1032 4169 1205 4220 malas
1241 4175 1381 4220 artes
1418 4175 1679 4233 nosceret,
1717 4175 1894 4220 tamen
1931 4170 2000 4220 ob
2024 4170 2376 4220 reverentiam
2401 4169 2660 4231 Numinis,

188 4261 341 4320 utque
376 4259 659 4307 veritatem
696 4256 843 4306 illam
886 4273 995 4306 non
1044 4257 1295 4321 proderet
1340 4272 1437 4306 suo
1484 4256 1723 4320 silentio,
1779 4273 1888 4307 non
1940 4262 2086 4306 tacet
2131 4255 2358 4320 amplius
2407 4254 2502 4306 sed
2545 4256 2661 4306 sine

191 4343 499 4409 ambagibus
536 4343 825 4409 respondit.
882 4343 923 4408 θ)
963 4343 1171 4404 Quibus
1208 4343 1474 4393 utebatur.
1510 4343 1668 4394 Fecit
1699 4343 1801 4394 hoc
1836 4359 1933 4409 pro
1969 4358 2114 4392 more
2151 4343 2342 4408 gentis.
2393 4341 2434 4407 ⁷)
2463 4339 2660 4392 Secun-

192 4427 308 4478 dum
342 4429 564 4494 Legem,
623 4442 761 4494 quae
799 4429 910 4480 lata
947 4434 1029 4479 est
1062 4430 1119 4478 in
1154 4429 1397 4479 Levitico
1434 4431 1518 4492 24,
1566 4432 1646 4480 11.
1683 4432 1765 4480 14.
1803 4432 1883 4481 15.
1919 4432 2000 4480 16.
2037 4431 2122 4478 Ex
2167 4427 2268 4477 hac
2313 4429 2430 4495 lege
2475 4434 2664 4494 petunt

190 4513 525 4578 decisionem,
552 4515 926 4581 Chrthue
962 4515 1181 4581 capitali
1216 4531 1389 4581 poena
1430 4515 1648 4582 dignum
1674 4533 1790 4567 esse
1815 4516 2031 4582 synedri
2056 4515 2414 4582 proclamant3
2451 4516 2663 4566 interim

190 4605 359 4652 tamen
392 4601 647 4668 supplicii
683 4617 851 4666 genus
888 4617 995 4652 non
1033 4603 1347 4667 exprimunt.
1410 4601 1451 4666 ⁸)
1490 4603 1553 4652 In
1590 4619 1746 4668 quem
1785 4601 1916 4652 nihil
1953 4602 2090 4652 foret
2124 4601 2384 4652 illicitum.

286 4693 493 4744 Danko,
524 4695 643 4735 Βία.
672 4693 969 4736 Revelationis
998 4695 1189 4736 divinae.
1210 4695 1267 4736 11.
2321 4691 2352 4740 9
