3267 5259
1204 453 1490 497 Chronotuis
1516 453 1795 507 Evangeliea.
2614 437 2741 490 LIX

238 636 278 692 J
279 637 472 694 udaea
531 634 802 694 cesserit?
859 635 896 694 J
899 635 1144 711 osephus
1173 633 1190 673 ¹
1253 640 1486 694 narrat:
1548 655 1708 694 acres
1760 635 2026 714 querelas
2090 633 2485 694 Samaritanus
2546 654 2741 694 coram

241 740 312 797 L.
376 738 702 797 Vitellio
755 740 965 817 Syriae
1031 739 1290 815 praeside
1311 736 1336 777 2
1387 741 1713 799 instituisse
1764 741 1835 798 de
1889 741 2159 798 caedibus
2210 740 2391 798 Pilati
2458 741 2735 798 cruentis.

243 845 424 917 ,Tum
455 843 752 916 Vitellius,
804 845 1086 902 Marcello
1115 847 1301 904 amico
1347 865 1448 903 suo
1479 847 1552 904 ad
1589 865 1682 902 res
1710 845 1747 903 J
1749 847 2067 904 udaeorum
2112 845 2505 922 procurandas
2546 846 2737 916 misso,

241 950 518 1008 Pilatum
551 949 726 1007 iussit
763 949 1010 1008 Romam
1051 949 1357 1025 proficisci,
1405 955 1476 1008 ut
1517 952 1590 1009 ad
1638 951 1863 1009 obiecta
1908 971 1943 1008 a
1970 950 2007 1008 J
2010 950 2208 1008 udaeis
2254 950 2505 1007 crimina
2550 968 2741 1007 coram

245 1058 602 1131 imperatore
647 1055 1041 1130 responderet.
1118 1055 1214 1113 Ita
1241 1055 1487 1135 ¹Pilatus
1533 1057 1729 1114 decem
1776 1057 1947 1114 annis
1968 1053 1991 1094 ³
2038 1055 2101 1114 in
2139 1055 2178 1113 J
2178 1055 2392 1114 udaeae
2436 1054 2742 1130 provincia

247 1161 501 1231 exactis,
547 1161 794 1218 Romam
841 1161 1220 1236 properabat;
1268 1161 1498 1220 Vitellii
1529 1161 1838 1233 mandatis,
1890 1163 2102 1239 quibus
2147 1159 2303 1218 nihil
2347 1159 2740 1218 contradicere

241 1267 523 1334 audebat,
571 1267 894 1324 obsecutus.
955 1269 1039 1324 At
1082 1265 1422 1344 priusquam
1471 1266 1719 1324 Romam
1758 1266 2093 1342 appelleret,
2142 1266 2383 1324 decessit
2427 1264 2737 1322 Tiberius.‘

239 1370 385 1427 Jam
415 1389 558 1429 vero
579 1369 848 1427 Tiberius
880 1369 1028 1428 obiit
1057 1371 1150 1428 die
1187 1375 1284 1428 16.
1316 1371 1522 1428 Martii
1555 1373 1630 1428 A.
1658 1370 1731 1430 U.
1758 1371 1821 1430 C.
1854 1368 2035 1428 Ἷθθ.4
2065 1371 2313 1446 epochae
2342 1369 2739 1446 Dionysianae

251 1479 356 1533 37.
423 1475 586 1532 Hinc
615 1473 844 1532 Pilatus
877 1479 952 1533 A.
985 1474 1058 1533 U.
1091 1474 1154 1532 C.
1186 1479 1348 1548 789„
1397 1480 1541 1550 puta
1570 1477 1725 1534 circa
1755 1475 2164 1546 Novembrem,
2198 1493 2420 1532 annum
2450 1474 2739 1532 decimum

245 1581 314 1636 in
347 1580 658 1654 provincia
688 1584 992 1653 exegerat3
1043 1584 1110 1638 ut
1139 1581 1278 1638 adeo
1311 1582 1374 1638 in
1404 1581 1687 1638 Judaeam
1718 1581 2017 1638 advenisse
2046 1580 2321 1638 dicendus
2350 1579 2431 1638 sit
2458 1581 2533 1636 A.
2566 1579 2639 1638 U.
2673 1579 2735 1638 C.

249 1688 437 1752 7794
470 1685 718 1760 epochae
747 1685 1012 1759 vulgaris
1041 1684 1439 1762 Dionysianae
1471 1707 1523 1744 a.
1555 1690 1690 1755 26.;
1731 1705 1845 1764 quo
1876 1705 2028 1744 anno
2058 1707 2103 1744 s.
2134 1685 2171 1743 J
2174 1705 2387 1744 oannes
2416 1685 2482 1743 B.
2516 1684 2735 1760 baptis-

243 1809 416 1846 mum
463 1790 856 1865 poenitent-iae
904 1790 1118 1866 populo
1164 1791 1419 1848 indicere
1464 1792 1653 1868 cepit;
1705 1790 1971 1850 Christus
2015 1809 2154 1848 vero
2206 1809 2359 1848 anno
2406 1789 2736 1867 insequenti

236 1901 418 1952 sexta
445 1894 484 1952 J
485 1894 716 1953 anuarii
747 1897 822 1952 ab
853 1895 1050 1953 eodem
1079 1894 1116 1952 J
1117 1915 1304 1953 oanne
1333 1897 1660 1973 baptisatus
1690 1896 1825 1967 fuit,
1861 1899 1930 1954 ut
1958 1894 2139 1953 refert
2166 1916 2213 1952 s.
2246 1893 2433 1952 Lucas
2453 1892 2495 1952 ⁵.

459 2002 556 2056 39.
589 2000 636 2056 I.
667 2001 858 2055 Jesum
890 2000 1160 2055 Christum
1187 2001 1530 2056 Salvatorem
1552 2004 1817 2056 Nostrum
1840 2020 1983 2056 anno
2016 2001 2218 2056 aetatis
2248 2018 2382 2055 suae
2417 2001 2633 2053 XXXI
2634 1999 2736 2064 V.,·

251 2106 318 2159 U.
379 2103 442 2162 G.
497 2107 626 2161 783.
647 2124 671 2172 ‚⁰
714 2105 892 2160 Acrae
949 2106 1212 2180 Vulyaris
1259 2109 1356 2161 30.
1402 2107 1458 2160 in
1507 2125 1665 2162 cruce
1708 2124 1817 2176 pro
1870 2106 2029 2160 nobis
2070 2121 2299 2175 passum
2358 2110 2409 2158 et
2466 2110 2737 2158 mortuum

229 2211 518 2280 ponimus.
581 2207 748 2271 Quod
788 2211 860 2267 ad
892 2229 1114 2268 annum
1159 2211 1362 2268 mortis
1393 2210 1468 2268 D.
1501 2211 1578 2268 N.
1609 2210 1665 2268 J.
1699 2209 1761 2267 C.
1791 2209 2040 2280 attinet,
2092 2207 2415 2266 sententiae
2459 2228 2495 2266 a
2540 2207 2733 2266 Pilato

233 2315 306 2370 in
331 2313 638 2371 Christum
661 2313 814 2372 latae
837 2317 1235 2372 meminerunt
1266 2315 1502 2394 quidem
1532 2317 1735 2387 ,Acta
1764 2313 2013 2372 Pilati‘
2046 2333 2193 2392 quae
2232 2315 2729 2372 circumferuntur

235 2417 368 2476 alia
399 2423 573 2495 atque
603 2418 754 2490 alia;
785 2421 884 2476 sed
914 2421 1057 2478 haec
1087 2440 1160 2478 an
1192 2440 1334 2479 vera
1357 2421 1540 2478 Pilati
1573 2423 1723 2478 Acta
1752 2419 1889 2489 sint,
1934 2421 2006 2478 ab
2038 2420 2164 2495 ipso
2193 2417 2289 2476 vel
2321 2417 2505 2494 ipsius
2535 2421 2733 2476 aucto-

241 2525 432 2580 ritate
477 2528 736 2595 exarata,
773 2524 834 2582 id
872 2526 1180 2602 quaeritur
1197 2523 1261 2583 ⁶?
1311 2525 1550 2584 Veteres
1589 2525 1836 2584 Romani
1878 2524 2073 2582 studio
2116 2523 2405 2596 singulari
2446 2528 2585 2581 sunt
2620 2523 2731 2593 usi,

233 2633 310 2685 ut
369 2647 570 2684 rerum
615 2629 880 2686 omnium
923 2630 1409 2701 memorabilium,
1457 2649 1605 2708 quae
1647 2630 1712 2688 in
1757 2630 1917 2689 Urbe
1963 2629 2151 2687 factae
2193 2633 2399 2700 essent,
2456 2632 2561 2685 aut
2600 2646 2734 2685 casu

231 2733 594 2804 evenissent,
644 2735 923 2792 memoria
961 2739 1246 2805 exstaret3
1294 2753 1360 2792 eo
1401 2736 1743 2810 spectabant
1782 2737 1933 2793 Acta
1971 2735 2220 2792 Senatus
2249 2737 2309 2791 et
2340 2736 2491 2791 Acta
2521 2733 2733 2791 diurna

231 2835 466 2912 populi.
538 2837 650 2894 Sed
683 2841 742 2895 et
771 2837 836 2894 in
867 2839 1186 2914 provinciis
1216 2841 1418 2897 eadem
1446 2840 1800 2897 consuetudo
1833 2841 1906 2897 ab
1938 2858 2139 2898 earum
2170 2838 2534 2915 praesidibus
2563 2857 2731 2895 usur-

231 2941 517 3017 pabatur.
572 2941 704 2999 Non
751 2941 939 3000 solum
979 2946 1138 3001 enim
1182 2963 1284 3020 per
1328 2944 1532 3002 literas
1574 2963 1739 3016 suas,
1790 2944 1840 3001 si
1889 2943 2030 3022 quid
2076 2947 2401 3002 occurreret
2452 2943 2735 2999 memoria

232 3047 512 3120 dignum,
549 3045 972 3121 Imperatorem
1007 3047 1304 3106 faciebant
1342 3049 1466 3106 eius
1504 3048 1837 3119 certiorem3
1885 3068 2093 3107 verum
2132 3047 2311 3105 etiam
2358 3052 2489 3105 aeta
2532 3066 2732 3104 rerum

233 3150 741 3209 memoriabilium
799 3171 901 3210 suo
959 3153 1122 3210 iussu
1183 3154 1442 3211 confecta
1501 3155 1573 3212 ad
1633 3154 1883 3211 eundem
1955 3153 2455 3211 transmittebant.
2555 3152 2731 3210 Haud

233 3254 492 3313 dubium
522 3275 662 3329 ergo
693 3261 778 3314 est
808 3256 1068 3314 Pilatum
1097 3259 1171 3315 ad
1201 3257 1506 3316 Tiberium
1535 3257 1948 3334 imperatorem
1980 3258 2198 3315 referre
2228 3257 2509 3327 debuisse,
2556 3261 2731 3333 atque

233 3360 390 3416 adeo
419 3359 706 3430 retulisse,
740 3379 890 3437 quae
921 3363 1074 3418 circa
1103 3360 1403 3419 Christum
1433 3369 1596 3436 gesta
1623 3365 1885 3421 fuerunt.
1943 3363 2005 3420 Is
2036 3365 2191 3420 enim
2224 3382 2345 3420 mos
2377 3362 2728 3438 praesidum,

236 3470 308 3523 ut
339 3464 438 3521 vel
469 3484 546 3521 ex
577 3463 763 3521 Plinii
793 3465 864 3522 ad
897 3463 1217 3524 Traianum
1253 3466 1444 3524 literis
1483 3473 1711 3526 constat
1732 3465 1773 3540 ⁷,
1824 3473 1997 3546 atque
2039 3467 2242 3525 multis
2288 3466 2423 3524 aliis
2468 3465 2729 3545 antiquis

459 3689 497 3755 ¹)
535 3689 716 3755 Antiq.
753 3689 948 3740 XVIII.
986 3692 1035 3753 3,
1073 3693 1122 3741 4.
1161 3707 1202 3740 s.
1241 3709 1292 3757 p.
1330 3693 1448 3743 879.
1486 3708 1528 3742 s.
1567 3692 1688 3743 coll.
1724 3693 1855 3743 Luc.
1897 3696 1977 3757 13,
2017 3695 2063 3742 1.
2090 3720 2157 3729 —
2183 3707 2231 3742 a.
2259 3709 2308 3758 q.
2345 3692 2380 3742 l.
2408 3693 2467 3742 A.
2493 3693 2555 3742 T.
2582 3691 2728 3742 Hoff-

239 3779 438 3838 kuntz,
489 3776 557 3826 de
605 3777 1010 3842 antropothysia
1055 3777 1218 3827 Pilati
1266 3779 1676 3844 discussionem,
1723 3781 1773 3829 in
1813 3779 1969 3829 Thes.
2008 3795 2059 3829 n.
2096 3780 2299 3830 Hasaei
2346 3785 2400 3830 et
2434 3779 2623 3828 Ikenii.
2660 3780 2729 3841 II,

237 3866 362 3914 443.
389 3893 454 3900 —-
481 3863 549 3913 de
587 3863 745 3926 bello,
782 3865 851 3913 II.
890 3867 938 3926 9,
978 3866 1026 3914 4.
1063 3881 1114 3931 p.
1157 3867 1270 3916 161.
1335 3865 1469 3916 Coll.
1505 3867 1747 3928 Philone,
1785 3867 1888 3933 leg.
1926 3866 1995 3916 ad
2022 3867 2225 3917 Caium.
2261 3884 2313 3932 p.
2353 3868 2503 3917 1389.
2561 3867 2621 3915 V.
2658 3865 2727 3915 H.

239 3951 492 4012 Gerlach,
533 3950 618 4000 die
655 3957 785 4000 rom.
823 3949 1136 4001 Statthalter
1169 3953 1226 4002 in
1262 3951 1452 4017 Syrien
1485 3969 1538 4003 u.
1574 3954 1787 4004 Judaea
1822 3971 1873 4021 p.
1912 3957 1995 4004 56.
2033 3971 2073 4006 s.
2148 3954 2191 4020 2)
2230 3954 2293 4004 V.
2334 3952 2578 4014 Gerlach,
2616 3952 2651 4001 1.
2683 3968 2729 4002 c.

237 4055 292 4104 p.
330 4040 417 4088 58.
497 4039 540 4104 ³)
588 4038 671 4087 Ab
720 4051 859 4087 anno
904 4039 1024 4089 Aer.
1063 4039 1126 4090 V.
1165 4041 1386 4090 26-36,
1429 4057 1479 4105 p.
1520 4039 1606 4104 C.;
1660 4043 1948 4092 779—789.
1986 4041 2053 4091 U.
2092 4040 2151 4091 C.
2224 4041 2265 4104 ⁴)
2301 4039 2731 4090 Numerabantur

243 4127 375 4175 anni
413 4125 576 4174 Urbis
616 4123 875 4174 Conditae
913 4140 946 4175 a
969 4125 1244 4189 Palilibus,
1281 4127 1316 4176 i.
1354 4143 1400 4176 e.
1427 4124 1476 4177 d.
1505 4129 1586 4176 21.
1625 4126 1839 4193 Aprilis,
1879 4127 1948 4177 ad
1984 4127 2192 4177 Palilia.
2254 4128 2295 4190 ⁵)
2332 4127 2433 4176 Ev.
2460 4128 2507 4188 3,
2536 4127 2619 4175 21.
2645 4127 2727 4176 23.

239 4213 280 4276 ⁶)
323 4211 406 4262 Cf.
446 4211 582 4277 disp.
623 4211 712 4260 aff.
750 4217 804 4260 et
838 4228 954 4277 neg.
1017 4213 1235 4277 Henke,
1283 4213 1348 4262 de
1385 4213 1444 4263 P.
1482 4214 1643 4264 Pilati
1679 4214 1826 4264 Actis
1862 4216 1917 4264 in
1956 4229 2121 4264 causa
2163 4214 2215 4264 J.
2255 4213 2312 4262 C.
2352 4213 2421 4262 ad
2457 4213 2725 4262 Tiberium

237 4300 414 4349 missis
452 4297 842 4364 probabilibus,
878 4300 932 4348 in
966 4314 1148 4365 opusc.
1175 4301 1326 4350 acad.
1353 4318 1402 4366 p.
1431 4304 1547 4351 201.
1574 4318 1616 4351 s.
1668 4300 1910 4362 Weitzel,
1938 4301 2023 4350 die
2050 4301 2157 4351 chr.
2185 4300 2490 4351 Passafeier
2526 4300 2575 4350 d.
2604 4301 2653 4350 d.
2680 4317 2727 4352 e.

235 4387 424 4438 Jahrh.
463 4385 680 4436 Pforzh.
720 4387 872 4436 1848.
909 4403 960 4452 p.
995 4389 1112 4437 248.
1149 4403 1190 4438 s.
1239 4387 1300 4438 A.
1339 4387 1664 4454 Hilgenfeld,
1703 4388 1824 4437 krit.
1852 4388 1977 4438 Unt.
2004 4392 2054 4438 ss.
2083 4387 2133 4438 d.
2170 4388 2271 4438 Ev.
2298 4388 2513 4441 Iustius.
2549 4388 2725 4452 Halle.

239 4477 388 4525 1850.
427 4492 480 4540 p.
521 4475 607 4523 26.
646 4489 687 4523 s.
742 4473 800 4523 C.
839 4474 1206 4538 Tischendorf,
1244 4475 1405 4524 Pilati
1442 4491 1488 4524 c.
1527 4475 1793 4524 Christum
1830 4473 1938 4524 iud.
1978 4491 2027 4540 q.
2054 4474 2088 4524 l.
2124 4475 2230 4525 adf.
2269 4491 2332 4525 ex
2368 4475 2513 4528 Actis
2550 4477 2728 4526 Pilati.

233 4561 381 4628 Lips.
423 4562 580 4612 1855.
631 4577 683 4626 p.
723 4561 772 4609 4.
809 4576 850 4610 s.
925 4560 966 4626 ⁷)
1005 4561 1153 4622 Quas
1190 4560 1256 4611 de
1294 4562 1454 4612 rebus
1492 4561 1911 4612 Christianorum
1962 4567 2211 4612 accurate
2246 4564 2568 4630 perscripsit.
2624 4564 2727 4629 Ep.

233 4649 296 4713 X,
326 4651 410 4701 ⁷9.
449 4649 536 4699 ed.
564 4647 730 4712 Tyru.
757 4664 807 4713 p.
834 4649 952 4698 606.
977 4663 1018 4698 s.
1115 4687 1118 4692 .
