3267 5259
562 435 689 500 162
1232 445 1351 490 Μ
1380 447 1489 489 nov.
1516 443 1607 491 aiv.
1633 446 1688 490 ιι.
1713 443 1766 490 r.
1793 445 1963 490 rasos.
1989 446 2028 490 1.
2045 459 2141 500 a».
2169 445 2372 492 uuna.

558 623 741 708 pria
782 623 1081 687 virtute
1124 623 1516 706 resurrexit3
1584 623 1797 688 victor
1858 633 1925 688 et
1969 632 2172 710 caput
2213 625 2354 710 spei
2397 633 2666 688 nostrae
2719 622 2808 688 ad
2853 625 3045 687 vitam

558 734 991 801 immortalem
1009 739 1049 798 ¹.
1112 734 1329 800 Tanta
1385 744 1605 800 autem
1669 733 2002 800 celeritate
2047 735 2274 800 Tridui
2291 785 2310 818 ,
2369 735 2552 822 quod
2609 735 3046 822 praedixerat,

560 869 811 913 moram
858 849 1181 913 contraxit
1210 847 1563 932 Dominus3
1610 857 1684 912 ut
1727 847 1814 912 ad
1851 847 2206 912 secundam
2240 848 2415 913 diem
2443 850 2790 934 integram,
2839 851 3050 913 novis-

560 961 723 1024 sima
765 962 955 1046 primi
1000 961 1236 1046 portio,
1283 969 1351 1024 et
1390 962 1603 1046 prima
1645 961 1816 1024 tertii
1861 971 2282 1026 concurreret
2295 962 2342 1024 ².
2387 959 2645 1025 Eadem
2689 961 2800 1025 die
2845 959 3050 1024 Maria

560 1071 977 1158 Magdalene,
1026 1084 1091 1137 et
1133 1073 1343 1136 Maria
1372 1073 1417 1138 J
1419 1072 1610 1138 acobi
1643 1083 1870 1157 mater,
1915 1084 2114 1160 atque
2159 1073 2424 1139 Salome
2443 1077 2488 1156 ³,
2533 1095 2662 1138 nec
2706 1096 2844 1139 non
2885 1083 3052 1136 cete-

558 1208 673 1249 rae
730 1185 1037 1250 mulieres
1094 1185 1469 1271 religiosae,
1528 1185 1732 1252 multo
1795 1209 1988 1251 mane
2057 1187 2234 1250 circa
2291 1185 2446 1251 solis
2506 1196 2759 1269 ortum,
2831 1185 3052 1251 offusis

561 1297 775 1363 adhuc
834 1295 1120 1362 tenebris
1176 1300 1363 1362 iuxta
1424 1297 1800 1363 condictum
1862 1300 2216 1364 convenire
2281 1309 2663 1384 coeperunt.
2739 1297 2838 1362 Ut
2883 1300 3050 1362 enim

560 1409 633 1475 fit
674 1412 742 1475 in
784 1413 1034 1475 recenti
1078 1409 1261 1476 luctu
1302 1410 1631 1476 revisendi
1677 1409 2024 1498 sepulchri,
2070 1434 2112 1476 a
2156 1434 2286 1498 quo
2331 1411 2550 1476 triduo
2581 1409 2828 1474 abhinc
2859 1433 3051 1496 aegre

560 1546 631 1587 se
678 1522 869 1588 avelli
922 1545 1155 1609 passae
1215 1534 1384 1606 sunt,
1447 1523 1772 1589 desiderio
1833 1523 2289 1589 ardentissimo
2353 1523 2734 1609 flagrarunt.
2811 1523 3054 1589 Sumtis

561 1634 962 1701 aromatibus
972 1685 990 1720 ,
1049 1658 1219 1723 quae
1278 1635 1399 1701 sibi
1460 1637 1627 1701 feria
1672 1646 1866 1701 sexta
1919 1647 2210 1702 exeunte
2257 1647 2840 1723 comparaverant,
2887 1637 3058 1700 viam

558 1749 843 1812 inierunt
886 1748 973 1812 ad
1016 1759 1528 1832 monumentum.
1554 1789 1561 1794 -
1590 1749 1860 1814 Exeunt
1903 1748 2176 1815 aedibus
2221 1760 2289 1815 et
2331 1747 2494 1814 urbe
2514 1753 2559 1814 ⁴.
2607 1749 2882 1814 Interea
2913 1771 3058 1812 cmn

560 1870 851 1946 surgunt,
895 1863 1177 1925 invicem
1210 1871 1616 1948 exspectant,
1665 1863 2038 1928 necessaria
2069 1872 2494 1947 congregant,
2543 1864 2612 1924 in
2641 1863 2756 1926 via
2782 1859 3058 1925 haerent

561 1971 799 2038 dubiae
843 1974 1015 2038 inter
1057 1997 1127 2038 se
1176 1972 1261 2038 ob
1307 1973 1762 2039 difficultatem
1806 1973 2190 2040 removendi
2218 1973 2489 2060 lapidis,
2535 1995 2691 2037 nam
2723 1972 2807 2037 de
2841 1984 3060 2037 custo-

560 2085 671 2150 dia
715 2085 1056 2172 sepulchro
1106 2088 1407 2173 apposita
1436 2086 1593 2151 nihil
1622 2086 1994 2152 habuerunt
2025 2095 2454 2172 compertum,
2501 2084 2826 2171 siquidem
2863 2088 3058 2149 etiam

562 2198 645 2263 de
688 2197 817 2264 hoc
861 2198 1326 2285 impedimento
1389 2198 1676 2264 adeundi
1737 2199 2064 2286 sepulchri
2129 2199 2444 2264 sollicitae
2507 2199 2814 2263 fuissent:
2881 2209 3060 2263 tene-

560 2309 719 2376 brae
766 2311 1260 2398 disperguntur,
1323 2322 1392 2377 et
1435 2335 1672 2378 aurora
1715 2314 2134 2400 praenuntiat
2178 2311 2534 2377 adventum
2579 2309 2754 2376 solis.
2819 2310 3058 2396 Itaque

562 2423 699 2493 sole
759 2447 958 2510 supra
1021 2425 1425 2490 horizontem
1486 2426 1616 2490 iam
1681 2435 2040 2512 apparente
2117 2434 2562 2511 pervenerunt
2625 2425 2918 2510 primum
2981 2422 3060 2486 ad

560 2547 1051 2602 monumentum
1068 2541 1109 2601 ⁵.
1186 2539 1275 2602 At
1343 2537 1497 2624 quid
1564 2536 1792 2602 vident
1856 2537 2114 2601 hortum
2182 2537 2570 2622 ingressae?
2639 2559 2801 2601 ecce
2870 2535 3058 2621 lapis,

773 2793 810 2858 ¹)
856 2793 1049 2841 Anima
1084 2792 1280 2842 Christi
1319 2808 1525 2853 secum,
1582 2793 1654 2841 ab
1691 2791 1880 2842 infen's
1917 2790 2186 2856 spoliatis,
2235 2791 2419 2840 eduxit
2453 2807 2640 2840 omnes
2677 2792 2890 2840 animas
2929 2807 3059 2840 mor-

560 2884 773 2929 tuorum
796 2880 853 2927 in
878 2879 1065 2944 gratia.
1104 2878 1255 2927 Eccl.
1280 2879 1364 2940 24,
1386 2881 1435 2928 2.
1456 2881 1504 2927 3.
1525 2880 1573 2927 4.
1612 2878 1811 2943 Ephes.
1837 2880 1887 2938 4,
1909 2879 1956 2926 8.
1977 2881 2026 2926 9.
2050 2881 2130 2927 10.
2167 2878 2392 2942 Propria
2417 2879 2718 2927 Divinitate
2741 2878 3066 2942 sanguinem

561 2965 785 3016 effusum
821 2979 931 3013 una
967 2979 1085 3012 cum
1124 2963 1339 3014 dotibus
1366 2964 1599 3014 beatifici
1636 2965 1876 3029 corporis
1901 2963 2094 3013 indidit
2115 2965 2246 3028 ipse,
2272 2963 2512 3029 illudque
2546 2963 2856 3013 informavit
2883 2972 3062 3017 nocte,

560 3065 701 3117 quae
736 3051 1049 3100 terminatur
1085 3051 1207 3100 luce
1242 3053 1299 3100 in
1334 3065 1545 3101 aurora.
1608 3049 1688 3100 Cf.
1725 3049 1788 3100 A.
1827 3051 2038 3112 Rocca,
2073 3049 2202 3100 des
2177 3051 2438 3115 sanguine
2473 3064 2508 3098 a
2543 3049 2606 3098 C.
2639 3051 2710 3100 D.
2749 3052 2806 3099 in
2839 3049 3062 3101 Resurr-

558 3152 723 3190 reass.
749 3153 935 3187 comm.
963 3136 1065 3202 Op.
1100 3137 1183 3186 ed.
1219 3137 1371 3186 Rom.
1412 3139 1562 3188 1719.
1588 3137 1642 3200 1,
1680 3140 1798 3188 140.
1833 3153 1876 3188 s.
1925 3137 1978 3187 J.
2011 3137 2179 3199 Pii-es,
2219 3137 2419 3187 Comm.
2456 3137 2509 3186 in
2544 3151 2588 3186 s.
2621 3136 2678 3186 J.
2707 3135 2770 3186 C.
2793 3137 3063 3202 Evangel.

558 3239 665 3274 sec.
703 3223 891 3273 Matth.
928 3223 1123 3274 Mechl.
1163 3225 1313 3274 1823.
1352 3224 1403 3286 1,
1441 3226 1557 3274 262.
1584 3241 1628 3276 s.
1666 3223 1737 3273 Μ.
1765 3225 1990 3287 Weber,
2027 3223 2196 3273 doctr.
2229 3223 2296 3272 de
2330 3228 2526 3274 natura
2561 3225 2806 3289 corporis
2843 3223 3060 3274 Christi.

558 3309 683 3360 Hal.
713 3312 864 3361 1825.
888 3327 941 3376 p.
970 3313 1049 3361 15.
1076 3327 1119 3361 s.
1168 3311 1413 3371 Krabbe‚
1450 3311 1627 3360 Lehre
1665 3327 1771 3362 von
1807 3309 1905 3360 der
1940 3309 2120 3360 Siinde
2155 3309 2266 3360 und
2304 3307 2424 3360 dem
2461 3307 3064 3361 Toae.Hamb.1835.

561 3413 615 3461 p.
654 3399 771 3446 300.
809 3412 851 3446 s.
906 3397 960 3446 J.
996 3397 1066 3446 H.
1104 3397 1165 3446 Β.
1203 3396 1468 3458 Liibkert,
1508 3397 1708 3446 welche
1747 3397 1904 3446 Kraft
1936 3396 1988 3446 h.
2023 3413 2086 3445 w,
2119 3412 2170 3446 n.
2206 3394 2256 3445 d.
2295 3394 2495 3445 Schrist
2529 3396 2624 3446 der
2657 3395 3064 3460 Auferatehung

560 3481 613 3534 J.
660 3483 1000 3548 beizulegen,
1048 3484 1102 3532 in
1150 3483 1287 3533 Anu.
1345 3482 1495 3534 Stud.
1534 3499 1587 3532 u.
1630 3484 1766 3533 Krit.
1814 3485 1969 3533 1839.
2013 3499 2064 3548 p.
2105 3483 2222 3532 935.
2266 3496 2308 3531 s.
2369 3481 2704 3548 Vogelsang,
2753 3487 2810 3532 ii.
2847 3481 2904 3532 d.
2951 3499 3062 3531 ver·

560 3567 775 3618 kliirten
810 3569 946 3619 Leib
983 3570 1113 3620 Jesu
1158 3569 1299 3619 nach
1340 3570 1515 3620 seiner
1544 3569 1962 3634 Auferstehung,
1987 3571 2043 3618 in
2069 3568 2322 3618 zeitschr.
2365 3569 2401 3618 f.
2433 3568 2571 3618 Phil.
2601 3585 2655 3618 u.
2687 3569 2840 3619 kath.
2869 3569 3062 3619 Theoi.

562 3655 709 3706 1832.
746 3655 817 3718 ΙΙ,
842 3658 927 3705 41.
953 3671 994 3705 s.
1040 3655 1081 3720 ²)
1122 3655 1347 3706 Constat
1381 3657 1600 3706 solenne
1639 3671 1757 3706 esse
1783 3657 2061 3716 Hebraeis,
2097 3659 2224 3704 tunc
2249 3655 2466 3721 quando
2503 3657 2821 3706 continuum
2845 3662 3064 3722 tempus

558 3746 747 3791 notare
772 3741 987 3804 volunt,
1026 3758 1145 3792 cum
1172 3742 1375 3792 dierum
1410 3745 1681 3793 mentione
1718 3747 1904 3793 noctes
1940 3743 2280 3806 coniungere,
2319 3756 2382 3791 ac
2408 3758 2506 3807 per
2531 3740 2910 3810 ,νυχθήμερονι
2941 3741 3064 3792 coll.

558 3827 611 3878 11
639 3826 758 3877 Cor.
788 3830 869 3892 11,
895 3831 979 3878 25.
1017 3828 1366 3892 durationem,
1405 3835 1836 3895 quantacumque
1868 3829 1952 3890 sit,
1993 3827 2236 3890 definire·
2293 3828 2486 3878 deinde
2535 3835 2712 3878 autem
2759 3830 3062 3893 assignare.

560 3911 917 3982 συνεκδοχικῶς
953 3916 1067 3966 toti.
1125 3916 1189 3964 In
1226 3929 1335 3981 qua
1370 3916 1726 3982 explicatione
1763 3933 1806 3966 s.
1845 3916 2145 3980 Augustini,
2193 3930 2366 3964 enarr.
2405 3917 2460 3964 in
2497 3915 2583 3964 Ρη.
2609 3915 2696 3975 87,
2723 3917 2772 3964 9.
2811 3915 2915 3976 111,
2943 3919 3062 3966 931.

559 4002 903 4066 acquiescere
939 4001 1216 4062 malumus,
1254 4017 1412 4066 quam
1452 4017 1571 4051 cum
1609 4002 1730 4053 aliis
1767 4003 2145 4067 interpretibus
2183 4003 2362 4052 varias
2401 4007 2606 4052 tentare
2645 4007 2818 4062 artes,
2855 4007 2920 4051 ut
2959 4009 3064 4052 ter·

560 4089 739 4138 narius
778 4087 981 4137 dierum
1017 4101 1083 4137 ac
1118 4089 1351 4136 noctium
1390 4103 1640 4138 numerus
1677 4093 1929 4138 accurate
1968 4093 2244 4154 appareat.
2307 4089 2348 4152 ³)
2386 4088 2572 4137 Lucae
2611 4091 2696 4149 ⁶24,
2730 4091 2812 4137 10.
2849 4087 3064 4138 addun-

558 4177 671 4224 tur:
708 4173 925 4224 Joanna
960 4178 1013 4222 et
1048 4178 1275 4223 ceterae.
1314 4173 1450 4224 Coll.
1488 4177 1537 4236 8,
1572 4177 1621 4224 3.
1661 4181 1778 4225 erat
1811 4175 2028 4224 Joanna
2064 4191 2197 4224 uxor
2234 4174 2446 4224 Chusae
2485 4177 2850 4240 procuratoris
2887 4174 3066 4224 Hero-

560 4257 657 4309 dis.
706 4261 853 4310 Inter
890 4267 1097 4312 cetcras
1133 4265 1249 4310 erat
1286 4260 1640 4312 verisimiliter
1677 4261 1926 4310 Susanna
1949 4277 1996 4310 c.
2021 4260 2057 4310 l.
2083 4267 2511 4311 commemorata.
2549 4259 2603 4310 S.
2629 4261 2876 4310 Joannes
2901 4263 2998 4322 20,
3019 4263 3064 4310 1.

561 4346 727 4396 solius
764 4347 971 4396 Mariae
1006 4345 1361 4413 Magdalenac
1398 4345 1903 4410 meminit,‘scilicet
1939 4351 2192 4412 tanquam
2232 4346 2383 4396 ducis
2432 4353 2486 4397 et
2521 4347 2847 4412 praecipuae
2883 4349 2944 4396 in
2983 4347 3068 4397 his

558 4430 807 4482 historiis.
868 4433 909 4495 ⁴)
958 4433 1145 4498 Neque
1193 4434 1333 4484 enim
1380 4449 1562 4484 omnes
1608 4433 1664 4482 in
1709 4448 1820 4482 una
1867 4433 2160 4498 eademque
2213 4432 2370 4482 domo
2418 4433 2688 4482 habitasse
2745 4433 3063 4484 creduntur.

560 4517 613 4566 S.
638 4517 853 4567 Marcus
894 4520 1084 4578 16,11.
1124 4525 1177 4568 et
1212 4535 1253 4570 s.
1288 4520 1468 4569 Lucas
1505 4521 1589 4581 24,
1621 4523 1664 4568 1.
1713 4524 1856 4568 certe
1903 4535 2010 4568 non
2049 4518 2433 4568 contradicturi
2469 4534 2512 4567 s.
2547 4518 2824 4570 Matthaeo
2863 4523 2952 4580 28,
2998 4525 3066 4572 1..

559 4617 715 4668 quem
752 4603 1018 4668 legerant,
1070 4606 1164 4655 sed
1202 4606 1496 4671 supplet-uri
1534 4606 1856 4656 addiderunt
1893 4604 2250 4656 consilium
2293 4606 2604 4670 ungendi.
2668 4607 2712 4670 ⁵)
2761 4607 2912 4656 Hora
2955 4623 3068 4672 qua
