3267 5259
1188 404 1315 445 Liber
1343 406 1619 457 propheticus
1647 405 1699 447 N.
1730 405 1781 445 'l'-
2593 392 2720 457 515

236 589 393 645 vota
426 588 732 645 seruntur
756 582 791 641 ¹.
839 577 1057 665 Atque
1100 578 1224 644 hoc
1272 579 1535 665 quidem
1580 579 1842 645 ultimae
1891 582 2090 666 partis
2137 590 2590 665 argumentum
2635 580 2720 645 ad

234 692 421 757 Filii
452 692 598 756 Dei
631 692 1093 779 triumphum
1126 702 1423 778 spectare
1450 703 1549 756 sat
1570 692 1884 778 liquidum
1910 704 2026 757 est.
2053 692 2160 756 Ad
2185 694 2429 757 exitum
2454 694 2718 757 tandem

237 808 460 870 eximii
524 807 621 869 sui
667 806 849 871 Libri
872 808 897 849 2
924 866 931 877 ‚
958 807 1189 870 recitat
1247 829 1296 870 s.
1344 806 1636 871 Joannes
1696 805 1902 870 verba
1963 805 2202 891 angeli,
2261 806 2342 869 de
2403 808 2718 870 vaticiniis

240 906 599 983 certissime
644 917 991 1004 implendis
1012 922 1054 982 3.
1116 917 1265 984 Toti
1294 918 1700 1005 Apocalypsi
1733 919 1992 984 additur
2023 917 2452 1005 apostolicum
2497 929 2718 983 votum

235 1030 624 1098 lectoribus:
672 1032 894 1115 ,Veni
944 1032 1274 1097 Domine
1319 1033 1561 1116 Jesu‘3
1611 1036 1792 1098 cuius
1838 1034 2047 1117 gratia
2093 1056 2240 1097 cum
2284 1032 2470 1097 vobis
2519 1035 2718 1097 omni-

238 1145 363 1211 bus
408 1156 812 1233 permaneat.
859 1144 1095 1209 Amen.

450 1446 510 1523 §.⁴
561 1444 701 1509 1Οὸ-
750 1439 1273 1528 Apocalypsis
1322 1462 1471 1526 qua
1513 1441 1824 1505 ratione
1873 1440 2346 1526 exponenda
2390 1442 2510 1505 sit.

451 1637 669 1701 Quaeri
700 1640 943 1695 fortasse
974 1637 1205 1713 poterit,
1254 1658 1395 1695 num
1435 1637 1611 1695 liceat
1655 1642 1710 1695 et
1742 1640 2016 1713 expediat
2053 1645 2462 1712 argumentum
2495 1643 2718 1715 Apoca-

240 1745 469 1821 lypseos
517 1740 842 1801 discutere?
894 1745 1129 1821 eiusque
1177 1742 1511 1817 generalem
1559 1762 1794 1819 scopum
1841 1744 2141 1813 invenire;
2189 1764 2304 1821 quo
2340 1744 2492 1801 facto
2538 1746 2721 1819 magis

242 1849 541 1926 magisque
602 1850 1031 1906 demonstretur
1083 1848 1143 1905 id
1193 1848 1348 1923 Opus
1396 1848 1567 1924 plane
1625 1848 1894 1907 divinum
1957 1849 2212 1905 decuisse
2264 1850 2610 1925 Apostolum
2663 1856 2720 1907 et

248 1953 709 2027 Evangelistam,
744 1952 846 2031 qui
878 1952 1184 2010 dimicavit
1213 1973 1319 2028 pro
1349 1952 1423 2009 D.
1452 1930 1616 2011 N.⁸J.
1644 1953 1706 2011 C.
1732 1954 2066 2011 Divini'tate
2095 1958 2156 2011 et
2183 1955 2491 2011 sanctitate
2521 1955 2718 2011 Eccle-

237 2061 355 2117 siae
410 2078 653 2134 sponsae
700 2058 881 2132 Agni.
937 2058 1189 2115 Omnino
1232 2058 1385 2115 hanc
1430 2059 1812 2134 Prophetiam
1863 2058 2149 2116 discutere
2201 2059 2476 2115 maximis
2526 2060 2722 2116 subest

240 2163 710 2233 difficultatibus,
739 2168 798 2220 et
821 2167 1017 2220 tamen
1044 2168 1407 2238 repugnante
1438 2162 1577 2219 licet
1600 2162 1951 2220 obscuritate
1974 2162 2160 2233 Libri,
2195 2164 2491 2220 innumeri
2513 2184 2718 2239 prope-

240 2271 477 2327 modum
492 2268 613 2326 viri
643 2288 776 2325 eum
802 2266 1178 2343 interpretari
1198 2269 1703 2341 aggrediebantur.
1739 2260 1861 2324 Nos
1885 2287 1992 2343 pro
2016 2267 2276 2325 instituti
2296 2268 2478 2325 nostri
2496 2269 2721 2325 ratione

242 2394 428 2450 pauca
458 2373 671 2451 aliqua
690 2372 1240 2431 animadvertemus.
1275 2374 1467 2446 Agere
1496 2394 1541 2430 s.
1573 2372 1607 2429 J
1612 2392 1858 2431 oannem
1888 2374 1981 2430 his
2017 2372 2342 2431 visionibus
2381 2374 2644 2449 mysticis
2663 2372 2716 2429 ⁴:

241 2481 339 2551 ,de
378 2479 603 2537 luctis
644 2482 714 2535 et
750 2477 1093 2537 victoriis
1123 2476 1510 2549 Ecclesiae,
1555 2478 1718 2534 inde
1753 2498 1788 2535 a
1825 2478 2306 2535 Revelatione
2347 2477 2483 2553 ipsi
2529 2478 2721 2535 facta

240 2604 463 2662 usque
511 2584 595 2641 ad
641 2582 866 2640 finem
910 2581 1175 2639 mundi‘
1208 2582 1502 2639 immerito
1534 2588 1877 2656 negaretur;
1922 2602 2055 2639 cum
2085 2582 2280 2658 plures
2310 2588 2480 2639 notae
2511 2582 2719 2656 imagi·-

243 2707 457 2765 nesque
509 2687 583 2744 ab
629 2685 907 2762 Apostolo
959 2685 1285 2757 exhibitae,
1345 2706 1409 2743 eo
1463 2706 1565 2743 nos
1616 2687 1713 2743 vel
1768 2687 1987 2744 invitos
2040 2692 2298 2761 spectare
2349 2686 2717 2761 compellant.

243 2791 519 2848 Alterum
548 2790 699 2867 quod
732 2809 807 2846 ex
836 2790 947 2848 hoc
976 2791 1164 2865 primo
1194 2790 1486 2867 postulato
1517 2792 1800 2868 sequitur,
1845 2790 2109 2868 illudque
2157 2790 2340 2863 magis
2379 2790 2554 2847 simul
2585 2811 2719 2848 con-

239 2895 439 2952 firmat
469 2895 580 2951 hoc
610 2898 720 2963 est3
772 2896 923 2971 quod
946 2892 971 2929 5
1016 2894 1439 2954 vaticiniorum
1484 2915 1619 2971 pars
1665 2914 1878 2968 magna
1924 2894 2040 2951 iam
2089 2894 2373 2969 completa
2415 2896 2719 2953 habeatur.

238 3000 437 3074 Igitur
490 2999 538 3056 si
584 3004 809 3075 partem
868 2998 1165 3075 primam
1223 3001 1364 3057 satis
1417 3006 1776 3076 perspectam
1829 3000 2136 3070 habemus,
2191 3000 2430 3055 candem
2485 3002 2718 3057 nonnisi

237 3112 459 3180 septem
498 3104 783 3161 Ecclesiae
813 3104 989 3161 Asiae
1021 3105 1323 3179 respicere,
1357 3107 1422 3161 in
1453 3103 1759 3179 propatulo
1799 3109 1912 3172 est3
1962 3104 2293 3161 ultimam
2323 3124 2464 3161 vero
2495 3108 2718 3179 Apoca-

240 3208 466 3285 lypseos
516 3209 828 3266 sectionem
878 3208 1083 3265 mundi
1131 3202 1310 3265 finem
1365 3209 1706 3279 describere,
1764 3209 1985 3283 pariter
2036 3214 2306 3283 apertum
2352 3216 2455 3265 est.
2517 3210 2720 3265 Omnis

240 3314 427 3387 igitur
456 3315 521 3369 in
553 3318 720 3388 parte
762 3316 916 3369 inte
931 3312 1215 3369 rmedia
1254 3314 1292 3370 i.
1326 3333 1375 3369 e.
1423 3312 1656 3370 altera
1697 3312 2045 3388 explicanda
2073 3320 2346 3370 versatur
2376 3312 2716 3380 difficultas3

240 3420 340 3475 ubi
371 3418 722 3493 interpretes
753 3418 819 3473 in
848 3418 1045 3475 varias
1090 3418 1307 3475 abeunt
1335 3419 1676 3475 sententias.
1725 3416 2012 3475 Nonnulli
2054 3418 2250 3475 omnia
2281 3436 2427 3493 quae
2458 3419 2635 3475 habet
2673 3438 2716 3473 e.

236 3523 489 3581 Joannes
518 3522 591 3579 ad
622 3541 855 3579 sensum
886 3521 1165 3578 moralem
1196 3521 1462 3595 exigunt.
1520 3521 1646 3579 Alii
1692 3522 2051 3579 contendunt
2081 3524 2208 3581 visa
2237 3522 2503 3597 Apostoli
2538 3522 2718 3579 histo-

240 3627 465 3684 riarum
498 3645 657 3683 nexu
690 3645 809 3682 esse
840 3625 1209 3701 exponenda3
1243 3627 1345 3703 qui
1378 3630 1575 3683 tamen
1605 3626 1955 3701 interpretes
1987 3646 2186 3683 rursus
2217 3646 2348 3683 cum
2379 3626 2444 3683 in
2473 3626 2720 3699 figendis

239 3732 618 3807 temporibus,
650 3734 777 3787 tum
802 3731 867 3786 in
891 3732 1189 3788 vaticiniis
1213 3730 1575 3806 applicandis
1598 3731 1714 3789 sibi
1737 3731 1992 3789 invicem
2024 3732 2426 3788 adversantur.
2460 3733 2716 3788 Acatho-

239 3835 485 3893 licorum
501 3833 766 3910 plurimi,
796 3839 861 3891 ut
883 3836 1093 3892 merito
1114 3854 1150 3892 a
1174 3834 1231 3892 S.
1250 3836 1441 3892 Matre
1460 3834 1720 3893 Ecclesia
1743 3834 2008 3892 Romana
2020 3854 2078 3891 se
2097 3834 2368 3892 defecisse
2391 3836 2714 3906 ostendant,

448 4078 487 4143 1)
524 4078 683 4127 Hanc
728 4094 757 4127 e
804 4077 955 4126 coelo
1000 4078 1056 4125 in
1100 4082 1295 4127 terram
1348 4077 1759 4128 descendentem
1805 4076 1855 4126 d.
1891 4076 2132 4127 Joannes
2188 4077 2488 4127 describere
2541 4079 2716 4143 pergit

238 4182 302 4215 eo
329 4168 537 4227 ornatu,
575 4164 973 4229 magnificentia
998 4168 1051 4213 et
1074 4164 1267 4229 gloria3
1304 4180 1412 4230 qua
1437 4164 1694 4231 quidquid
1719 4166 1776 4213 in
1801 4166 2146 4213 universitate
2183 4180 2357 4214 rerum
2379 4165 2716 4230 magnificum

238 4258 333 4314 est,
380 4252 541 4316 longe
597 4256 894 4315 superatur.
957 4250 997 4316 2)
1036 4254 1127 4311 22,
1167 4254 1353 4301 6—23.
1415 4252 1457 4315 ³)
1495 4252 1569 4302 Ut
1616 4252 1992 4301 corroboretur
2041 4266 2161 4317 spes
2209 4252 2406 4301 iniecta
2455 4252 2520 4300 de
2567 4253 2716 4318 regni

240 4338 436 4389 Christi
470 4339 655 4387 futura
690 4338 1070 4403 magnitudine,
1110 4340 1387 4388 asseritur:
1429 4338 1694 4387 Christum
1731 4354 1849 4387 esse
1887 4354 2069 4387 verum
2104 4337 2370 4388 Messinm.
2419 4340 2720 4403 Apponitur

238 4430 593 4491 congruenter
629 4424 698 4474 ad
736 4429 1023 4474 extremum
1060 4424 1356 4485 affirmatio,
1396 4424 1654 4490 quidquid
1691 4425 1790 4475 hac
1827 4426 1882 4474 in
1919 4424 2209 4490 Prophetis.
2246 4426 2543 4474 continetur
2580 4425 2715 4477 adeo

238 4518 436 4563 certum
488 4526 623 4575 esse,
672 4517 735 4561 ut
786 4512 1113 4562 verissimum
1154 4512 1329 4572 „Vae“
1371 4514 1752 4577 pronuncietur
1787 4512 2042 4562 adversus
2091 4527 2227 4573 eum,
2268 4512 2356 4576 qui
2393 4512 2506 4561 eius
2541 4513 2720 4563 verbis

237 4600 440 4666 aliquid
495 4606 589 4650 aut
644 4598 840 4650 addere
896 4603 989 4649 aut
1038 4600 1277 4649 minuere
1325 4601 1481 4649 ausit.
1543 4598 1583 4665 ⁴)
1621 4600 1900 4649 Vaticiniis
1948 4598 2196 4649 fatidicis.
2253 4600 2294 4663 ³)
2334 4598 2468 4649 Coll.
2507 4602 2590 4663 22,
2631 4602 2714 4649 10.

2308 4686 2409 4735 33*
