3267 5259
614 418 743 485 384
1356 430 1471 475 nint.
1500 430 1607 475 Rev.
1636 430 1726 475 div.
1759 429 1926 475 Poriod.
1955 430 2011 475 11.
2031 444 2126 487 cap.
2155 430 2353 485 primm.

614 606 1039 693 depellendas
1082 606 1571 673 Judaizantium
1618 608 2104 673 criminationes
2149 606 2346 671 docet
2373 604 2538 671 illud
2567 606 2888 689 sufficere,
2917 606 3070 693 quod

612 719 913 805 Apostoli
958 719 1266 806 primarii,
1312 720 1535 785 audito
1582 719 1770 785 Pauli
1817 718 2206 805 Evangelio,
2253 741 2386 783 non
2431 717 2630 784 modo
2675 718 2766 783 nil
2793 718 3067 805 repudia·

611 834 758 915 rint,
804 833 923 897 sed
966 833 1183 919 potius
1230 842 1437 897 totum
1478 832 1922 897 confirmarint
1944 836 1981 896 ¹.
2027 832 2136 895 Ex
2169 854 2394 897 eorum
2427 854 2598 917 quae
2629 830 3071 917 Hierosolymis

614 956 682 1009 et
722 945 1113 1009 Antiochiae
1158 954 1347 1029 gesta
1390 954 1541 1009 sunt
1572 946 1738 1009 serie
1771 944 2018 1031 liquido
2051 954 2386 1027 constare,
2433 967 2634 1030 quam
2664 946 2876 1009 inanis
2903 944 3070 1007 fuerit

616 1058 1159 1123 calumniatorum
1205 1058 1573 1140 accusatio,
1645 1059 1834 1143 quasi
1895 1080 2029 1123 non
2071 1057 2248 1123 idem
2309 1059 2580 1123 sentiret
2639 1080 2790 1121 cum
2849 1057 3071 1140 magnis

611 1170 1019 1257 Apostolis23
1093 1173 1251 1235 item
1299 1192 1431 1255 quo
1490 1169 1638 1235 loco
1699 1169 2010 1235 habenda
2067 1172 2150 1235 sit
2205 1172 2598 1252 criminatio,
2675 1168 2854 1255 quod
2909 1166 3070 1231 Pauli

609 1283 817 1347 verba
860 1283 1057 1349 rebus
1104 1284 1430 1349 contraria
1474 1306 1617 1349 esse
1665 1282 2062 1349 viderentur.
2141 1282 2396 1364 Quibus
2453 1284 2643 1348 factis
2689 1282 2898 1347 allatis
2941 1306 3071 1347 con-

609 1395 829 1477 cludit,
878 1419 958 1461 ac
1004 1419 1121 1462 suo
1168 1395 1367 1461 docet
1410 1396 1736 1482 exemplo,
1795 1395 1954 1482 quid
1999 1395 2380 1462 Christianis
2427 1395 2731 1461 omnibus
2779 1396 2861 1461 de
2903 1394 3067 1479 Lege

610 1507 1024 1573 statuendum
1094 1511 1199 1573 sit:
1288 1532 1384 1573 ex
1456 1508 1617 1574 fide
1688 1508 1980 1574 Christi
2049 1509 2356 1574 relictis
2421 1508 2662 1593 Legis
2731 1507 3070 1594 operibus

608 1622 987 1685 iustitiam
1079 1642 1551 1706 quaeramus
1570 1624 1613 1685 ⁸.
1697 1619 2123 1686 confutatis*
2209 1620 2724 1687 obtrectatorum
2801 1620 3074 1685 omnibus

608 1732 966 1815 calumniis,
1012 1732 1099 1796 ad
1144 1732 1559 1798 instruendos
1602 1758 1778 1798 nunc
1811 1733 2102 1815 Galatas,
2150 1756 2424 1820 quorum
2457 1734 2640 1799 multi
2669 1733 2922 1819 Legem
2949 1732 3072 1797 fore

608 1855 997 1932 perpetuam
1067 1844 1455 1929 credebant,
1530 1869 1898 1911 sermonem
1967 1849 2292 1913 convertit
2307 1851 2349 1911 ⁵.
2428 1846 2736 1911 Ostendit
2802 1844 3074 1911 dolenter

606 1980 868 2022 omnem
914 1956 1055 2022 illos
1102 1959 1331 2044 prioris
1378 1980 1533 2023 suae
1581 1960 1932 2044 patientiae
1981 1958 2264 2024 fructum
2310 1958 2704 2045 perdidisse,
2761 1961 2882 2023 nisi
2935 1960 3072 2021 resi-

606 2072 866 2156 puerint
884 2074 927 2134 ⁶.
984 2070 1367 2135 Rationibus
1398 2069 1635 2135 deinde
1671 2081 1736 2135 et
1777 2072 2160 2137 testimoniis
2203 2095 2289 2137 ex
2321 2070 2389 2136 S.
2416 2071 2482 2137 S.
2513 2072 2593 2137 V.
2619 2070 2698 2135 T.
2731 2071 2802 2135 id
2831 2070 3072 2135 demon-

604 2192 810 2247 strare
858 2182 1253 2268 aggreditur.
1333 2183 1662 2269 Exemplo
1707 2182 2018 2250 Abrahae
2063 2186 2260 2249 infert
2303 2184 2484 2250 illum
2528 2207 2614 2249 ex
2661 2184 2888 2249 auditu
2939 2182 3072 2247 fidei

602 2318 735 2361 non
766 2318 851 2359 ex
876 2295 1183 2382 operibus
1207 2294 1405 2379 Legis
1430 2318 1573 2360 esse
1606 2296 1920 2381 adeptum
1951 2298 2257 2363 iustitiam
2279 2301 2320 2361 ⁷.
2359 2296 2472 2361 Ad
2504 2299 2642 2362 eius
2676 2319 2902 2362 semen
2927 2316 3067 2361 vero

604 2604 786 2655 literas
823 2604 1013 2665 refero,
1051 2604 1167 2654 Deo
1203 2610 1481 2670 praesente
1520 2609 1574 2654 et
1600 2604 1850 2656 audiente
1887 2620 1968 2655 me
2007 2604 2184 2655 dicere
2223 2606 2482 2669 existimo,
2521 2610 2576 2656 et
2599 2605 2722 2655 ideo
2753 2606 2955 2655 mentiri
2977 2618 3066 2653 non

603 2692 871 2742 auderem.
926 2692 1109 2757 Pergit
1142 2690 1335 2741 deinde
1372 2693 1427 2741 in
1463 2690 1608 2741 fideli
1645 2706 1829 2742 earum
1865 2708 2040 2743 rerum
2076 2694 2399 2759 narratione,
2437 2706 2576 2758 quae
2615 2698 2808 2759 postea
2837 2692 2912 2741 illi
2945 2691 3064 2741 acci·

605 2778 809 2828 derant.
849 2780 897 2841 1,
926 2780 1005 2829 16.
1032 2795 1076 2829 s.

818 2883 857 2945 ¹)
895 2882 1047 2943 Quae
1101 2882 1265 2932 fuerit
1314 2884 1477 2932 totius
1532 2882 1931 2934 deliberationis
1987 2884 2262 2934 conclusio
2315 2883 2440 2934 inde
2493 2884 2830 2950 potissimum
2889 2890 3064 2949 patere·

608 2968 753 3035 quod
780 2968 951 3030 Titus,
990 2970 1083 3033 qui
1106 2984 1228 3018 cum
1261 2971 1381 3034 ipso
1407 2970 1505 3019 toti
1530 2969 1910 3019 consultationi
1933 2970 2188 3033 interfuit,
2217 2986 2335 3019 cum
2363 2976 2504 3020 esset
2527 2970 2770 3021 Graecus
2797 2986 2902 3019 non
2923 2968 3062 3018 fuerit

608 3060 826 3106 coactus
862 3054 1106 3105 iudaicae
1142 3054 1277 3121 legis
1314 3058 1419 3105 ritu
1456 3057 1790 3107 circumcidi:
1845 3062 2032 3107 contra
2067 3062 2228 3123 atque
2264 3058 2612 3123 oportuisset,
2671 3059 2716 3108 si
2755 3058 2952 3123 absque
2983 3054 3062 3103 illa

608 3143 677 3193 ad
713 3142 939 3193 salutem
980 3143 1411 3207 consequendam
1446 3158 1555 3193 non
1592 3142 1862 3195 sufficeret
1897 3143 2268 3209 Evangelium.
2317 3144 2398 3194 Of.
2425 3144 2490 3195 E.
2513 3144 2723 3207 Elvert‚
2763 3150 2937 3194 annot.
2961 3144 3008 3191 in
3033 3140 3062 3189 l.

606 3229 723 3281 Gal.
761 3232 807 3292 1,
846 3232 1029 3280 1—10.
1080 3245 1197 3279 cum
1238 3229 1306 3279 ad
1344 3230 1658 3281 obscuriora
1693 3230 1957 3295 quaedam
1991 3238 2104 3281 tum
2141 3232 2210 3281 ad
2247 3233 2506 3282 rationem
2541 3238 2877 3297 spectantes,
2937 3242 3055 3295 quse

600 3316 824 3367 Paulum
851 3319 989 3365 inter
1014 3320 1068 3366 et
1092 3316 1409 3367 christianos
1437 3316 1684 3367 iudaicae
1711 3319 1788 3367 rei
1815 3318 2055 3369 faventes
2087 3318 2467 3369 intercedebat.
2515 3318 2899 3369 Heilbronnae.
2925 3318 3056 3367 1852.

599 3419 650 3468 p.
680 3406 730 3453 9.
756 3420 799 3454 s.
862 3402 902 3468 ²)
938 3403 1023 3453 De
1062 3404 1255 3468 quibus
1294 3404 1431 3453 inter
1462 3418 1646 3453 omnes
1686 3405 1982 3468 constabat,
2022 3421 2057 3455 a
2091 3420 2294 3455 summo
2334 3403 2552 3457 doctore
2588 3405 2799 3455 Christo
2835 3403 3059 3469 mysteri:

598 3489 720 3539 fidei
768 3489 985 3541 edoctos
1030 3490 1212 3541 fuisse.
1287 3490 1328 3553 ³)
1366 3490 1505 3553 Lex,
1562 3492 1642 3540 ait
1683 3491 2000 3557 Apostolus,
2045 3506 2184 3559 quae
2221 3493 2471 3543 facienda
2511 3492 2686 3555 iubet,
2737 3492 3060 3559 prohibetque

598 3578 892 3639 contraria3
942 3582 995 3626 et
1030 3576 1233 3626 nullum
1270 3582 1448 3627 tamen
1486 3577 1555 3627 ad
1591 3577 1728 3627 haec
1761 3578 1866 3629 fert
1900 3578 2183 3643 auxilium3
2227 3581 2404 3645 coegit
2439 3594 2560 3629 eum
2595 3584 2659 3629 ut
2693 3580 2798 3645 ipsi
2833 3578 3059 3629 nuncium

600 3664 905 3725 remitteret,
944 3670 999 3714 et
1034 3664 1099 3714 de
1136 3664 1231 3714 illa
1264 3670 1519 3730 tanquam
1556 3666 1605 3715 ei
1643 3670 1884 3716 mortuus
1919 3682 1988 3715 ne
2026 3668 2286 3732 cogitaret
2317 3666 2528 3732 quidem
2553 3666 2798 3717 ulterius.
2833 3666 2914 3715 Ab
2935 3663 3062 3713 omni

596 3752 803 3816 peccati
840 3754 1107 3801 vetustate
1142 3751 1419 3813 liberatus,
1456 3753 1579 3801 vivo
1616 3751 1748 3801 dicit
1769 3753 1887 3803 Deo
1923 3768 2020 3819 per
2052 3752 2334 3815 Christum,
2369 3754 2426 3803 in
2463 3755 2618 3803 cuius
2641 3755 2818 3819 gratia
2839 3758 3058 3803 mortuus

598 3852 716 3889 sum
736 3837 887 3903 Legi,
908 3839 1031 3887 vivo
1050 3854 1155 3889 non
1176 3838 1282 3888 iam
1302 3854 1418 3903 ego,
1440 3838 1536 3889 sed
1554 3836 1798 3889 Christus
1823 3840 1976 3889 cuius
2001 3841 2240 3890 minister
2257 3856 2390 3903 sum,
2417 3842 2510 3905 qni
2533 3842 2590 3889 in
2613 3856 2698 3891 me
2723 3841 2896 3890 omnia
2913 3836 3062 3887 efficit

600 3926 717 3975 Deo
744 3931 899 3990 grata
924 3930 979 3975 et
1002 3930 1241 3990 accepta.
1280 3926 1321 3990 ⁴)
1348 3940 1395 3975 c.
1422 3928 1471 3976 2.
1506 3942 1557 3990 p.
1586 3929 1632 3976 1.
1681 3924 1722 3991 ⁵)
1749 3926 1808 3975 C.
1835 3928 1882 3977 3.
1911 3931 1966 3976 et
1987 3928 2036 3976 4.
2075 3928 2220 3977 Voce
2256 3926 2669 3979 contumeliosa:
2709 3926 2789 3987 ,Ο
2823 3924 3062 3977 insensati

598 4010 888 4061 Galatae“l
926 4016 1183 4077 tanquam
1208 4012 1397 4063 aculeo
1433 4012 1555 4063 illos
1592 4014 1810 4076 excitat,
1842 4018 1904 4063 ut
1938 4014 2008 4063 ad
2043 4015 2336 4076 veritatem,
2375 4030 2410 4064 a
2431 4030 2542 4081 qua
2567 4018 2906 4075 recesserant,
2939 4010 3060 4060 inci-

594 4098 747 4163 piant
782 4112 1037 4148 revocare
1074 4100 1349 4149 rationem.
1388 4098 1545 4161 Quod
1580 4099 1727 4149 leves
1765 4105 1947 4151 essent
1980 4105 2035 4150 et
2069 4101 2464 4164 inconsiderati,
2501 4118 2608 4151 non
2647 4108 2758 4153 tam
2793 4102 2914 4167 ipsis
2935 4098 3058 4147 vitio

596 4184 829 4235 dandum
868 4200 985 4235 esse
1024 4184 1313 4251 significat,
1360 4200 1519 4251 quam
1558 4186 1772 4237 illorum
1806 4187 2155 4253 improbitati,
2193 4203 2228 4238 a
2264 4188 2458 4253 quibus
2495 4190 2798 4255 praestigiis
2833 4192 2885 4238 et
2915 4184 3056 4235 falla-

592 4272 715 4335 ciis,
762 4288 883 4321 cum
918 4272 1021 4337 ipsi
1060 4271 1294 4337 decepti,
1332 4277 1442 4321 tum
1480 4274 1744 4322 sincerum
1779 4273 1832 4323 J.
1869 4272 1928 4323 C.
1965 4274 2319 4339 Evangelium
2357 4290 2668 4340 perversum
2705 4276 2888 4325 fuerat.
2939 4272 2976 4333 ⁶)
3007 4272 3059 4327 3.

597 4362 741 4409 1—5.
800 4360 839 4423 Ιἵ)
874 4358 1029 4408 Fidei
1067 4360 1207 4408 enim
1244 4360 1359 4408 eius
1394 4360 1601 4409 ratione
1639 4360 1787 4410 Deus
1825 4360 2042 4425 dignum
2077 4361 2226 4411 illum
2264 4360 2452 4411 habuit
2488 4361 2558 4411 ad
2595 4360 2930 4411 obtinendam
2957 4360 3060 4407 ius-

594 4444 782 4494 titiam.
838 4444 897 4494 Si
930 4446 1095 4509 igitur
1128 4444 1199 4494 ad
1234 4444 1505 4495 Abraham
1540 4460 1669 4496 suas
1707 4445 1934 4497 Galatae
1971 4447 2258 4513 dirigerent
2295 4448 2675 4513 cogitationes,
2722 4444 3060 4497 confitendum

590 4528 699 4579 illis
734 4535 902 4594 esset3
958 4546 1067 4581 non
1104 4548 1169 4582 ex
1206 4531 1460 4597 operibus
1496 4532 1687 4597 Legis,
1743 4546 1904 4599 quam
1957 4548 2026 4583 ne
2081 4535 2410 4600 agnoscebat
2445 4534 2688 4599 quidem,
2715 4533 2836 4583 ’sed
2867 4548 2926 4581 ex
2957 4528 3060 4579 fide

591 4614 860 4665 Abraham
898 4616 1151 4683 adeptum
1186 4632 1305 4669 esse
1342 4619 1615 4669 iustitiam.
