3267 5259
575 415 770 466 LXXX
1399 431 1645 484 Apparatus
1674 431 1895 475 Histoi-ico
1910 457 1959 464 —
1976 431 2228 476 chronicus.

573 619 827 671 assumto
851 612 984 670 Tito
1003 610 1040 669 ¹.
1089 613 1183 670 Ex
1204 613 1241 671 J
1243 610 1494 689 osepho²
1522 617 1687 689 patet
1712 615 1820 671 1100
1841 615 2158 672 secundum
2180 613 2297 672 iter
2326 615 2497 690 stipis
2526 615 2859 673 afferendae
2888 635 3054 674 eausa

569 723 914 793 susceptum,
961 737 1076 775 non
1116 718 1282 792 prius
1324 716 1453 775 fleri
1495 718 1769 794 potuisse,
1812 737 1990 796 quam
2020 738 2152 776 cum
2184 719 2415 776 Herode
2448 719 2717 796 Agrippa
2748 719 3051 778 caesareae

569 827 816 893 mortun,
849 821 1098 897 Cuspius
1125 821 1319 880 Fadus
1357 822 1724 898 provinciam
1750 823 1787 881 J
1790 824 2037 881 udaeam
2075 823 2548 882 administraret:
2590 824 2631 881 i.
2676 845 2727 881 e.
2760 844 2919 883 anno
2952 829 3045 882 44.

568 946 626 1002 p.
661 925 753 997 C.;
799 945 988 1004 neque
1026 946 1166 985 vero
1203 927 1388 984 serius
1419 929 1660 998 fantum,
1706 946 1839 986 011111
1872 929 2231 986 Antiocheni
2252 925 2279 966 3
2306 929 2377 985 de
2406 929 2561 986 fame
2590 933 2849 987 ventura
2878 949 3037 1003 prae-

568 1031 776 1089 moniti
817 1036 1032 1101 essent;
1083 1037 1142 1089 et
1181 1033 1238 1089 d.
1281 1032 1466 1090 Lueas
1507 1032 1789 1090 nuntium
1818 1033 1889 1090 de
1920 1038 2105 1091 morte
2135 1033 2389 1091 Herodis
2418 1053 2551 1092 011111
2582 1035 2923 1092 narratione
2952 1034 3049 1090 iti-

567 1137 724 1193 neris
769 1135 1007 1193 Paulini
1029 1134 1052 1174 4
1099 1138 1484 1194 contexuerit.
1550 1140 1747 1215 Atque
1792 1138 1937 1195 11000
1980 1141 2029 1195 si
2075 1141 2232 1195 10010
2279 1138 2575 1214 disputata
2618 1143 2794 1196 sunt:
2852 1137 3049 1196 Conci-

566 1241 716 1298 lium
753 1241 792 1298 J
793 1239 1314 1317 erosolymitanum
1338 1239 1362 1278 ⁵
1391 1242 1787 1300 verosimilius
1825 1241 1889 1299 in
1934 1261 2157 1300 annum
2188 1248 2310 1314 51„
2346 1242 2443 1300 vel
2472 1243 2627 1320 quod
2659 1242 2933 1317 proxime
2962 1262 3045 1298 se-

565 1346 772 1422 quitur
814 1352 1058 1421 tempus,
1105 1346 1358 1404 conferri
1401 1347 1600 1416 debet3
1643 1348 1795 1424 quod
1837 1353 2073 1405 tantum
2114 1349 2292 1418 abest,
2338 1353 2407 1404 111
2446 1347 2691 1424 reliquis
2721 1351 3049 1422 temporum

564 1449 894 1508 rationibus
924 1451 1284 1521 adversetur,
1329 1456 1400 1508 ut
1428 1452 1502 1508 iis
1533 1454 1743 1526 potius,
1792 1471 1940 1529 quae
1970 1453 2039 1508 de
2068 1451 2105 1508 J
2107 1452 2306 1508 udaeis
2336 1451 2523 1509 Roma
2552 1451 2815 1526 expulsis
2844 1453 3048 1527 proba·

564 1554 767 1612 biliter
805 1559 1092 1626 constant,
1137 1553 1366 1612 firmari
1407 1557 1682 1613 videatur
1704 1555 1747 1613 Β.
1808 1556 1937 1614 Hoc
1966 1561 2161 1614 01110111
2192 1557 2447 1613 edietum
2478 1575 2633 1614 anno
2666 1561 2768 1614 50.
2802 1556 3039 1631 prodiit.

564 1656 794 1734 Quippe
835 1661 1102 1736 Agrippa
1149 1660 1236 1718 ΙΙ.
1280 1663 1382 1738 qui
1413 1680 1641 1719 summo
1683 1661 1975 1735 gaudebat
2014 1661 2276 1719 Caesaris
2314 1661 2517 1719 favore
2556 1661 2774 1718 Romae
2806 1660 3049 1734 degebat⁴

563 1782 746 1840 usque
769 1765 840 1820 ad
865 1783 916 1821 a.
951 1768 1081 1834 49.;
1115 1767 1269 1823 unde
1298 1764 1550 1823 Judaeos
1579 1767 1653 1823 ad
1684 1765 1857 1823 illum
1887 1785 2069 1844 usque
2101 1785 2322 1823 annum
2354 1764 2536 1822 exilio
2566 1785 2683 1822 non
2716 1785 2838 1822 esse
2868 1765 3049 1822 mulc-

564 1871 714 1924 tatos
753 1869 1063 1926 credimus.
1130 1869 1292 1932 Quae
1329 1890 1504 1945 porro
1547 1889 1681 1928 cum
1723 1871 1809 1928 ita
1850 1870 1988 1941 sint,
2042 1891 2087 1928 s.
2122 1872 2330 1928 Petrus
2372 1874 2501 1946 post
2542 1889 2765 1927 annum
2808 1875 2912 1927 50.
2946 1871 3047 1927 vix

561 1971 779 2030 Romae
823 1993 942 2030 esse
984 1976 1202 2051 potuit3
1253 1979 1312 2032 et
1342 1995 1416 2032 en
1443 1976 1556 2033 hoe
1584 1980 1673 2033 est
1702 1976 1857 2032 idem
1888 1975 2038 2033 illud
2068 1980 2314 2050 tempus,
2362 1994 2478 2052 quo
2508 1995 2642 2032 eum
2670 1975 2708 2030 J
2710 1973 3049 2051 erosolymis

561 2095 820 2150 praeesse
861 2079 1108 2136 concilio
1148 2080 1425 2149 diximus,
1475 2080 1627 2158 quod
1666 2079 1889 2138 calculo
1932 2085 2146 2152 nosti-0,
2198 2080 2253 2137 d.
2297 2079 2549 2137 Paulum
2580 2099 2633 2137 a.
2670 2084 2769 2135 51.
2804 2080 3047 2136 tertium

558 2180 950 2258 Jerosolymas
981 2203 1100 2240 8080
1131 2183 1462 2255 contulisse,
1497 2184 1668 2242 annis
1692 2203 1832 2241 voro
1854 2184 2294 2262 quatuordeeim
2318 2188 2480 2241 ante:
2513 2186 2554 2240 i.
2582 2203 2631 2240 0.
2662 2188 2762 2242 37.
2790 2185 2863 2241 ad
2890 2203 3047 2240 saera

559 2284 903 2344 Christiana
933 2288 1250 2345 adductum
1281 2307 1416 2357 esse,
1451 2289 1608 2346 haud
1641 2288 1923 2363 exiguum
1954 2289 2120 2346 addit
2148 2289 2390 2364 pondus.
2454 2286 2825 2366 Quamquam
2858 2291 3049 2364 primo

561 2391 790 2447 intuitu
836 2390 1134 2468 aliquibus
1174 2393 1451 2450 videatur
1495 2393 1639 2450 haee
1678 2393 1832 2450 ratio
1872 2391 2307 2451 demonstrandi
2354 2396 2525 2450 extra
2570 2392 2753 2450 limen
2798 2393 3044 2462 versari,

561 2499 758 2552 tamen
788 2497 1039 2571 perbene
1069 2497 1142 2554 ad
1173 2515 1294 2554 rem
1327 2502 1586 2555 nostram
1616 2497 1778 2555 facit.

771 2603 856 2657 51.
911 2601 1054 2656 Acta
1108 2603 1280 2656 Pauli
1323 2619 1360 2656 a
1411 2601 1653 2656 Concilio
1697 2603 2201 2671 Hierosolymitano
2246 2621 2418 2673 usque
2468 2604 2544 2656 ad
2590 2603 2883 2656 adventum
2938 2604 3049 2656 eins

551 2704 792 2772 primum
845 2706 1117 2774 Ephesum
1171 2707 1308 2761 seri-e
1361 2707 1741 2778 chronoloqica
1793 2707 2081 2776 disposita.
2158 2705 2303 2764 Cum
2356 2705 2576 2764 Paulus
2631 2711 2691 2762 et
2750 2707 3049 2764 Barnabas

771 2965 808 3031 ¹)
848 2965 1108 3026 Quoniam
1147 2966 1202 3017 id
1237 2983 1345 3017 non
1384 2967 1610 3033 amplius
1648 2967 1715 3017 ad
1754 2983 1973 3033 scopum
2009 2971 2343 3032 praesentem
2380 2967 2682 3032 scriptionis
2728 2967 3046 3032 pertinebat,

559 3051 628 3101 ad
664 3067 821 3117 quem
857 3053 1191 3118 probandum
1229 3054 1359 3104 satis
1396 3053 1634 3104 habebat
1670 3071 1711 3105 s.
1732 3053 1933 3104 Paulus
1961 3068 2041 3115 ea,
2080 3067 2217 3118 quae
2250 3054 2355 3102 iam
2394 3051 2573 3102 attulit
2596 3051 2811 3114 dixisse,
2852 3053 3044 3102 adven-

557 3145 668 3188 tum
715 3138 864 3189 illum
912 3139 1134 3190 alterum
1171 3139 1534 3206 Jerosolymas
1573 3141 1751 3191 omisit
1784 3142 1839 3190 in
1878 3139 2105 3205 epistola
2142 3140 2211 3189 ad
2249 3139 2367 3189 Gal.
2434 3139 2475 3205 ²)
2510 3140 2689 3204 Antiq.
2728 3140 2873 3188 XIX.
2913 3143 2962 3203 8,
3000 3143 3044 3188 2.

557 3231 612 3276 et
635 3227 750 3277 XX.
777 3230 825 3289 5,
853 3229 901 3276 2.
927 3227 969 3288 1,
997 3229 1115 3277 950.
1142 3229 1260 3277 965.
1304 3227 1344 3292 ³)
1371 3227 1488 3277 Act.
1518 3229 1597 3291 11,
1626 3228 1709 3277 28.
1770 3226 1813 3292 ⁴)
1838 3227 1955 3276 Aet.
1986 3229 2065 3290 12,
2094 3229 2175 3276 23.
2202 3242 2243 3276 8.
2306 3227 2347 3292 ⁶)
2382 3227 2446 3274 V.
2472 3243 2523 3292 p.
2550 3227 2668 3276 350.
2694 3243 2736 3276 s.
2793 3225 2837 3290 ⁶)
2876 3227 3045 3292 Impe-

557 3318 785 3363 ratorem
825 3312 1170 3363 Claudium
1205 3313 1501 3364 Judaeos
1539 3329 1755 3364 omnes
1793 3313 1868 3364 ab
1906 3313 2081 3363 Urbe
2116 3312 2461 3362 discedere
2498 3313 2715 3362 iussisse
2748 3312 3047 3362 docuerunt

554 3405 799 3466 posteros
849 3415 889 3450 s.
916 3402 1140 3451 Lucas
1177 3400 1295 3450 Aet.
1336 3401 1416 3462 18,
1451 3403 1498 3450 2.
1561 3399 1967 3463 Suetonius,
2006 3401 2060 3448 in
2096 3401 2208 3449 vita
2244 3399 2456 3449 Claudii
2494 3415 2539 3448 0.
2578 3401 2661 3448 25.
2722 3399 2854 3449 Dio
2895 3399 3043 3449 Cas-

555 3489 717 3549 sius,
748 3489 831 3550 60,
857 3490 905 3538 6.
934 3493 987 3538 01
1013 3488 1319 3550 Orosius,
1346 3489 1485 3537 Hist.
1512 3487 1632 3548 VII,
1661 3489 1737 3550 6.;
1777 3488 1868 3553 qui
1895 3486 1951 3535 id
1974 3487 2149 3552 ipsum
2174 3488 2331 3536 etiam
2357 3490 2537 3536 monet
2573 3500 2739 3535 011110
2780 3485 3045 3536 Claudii

555 3591 732 3624 nono
795 3575 1054 3625 evenisse.
1127 3575 1314 3639 Neque
1372 3590 1499 3623 vero
1559 3573 1783 3623 multum
1842 3574 2092 3622 miramur
2150 3573 2349 3623 nullius
2409 3587 2549 3622 anno
2610 3587 2753 3622 nono
2816 3571 3043 3634 Claudii,

554 3660 886 3711 Judaeorum
941 3661 1200 3712 tumultus
1249 3662 1554 3710 memoriam
1603 3675 1721 3710 esse
1771 3660 1915 3725 apud
1966 3659 2261 3724 Scriptores
2309 3659 2580 3724 profanos.
2651 3659 2941 3708 Enimvero
2988 3664 3045 3708 ut

555 3746 857 3808 Suetonius,
907 3747 940 3797 l.
979 3764 1024 3797 0.
1062 3747 1224 3798 tradit
1265 3764 1372 3797 non
1423 3749 1489 3796 ob
1543 3763 1739 3797 novum
1779 3746 2009 3812 aliquem
2046 3745 2548 3810 memorabilemque
2594 3745 2904 3807 tumultum,
2952 3744 3042 3794 sed

554 3835 733 3900 quod
795 3835 1080 3887 assidue
1141 3834 1742 3884 tumultuarentur
1798 3833 2005 3883 Roma
2064 3832 2251 3898 pulsi
2314 3837 2473 3881 sunt
2529 3830 2743 3881 Judaei.
2818 3831 2903 3881 Cf.
2960 3832 3042 3881 W.

551 3921 830 3987 Mangold,
869 3922 963 3971 der
997 3921 1332 3972 Romerbrief
1371 3936 1421 3970 u.
1460 3920 1510 3969 d.
1548 3920 1669 3970 Ans.
1706 3920 1756 3969 d.
1794 3921 1943 3970 Rom.
1984 3919 2131 3969 Gem.
2169 3919 2339 3968 Marb.
2380 3919 2529 3968 1866.
2570 3935 2619 3982 p.
2658 3920 2742 3969 38.
2782 3935 2824 3968 8.
2896 3919 3039 3968 Jam-

550 4025 680 4058 vero
729 4023 848 4059 eum
885 4009 1075 4058 Petrus
1112 4007 1355 4057 Judaeus
1392 4007 1694 4069 baberetur,
1746 4011 1800 4056 et
1834 4008 2005 4072 ipsum
2056 4005 2325 4056 exulatum
2370 4005 2566 4055 abiisse
2604 4003 2896 4068 credimus3
2940 4006 3039 4056 nisi

551 4097 691 4146 enim
725 4095 966 4145 Judaeos
1013 4110 1184 4160 aeque
1234 4109 1300 4144 ac
1337 4093 1667 4144 Christianos
1718 4093 1947 4143 edictum
1992 4093 2256 4158 attigisset
2301 4091 2497 4157 Aquila
2542 4096 2598 4141 et
2632 4091 2900 4155 Priscilla3
2951 4093 3039 4158 qui

551 4182 838 4232 Christiani
889 4186 1042 4232 erant
1086 4182 1258 4232 Roma
1307 4181 1564 4230 excedere
1612 4196 1720 4230 non
1770 4181 2106 4241 debuissent,
2158 4181 2235 4228 uti
2284 4193 2414 4228 sane
2461 4178 2619 4228 huius
2668 4179 2828 4228 edicti
2878 4193 3039 4229 eausa

551 4270 845 4320 excessisse
865 4285 930 4318 ex
955 4270 1084 4334 ipsis
1102 4269 1325 4318 Actibus
1345 4268 1445 4333 Ap.
1469 4270 1550 4329 18,
1571 4269 1619 4316 2.
1648 4273 1971 4333 compertum
1997 4271 2092 4316 est.
2120 4266 2182 4314 V.
2202 4282 2255 4331 p.
2276 4267 2393 4315 344.
2414 4279 2455 4315 8.
2488 4265 2592 4315 Pro
2614 4281 2721 4314 uno
2742 4265 3037 4330 eodemque

548 4356 739 4405 itinere
776 4355 892 4405 Act.
921 4358 1003 4416 15,
1042 4358 1090 4404 2.
1132 4361 1186 4404 et
1221 4354 1338 4404 Gal.
1366 4357 1416 4418 2,
1447 4357 1490 4404 1.
1518 4357 1565 4404 2.
1610 4359 1855 4419 pugnant
1898 4358 2111 4418 praeter
2156 4352 2292 4402 alios
2326 4351 2379 4401 J.
2416 4351 2506 4400 Fr.
2546 4351 2769 4414 (11111101,
2809 4352 2937 4401 diss.
2974 4352 3037 4402 de

547 4443 738 4492 itinere
791 4441 950 4491 Pauli
1003 4440 1490 4506 Hierosolymitano
1547 4439 1617 4490 acl
1673 4440 1791 4490 Gal.
1838 4443 1895 4503 2,
1934 4442 1982 4490 2.
2017 4439 2139 4488 Jen.
2176 4441 2327 4488 1750.
2365 4455 2416 4503 p.
2452 4441 2501 4486 4.
2536 4455 2578 4488 s.
2626 4438 2697 4487 H.
2733 4438 2797 4488 A.
2835 4437 3036 4496 8011011,

547 4529 878 4593 Erfirterung
931 4529 1132 4593 einiger
1181 4527 1354 4577 wicht.
1401 4527 1580 4578 chron.
1625 4527 1841 4577 Punkte
1892 4528 1947 4576 in
1996 4526 2090 4575 der
2133 4524 2529 4590 Lebensgesch.
2580 4524 2633 4574 d.
2668 4524 2768 4590 Ap.
2818 4525 3034 4574 Paulus.

545 4615 668 4665 Jen.
697 4617 847 4666 1832.
873 4631 925 4680 p.
956 4617 1037 4664 13.
1063 4631 1104 4664 s.
1144 4615 1230 4664 Fr.
1256 4614 1580 4679 Reithmayr,
1607 4612 1809 4663 Comm.
1836 4630 1880 4662 z.
1908 4613 1993 4662 Br.
2022 4628 2089 4662 an
2116 4612 2166 4662 d.
2196 4611 2313 4662 Gal.
2337 4611 2553 4662 Miinch.
2584 4612 2735 4661 1865.
2768 4628 2820 4677 p.
2852 4613 2964 4661 113.
2990 4625 3032 4659 s.
