<?xml version="1.0" encoding="UTF-8"?>
<!DOCTYPE html PUBLIC "-//W3C//DTD XHTML 1.0 Transitional//EN"
    "http://www.w3.org/TR/xhtml1/DTD/xhtml1-transitional.dtd">
<html xmlns="http://www.w3.org/1999/xhtml" xml:lang="en" lang="en">
 <head>
  <title>
</title>
<meta http-equiv="Content-Type" content="text/html;charset=utf-8" />
  <meta name='ocr-system' content='tesseract 3.04.00' />
  <meta name='ocr-capabilities' content='ocr_page ocr_carea ocr_par ocr_line ocrx_word'/>
</head>
<body>
  <div class='ocr_page' id='page_1' title='image "./historiarevelat00unkngoog_0629.png"; bbox 0 0 3267 5259; ppageno 0'>
   <div class='ocr_carea' id='block_1_1' title="bbox 958 404 2672 469">
    <p class='ocr_par' dir='ltr' id='par_1_1' title="bbox 958 404 2672 469">
     <span class='ocr_line' id='line_1_1' title="bbox 958 404 2672 469; baseline 0.001 -13"><span class='ocrx_word' id='word_1_1' title='bbox 958 415 1009 456; x_wconf 89' lang='lat' dir='ltr'><strong>D.</strong></span> <span class='ocrx_word' id='word_1_2' title='bbox 1038 414 1218 465; x_wconf 66' lang='lat' dir='ltr'><strong>sonnis</strong></span> <span class='ocrx_word' id='word_1_3' title='bbox 1244 416 1294 457; x_wconf 77' lang='lat' dir='ltr'><strong>A.</strong></span> <span class='ocrx_word' id='word_1_4' title='bbox 1324 417 1516 457; x_wconf 78' lang='lat' dir='ltr'><strong>extrema</strong></span> <span class='ocrx_word' id='word_1_5' title='bbox 1542 416 1636 457; x_wconf 74' lang='lat' dir='ltr'><strong>fata</strong></span> <span class='ocrx_word' id='word_1_6' title='bbox 1665 417 1711 457; x_wconf 79' lang='lat' dir='ltr'><strong>et</strong></span> <span class='ocrx_word' id='word_1_7' title='bbox 1736 415 1914 466; x_wconf 76' lang='lat' dir='ltr'><strong>scripta.</strong></span> <span class='ocrx_word' id='word_1_8' title='bbox 2550 404 2672 469; x_wconf 76' lang='lat'><strong>501</strong></span> 
     </span>
    </p>
   </div>
   <div class='ocr_carea' id='block_1_2' title="bbox 186 590 2717 1924">
    <p class='ocr_par' dir='ltr' id='par_1_2' title="bbox 186 590 2717 1924">
     <span class='ocr_line' id='line_1_2' title="bbox 190 590 2680 681; baseline 0.001 -26"><span class='ocrx_word' id='word_1_9' title='bbox 190 592 457 678; x_wconf 88' lang='lat' dir='ltr'><strong>singulis</strong></span> <span class='ocrx_word' id='word_1_10' title='bbox 486 594 855 660; x_wconf 89' lang='lat' dir='ltr'><strong>hominibus</strong></span> <span class='ocrx_word' id='word_1_11' title='bbox 888 594 971 661; x_wconf 90' lang='lat' dir='ltr'><strong>de</strong></span> <span class='ocrx_word' id='word_1_12' title='bbox 1010 592 1199 659; x_wconf 87' lang='lat' dir='ltr'><strong>bonis</strong></span> <span class='ocrx_word' id='word_1_13' title='bbox 1233 616 1403 680; x_wconf 88' lang='lat' dir='ltr'><strong>quae</strong></span> <span class='ocrx_word' id='word_1_14' title='bbox 1434 617 1555 681; x_wconf 90' lang='lat' dir='ltr'><strong>per</strong></span> <span class='ocrx_word' id='word_1_15' title='bbox 1582 592 1908 658; x_wconf 80' lang='lat' dir='ltr'>Christum</span> <span class='ocrx_word' id='word_1_16' title='bbox 1942 601 2361 678; x_wconf 87' lang='lat' dir='ltr'><strong>acceperunt,</strong></span> <span class='ocrx_word' id='word_1_17' title='bbox 2385 590 2680 669; x_wconf 73' lang='lat' dir='ltr'><strong>hortatur</strong></span> 
     </span>
     <span class='ocr_line' id='line_1_3' title="bbox 196 704 2678 794; baseline 0 -25"><span class='ocrx_word' id='word_1_18' title='bbox 196 727 275 769; x_wconf 88' lang='lat' dir='ltr'><strong>ne</strong></span> <span class='ocrx_word' id='word_1_19' title='bbox 317 706 635 772; x_wconf 90' lang='lat' dir='ltr'><strong>mundum</strong></span> <span class='ocrx_word' id='word_1_20' title='bbox 670 707 958 793; x_wconf 85' lang='lat' dir='ltr'><strong>diligant,</strong></span> <span class='ocrx_word' id='word_1_21' title='bbox 1004 730 1218 794; x_wconf 90' lang='lat' dir='ltr'><strong>neque</strong></span> <span class='ocrx_word' id='word_1_22' title='bbox 1255 730 1332 772; x_wconf 91' lang='lat' dir='ltr'><strong>ea</strong></span> <span class='ocrx_word' id='word_1_23' title='bbox 1365 729 1533 793; x_wconf 89' lang='lat' dir='ltr'><strong>quae</strong></span> <span class='ocrx_word' id='word_1_24' title='bbox 1580 705 1804 771; x_wconf 89' lang='lat' dir='ltr'><strong>mundi</strong></span> <span class='ocrx_word' id='word_1_25' title='bbox 1851 715 2001 769; x_wconf 88' lang='lat' dir='ltr'><strong>sunt</strong></span> <span class='ocrx_word' id='word_1_26' title='bbox 2027 708 2062 769; x_wconf 87' lang='lat'><strong>¹.</strong></span> <span class='ocrx_word' id='word_1_27' title='bbox 2110 704 2379 770; x_wconf 87' lang='lat' dir='ltr'><strong>Caritati</strong></span> <span class='ocrx_word' id='word_1_28' title='bbox 2413 704 2678 791; x_wconf 89' lang='lat' dir='ltr'><strong>quidem</strong></span> 
     </span>
     <span class='ocr_line' id='line_1_4' title="bbox 192 816 2678 908; baseline -0.001 -25"><span class='ocrx_word' id='word_1_29' title='bbox 192 818 577 885; x_wconf 77' lang='lat' dir='ltr'>adversatur</span> <span class='ocrx_word' id='word_1_30' title='bbox 642 823 926 885; x_wconf 82' lang='lat' dir='ltr'><strong>maxime</strong></span> <span class='ocrx_word' id='word_1_31' title='bbox 1002 821 1274 886; x_wconf 85' lang='lat' dir='ltr'><strong>fratrum</strong></span> <span class='ocrx_word' id='word_1_32' title='bbox 1350 820 1571 885; x_wconf 90' lang='lat' dir='ltr'><strong>odium</strong></span> <span class='ocrx_word' id='word_1_33' title='bbox 1643 829 1710 884; x_wconf 92' lang='lat' dir='ltr'><strong>et</strong></span> <span class='ocrx_word' id='word_1_34' title='bbox 1777 841 1961 883; x_wconf 86' lang='lat' dir='ltr'><strong>amor</strong></span> <span class='ocrx_word' id='word_1_35' title='bbox 2027 817 2250 883; x_wconf 89' lang='lat' dir='ltr'><strong>mundi</strong></span> <span class='ocrx_word' id='word_1_36' title='bbox 2269 841 2300 908; x_wconf 70' lang='grc' dir='ltr'><strong>;ι</strong></span> <span class='ocrx_word' id='word_1_37' title='bbox 2364 816 2678 904; x_wconf 76' lang='lat' dir='ltr'>peculiari</span> 
     </span>
     <span class='ocr_line' id='line_1_5' title="bbox 190 932 2680 1022; baseline -0.001 -26"><span class='ocrx_word' id='word_1_38' title='bbox 190 942 483 997; x_wconf 87' lang='lat' dir='ltr'><strong>attamen</strong></span> <span class='ocrx_word' id='word_1_39' title='bbox 536 936 787 999; x_wconf 89' lang='lat' dir='ltr'><strong>ratione</strong></span> <span class='ocrx_word' id='word_1_40' title='bbox 849 944 1147 1022; x_wconf 84' lang='lat' dir='ltr'>pugnant</span> <span class='ocrx_word' id='word_1_41' title='bbox 1209 956 1355 999; x_wconf 89' lang='lat' dir='ltr'><strong>cum</strong></span> <span class='ocrx_word' id='word_1_42' title='bbox 1418 932 1527 997; x_wconf 90' lang='lat' dir='ltr'><strong>illa</strong></span> <span class='ocrx_word' id='word_1_43' title='bbox 1586 954 1840 998; x_wconf 89' lang='lat' dir='ltr'><strong>errores</strong></span> <span class='ocrx_word' id='word_1_44' title='bbox 1903 932 2076 1015; x_wconf 88' lang='lat' dir='ltr'><strong>fidei,</strong></span> <span class='ocrx_word' id='word_1_45' title='bbox 2139 954 2302 1017; x_wconf 91' lang='lat' dir='ltr'><strong>quos</strong></span> <span class='ocrx_word' id='word_1_46' title='bbox 2363 940 2680 1017; x_wconf 89' lang='lat' dir='ltr'><strong>spargunt</strong></span> 
     </span>
     <span class='ocr_line' id='line_1_6' title="bbox 192 1045 2677 1133; baseline -0.001 -24"><span class='ocrx_word' id='word_1_47' title='bbox 192 1045 584 1111; x_wconf 86' lang='lat' dir='ltr'><strong>exsecrandi</strong></span> <span class='ocrx_word' id='word_1_48' title='bbox 611 1047 954 1113; x_wconf 89' lang='lat' dir='ltr'><strong>haeretici:</strong></span> <span class='ocrx_word' id='word_1_49' title='bbox 1004 1050 1115 1133; x_wconf 87' lang='lat' dir='ltr'><strong>qui</strong></span> <span class='ocrx_word' id='word_1_50' title='bbox 1146 1047 1385 1112; x_wconf 83' lang='lat' dir='ltr'><strong>similes</strong></span> <span class='ocrx_word' id='word_1_51' title='bbox 1418 1057 1568 1112; x_wconf 90' lang='lat' dir='ltr'><strong>sunt</strong></span> <span class='ocrx_word' id='word_1_52' title='bbox 1596 1046 1686 1111; x_wconf 91' lang='lat' dir='ltr'><strong>illi</strong></span> <span class='ocrx_word' id='word_1_53' title='bbox 1716 1046 2115 1111; x_wconf 83' lang='lat' dir='ltr'><strong>Antichristo</strong></span> <span class='ocrx_word' id='word_1_54' title='bbox 2137 1048 2180 1129; x_wconf 86' lang='lat'><strong>³,</strong></span> <span class='ocrx_word' id='word_1_55' title='bbox 2225 1046 2336 1131; x_wconf 92' lang='lat' dir='ltr'><strong>qui</strong></span> <span class='ocrx_word' id='word_1_56' title='bbox 2364 1054 2677 1109; x_wconf 87' lang='lat' dir='ltr'><strong>venturus</strong></span> 
     </span>
     <span class='ocr_line' id='line_1_7' title="bbox 192 1158 2676 1243; baseline -0.001 -20"><span class='ocrx_word' id='word_1_57' title='bbox 192 1168 292 1223; x_wconf 89' lang='lat' dir='ltr'><strong>est</strong></span> <span class='ocrx_word' id='word_1_58' title='bbox 334 1158 456 1224; x_wconf 87' lang='lat' dir='ltr'><strong>sub</strong></span> <span class='ocrx_word' id='word_1_59' title='bbox 504 1160 727 1225; x_wconf 90' lang='lat' dir='ltr'><strong>mundi</strong></span> <span class='ocrx_word' id='word_1_60' title='bbox 774 1160 991 1225; x_wconf 88' lang='lat' dir='ltr'><strong>finem.</strong></span> <span class='ocrx_word' id='word_1_61' title='bbox 1052 1161 1413 1226; x_wconf 88' lang='lat' dir='ltr'><strong>Instructos</strong></span> <span class='ocrx_word' id='word_1_62' title='bbox 1461 1160 1617 1224; x_wconf 91' lang='lat' dir='ltr'><strong>dicit</strong></span> <span class='ocrx_word' id='word_1_63' title='bbox 1651 1159 1931 1225; x_wconf 87' lang='lat' dir='ltr'><strong>lectores</strong></span> <span class='ocrx_word' id='word_1_64' title='bbox 1967 1182 2138 1242; x_wconf 91' lang='lat' dir='ltr'><strong>suos,</strong></span> <span class='ocrx_word' id='word_1_65' title='bbox 2189 1168 2260 1223; x_wconf 89' lang='lat' dir='ltr'><strong>ut</strong></span> <span class='ocrx_word' id='word_1_66' title='bbox 2289 1158 2676 1243; x_wconf 80' lang='lat' dir='ltr'><strong>dignoscere</strong></span> 
     </span>
     <span class='ocr_line' id='line_1_8' title="bbox 190 1270 2676 1361; baseline -0.001 -24"><span class='ocrx_word' id='word_1_67' title='bbox 190 1273 443 1357; x_wconf 86' lang='lat' dir='ltr'><strong>possint</strong></span> <span class='ocrx_word' id='word_1_68' title='bbox 472 1271 601 1339; x_wconf 86' lang='lat' dir='ltr'><strong>tale</strong></span> <span class='ocrx_word' id='word_1_69' title='bbox 632 1273 969 1339; x_wconf 89' lang='lat' dir='ltr'><strong>hominum</strong></span> <span class='ocrx_word' id='word_1_70' title='bbox 1000 1296 1229 1359; x_wconf 88' lang='lat' dir='ltr'><strong>genus,</strong></span> <span class='ocrx_word' id='word_1_71' title='bbox 1276 1274 1453 1359; x_wconf 90' lang='lat' dir='ltr'><strong>quod</strong></span> <span class='ocrx_word' id='word_1_72' title='bbox 1498 1276 1814 1361; x_wconf 80' lang='lat' dir='ltr'><strong>pervertit</strong></span> <span class='ocrx_word' id='word_1_73' title='bbox 1845 1272 2040 1337; x_wconf 86' lang='lat' dir='ltr'><strong>fidem</strong></span> <span class='ocrx_word' id='word_1_74' title='bbox 2060 1276 2104 1335; x_wconf 74' lang='lat'><strong>⁴.</strong></span> <span class='ocrx_word' id='word_1_75' title='bbox 2171 1270 2280 1336; x_wconf 89' lang='lat' dir='ltr'><strong>Sic</strong></span> <span class='ocrx_word' id='word_1_76' title='bbox 2311 1270 2396 1335; x_wconf 88' lang='lat' dir='ltr'><strong>ad</strong></span> <span class='ocrx_word' id='word_1_77' title='bbox 2423 1272 2676 1334; x_wconf 86' lang='lat' dir='ltr'><strong>initium</strong></span> 
     </span>
     <span class='ocr_line' id='line_1_9' title="bbox 188 1384 2678 1471; baseline -0.001 -22"><span class='ocrx_word' id='word_1_78' title='bbox 188 1408 529 1469; x_wconf 83' lang='lat' dir='ltr'><strong>regressus</strong></span> <span class='ocrx_word' id='word_1_79' title='bbox 591 1409 641 1453; x_wconf 79' lang='lat' dir='ltr'><strong>s,</strong></span> <span class='ocrx_word' id='word_1_80' title='bbox 689 1386 732 1451; x_wconf 88' lang='lat' dir='ltr'><strong>J</strong></span> <span class='ocrx_word' id='word_1_81' title='bbox 736 1409 982 1452; x_wconf 87' lang='lat' dir='ltr'><strong>oannes</strong></span> <span class='ocrx_word' id='word_1_82' title='bbox 998 1436 1017 1471; x_wconf 90' lang='lat'><strong>,</strong></span> <span class='ocrx_word' id='word_1_83' title='bbox 1085 1389 1249 1452; x_wconf 90' lang='lat' dir='ltr'><strong>mira</strong></span> <span class='ocrx_word' id='word_1_84' title='bbox 1313 1397 1379 1451; x_wconf 87' lang='lat' dir='ltr'><strong>et</strong></span> <span class='ocrx_word' id='word_1_85' title='bbox 1441 1386 1716 1452; x_wconf 88' lang='lat' dir='ltr'><strong>sollicita</strong></span> <span class='ocrx_word' id='word_1_86' title='bbox 1776 1386 1858 1451; x_wconf 91' lang='lat' dir='ltr'><strong>de</strong></span> <span class='ocrx_word' id='word_1_87' title='bbox 1921 1408 2186 1451; x_wconf 89' lang='lat' dir='ltr'><strong>suorum</strong></span> <span class='ocrx_word' id='word_1_88' title='bbox 2249 1384 2454 1449; x_wconf 86' lang='lat' dir='ltr'><strong>salute</strong></span> <span class='ocrx_word' id='word_1_89' title='bbox 2520 1406 2678 1447; x_wconf 87' lang='lat' dir='ltr'><strong>cura</strong></span> 
     </span>
     <span class='ocr_line' id='line_1_10' title="bbox 186 1495 2676 1586; baseline -0.001 -25"><span class='ocrx_word' id='word_1_90' title='bbox 186 1497 493 1581; x_wconf 83' lang='lat' dir='ltr'><strong>inculcat,</strong></span> <span class='ocrx_word' id='word_1_91' title='bbox 559 1500 1041 1586; x_wconf 89' lang='lat' dir='ltr'><strong>persistendum</strong></span> <span class='ocrx_word' id='word_1_92' title='bbox 1096 1503 1165 1565; x_wconf 93' lang='lat' dir='ltr'><strong>in</strong></span> <span class='ocrx_word' id='word_1_93' title='bbox 1208 1500 1338 1565; x_wconf 90' lang='lat' dir='ltr'><strong>fide</strong></span> <span class='ocrx_word' id='word_1_94' title='bbox 1387 1509 1453 1565; x_wconf 90' lang='lat' dir='ltr'><strong>et</strong></span> <span class='ocrx_word' id='word_1_95' title='bbox 1500 1502 1790 1565; x_wconf 86' lang='lat' dir='ltr'><strong>caritate.</strong></span> <span class='ocrx_word' id='word_1_96' title='bbox 1859 1499 2215 1585; x_wconf 82' lang='lat' dir='ltr'><strong>Coniungit</strong></span> <span class='ocrx_word' id='word_1_97' title='bbox 2259 1521 2329 1562; x_wconf 91' lang='lat' dir='ltr'><strong>se</strong></span> <span class='ocrx_word' id='word_1_98' title='bbox 2375 1495 2676 1561; x_wconf 89' lang='lat' dir='ltr'><strong>fidelibus</strong></span> 
     </span>
     <span class='ocr_line' id='line_1_11' title="bbox 188 1609 2717 1700; baseline -0.001 -25"><span class='ocrx_word' id='word_1_99' title='bbox 188 1634 307 1697; x_wconf 88' lang='lat' dir='ltr'><strong>spe</strong></span> <span class='ocrx_word' id='word_1_100' title='bbox 376 1611 459 1677; x_wconf 92' lang='lat' dir='ltr'><strong>de</strong></span> <span class='ocrx_word' id='word_1_101' title='bbox 526 1611 781 1679; x_wconf 88' lang='lat' dir='ltr'><strong>illorum</strong></span> <span class='ocrx_word' id='word_1_102' title='bbox 849 1614 1058 1699; x_wconf 86' lang='lat' dir='ltr'><strong>gloria</strong></span> <span class='ocrx_word' id='word_1_103' title='bbox 1125 1614 1565 1700; x_wconf 86' lang='lat' dir='ltr'><strong>congaudens.</strong></span> <span class='ocrx_word' id='word_1_104' title='bbox 1651 1613 1930 1679; x_wconf 85' lang='lat' dir='ltr'><strong>Extollit</strong></span> <span class='ocrx_word' id='word_1_105' title='bbox 1988 1612 2247 1677; x_wconf 85' lang='lat' dir='ltr'><strong>divinae</strong></span> <span class='ocrx_word' id='word_1_106' title='bbox 2309 1609 2717 1697; x_wconf 28' lang='lat' dir='ltr'><strong>adoptionis·</strong></span> 
     </span>
     <span class='ocr_line' id='line_1_12' title="bbox 189 1723 2672 1812; baseline -0.001 -24"><span class='ocrx_word' id='word_1_107' title='bbox 189 1723 583 1789; x_wconf 88' lang='lat' dir='ltr'><strong>beneficium</strong></span> <span class='ocrx_word' id='word_1_108' title='bbox 604 1730 648 1789; x_wconf 82' lang='lat'><strong>⁵.</strong></span> <span class='ocrx_word' id='word_1_109' title='bbox 694 1726 1009 1791; x_wconf 86' lang='lat' dir='ltr'><strong>Filiorum</strong></span> <span class='ocrx_word' id='word_1_110' title='bbox 1039 1727 1169 1791; x_wconf 90' lang='lat' dir='ltr'><strong>Dei</strong></span> <span class='ocrx_word' id='word_1_111' title='bbox 1213 1738 1311 1793; x_wconf 87' lang='lat' dir='ltr'><strong>est</strong></span> <span class='ocrx_word' id='word_1_112' title='bbox 1342 1728 1577 1792; x_wconf 86' lang='lat' dir='ltr'><strong>fratres</strong></span> <span class='ocrx_word' id='word_1_113' title='bbox 1627 1726 1898 1812; x_wconf 88' lang='lat' dir='ltr'><strong>diligere</strong></span> <span class='ocrx_word' id='word_1_114' title='bbox 1919 1732 1962 1791; x_wconf 67' lang='grc' dir='ltr'><strong>Β.</strong></span> <span class='ocrx_word' id='word_1_115' title='bbox 2009 1723 2368 1811; x_wconf 84' lang='lat' dir='ltr'><strong>Expendat</strong></span> <span class='ocrx_word' id='word_1_116' title='bbox 2399 1724 2672 1809; x_wconf 88' lang='lat' dir='ltr'><strong>quisque</strong></span> 
     </span>
     <span class='ocr_line' id='line_1_13' title="bbox 186 1838 2674 1924; baseline -0.001 -22"><span class='ocrx_word' id='word_1_117' title='bbox 186 1848 461 1924; x_wconf 88' lang='lat' dir='ltr'><strong>propter</strong></span> <span class='ocrx_word' id='word_1_118' title='bbox 514 1840 955 1904; x_wconf 89' lang='lat' dir='ltr'><strong>testimonium</strong></span> <span class='ocrx_word' id='word_1_119' title='bbox 1012 1842 1451 1906; x_wconf 86' lang='lat' dir='ltr'><strong>conscientiae</strong></span> <span class='ocrx_word' id='word_1_120' title='bbox 1474 1844 1525 1905; x_wconf 86' lang='lat'><strong>⁷:</strong></span> <span class='ocrx_word' id='word_1_121' title='bbox 1578 1864 1668 1905; x_wconf 86' lang='lat' dir='ltr'><strong>an</strong></span> <span class='ocrx_word' id='word_1_122' title='bbox 1713 1839 2058 1905; x_wconf 83' lang='lat' dir='ltr'><strong>facultates</strong></span> <span class='ocrx_word' id='word_1_123' title='bbox 2105 1841 2234 1903; x_wconf 91' lang='lat' dir='ltr'><strong>imo</strong></span> <span class='ocrx_word' id='word_1_124' title='bbox 2284 1844 2348 1902; x_wconf 91' lang='lat' dir='ltr'><strong>et</strong></span> <span class='ocrx_word' id='word_1_125' title='bbox 2394 1838 2674 1901; x_wconf 84' lang='lat' dir='ltr'><strong>animam</strong></span> 
     </span>
    </p>
   </div>
   <div class='ocr_carea' id='block_1_3' title="bbox 178 2076 2680 4669">
    <p class='ocr_par' dir='ltr' id='par_1_3' title="bbox 178 2076 2680 4669">
     <span class='ocr_line' id='line_1_14' title="bbox 406 2076 2676 2144; baseline 0 -17"><span class='ocrx_word' id='word_1_126' title='bbox 406 2078 443 2142; x_wconf 88' lang='lat'><strong>¹)</strong></span> <span class='ocrx_word' id='word_1_127' title='bbox 470 2078 534 2127; x_wconf 86' lang='lat' dir='ltr'><strong>ln</strong></span> <span class='ocrx_word' id='word_1_128' title='bbox 560 2076 718 2127; x_wconf 87' lang='lat' dir='ltr'><strong>rebus</strong></span> <span class='ocrx_word' id='word_1_129' title='bbox 744 2077 1025 2129; x_wconf 87' lang='lat' dir='ltr'><strong>mundanis</strong></span> <span class='ocrx_word' id='word_1_130' title='bbox 1044 2078 1177 2128; x_wconf 87' lang='lat' dir='ltr'><strong>nihil</strong></span> <span class='ocrx_word' id='word_1_131' title='bbox 1197 2078 1472 2144; x_wconf 86' lang='lat' dir='ltr'><strong>reperitur,</strong></span> <span class='ocrx_word' id='word_1_132' title='bbox 1493 2082 1705 2144; x_wconf 85' lang='lat' dir='ltr'><strong>praeter</strong></span> <span class='ocrx_word' id='word_1_133' title='bbox 1725 2078 1938 2127; x_wconf 85' lang='lat' dir='ltr'><strong>obiecta</strong></span> <span class='ocrx_word' id='word_1_134' title='bbox 1954 2076 2228 2127; x_wconf 76' lang='lat' dir='ltr'><strong>titillantia</strong></span> <span class='ocrx_word' id='word_1_135' title='bbox 2245 2082 2448 2143; x_wconf 86' lang='lat' dir='ltr'><strong>partem</strong></span> <span class='ocrx_word' id='word_1_136' title='bbox 2468 2077 2676 2127; x_wconf 87' lang='lat' dir='ltr'><strong>animae</strong></span> 
     </span>
     <span class='ocr_line' id='line_1_15' title="bbox 185 2164 2674 2231; baseline 0 -18"><span class='ocrx_word' id='word_1_137' title='bbox 185 2165 677 2231; x_wconf 82' lang='lat' dir='ltr'><strong>concupiscibilem.</strong></span> <span class='ocrx_word' id='word_1_138' title='bbox 726 2164 943 2215; x_wconf 83' lang='lat' dir='ltr'><strong>Abeunt</strong></span> <span class='ocrx_word' id='word_1_139' title='bbox 977 2165 1312 2216; x_wconf 83' lang='lat' dir='ltr'><strong>velocissimo</strong></span> <span class='ocrx_word' id='word_1_140' title='bbox 1350 2180 1526 2216; x_wconf 88' lang='lat' dir='ltr'><strong>cursu.</strong></span> <span class='ocrx_word' id='word_1_141' title='bbox 1574 2164 1705 2215; x_wconf 89' lang='lat' dir='ltr'><strong>Ideo</strong></span> <span class='ocrx_word' id='word_1_142' title='bbox 1739 2164 1920 2214; x_wconf 89' lang='lat' dir='ltr'><strong>mundi</strong></span> <span class='ocrx_word' id='word_1_143' title='bbox 1957 2165 2176 2230; x_wconf 87' lang='lat' dir='ltr'><strong>perituri</strong></span> <span class='ocrx_word' id='word_1_144' title='bbox 2201 2180 2350 2215; x_wconf 88' lang='lat' dir='ltr'><strong>amor</strong></span> <span class='ocrx_word' id='word_1_145' title='bbox 2373 2165 2674 2229; x_wconf 81' lang='lat' dir='ltr'><strong>fugiendus,</strong></span> 
     </span>
     <span class='ocr_line' id='line_1_16' title="bbox 185 2251 2674 2317; baseline 0 -17"><span class='ocrx_word' id='word_1_146' title='bbox 185 2252 373 2301; x_wconf 79' lang='lat' dir='ltr'><strong>divina</strong></span> <span class='ocrx_word' id='word_1_147' title='bbox 418 2251 634 2301; x_wconf 89' lang='lat' dir='ltr'><strong>dilectio</strong></span> <span class='ocrx_word' id='word_1_148' title='bbox 682 2258 861 2301; x_wconf 86' lang='lat' dir='ltr'><strong>autem</strong></span> <span class='ocrx_word' id='word_1_149' title='bbox 907 2252 1293 2317; x_wconf 88' lang='lat' dir='ltr'><strong>amplectenda.</strong></span> <span class='ocrx_word' id='word_1_150' title='bbox 1368 2252 1409 2316; x_wconf 85' lang='lat'><strong>²)</strong></span> <span class='ocrx_word' id='word_1_151' title='bbox 1452 2252 1946 2317; x_wconf 85' lang='lat' dir='ltr'><strong>Quomodocunque</strong></span> <span class='ocrx_word' id='word_1_152' title='bbox 1991 2256 2168 2301; x_wconf 88' lang='lat' dir='ltr'><strong>autem</strong></span> <span class='ocrx_word' id='word_1_153' title='bbox 2205 2252 2284 2301; x_wconf 90' lang='lat' dir='ltr'><strong>illi</strong></span> <span class='ocrx_word' id='word_1_154' title='bbox 2321 2252 2674 2317; x_wconf 78' lang='lat' dir='ltr'><strong>adponentur,</strong></span> 
     </span>
     <span class='ocr_line' id='line_1_17' title="bbox 182 2338 2674 2405; baseline 0 -18"><span class='ocrx_word' id='word_1_155' title='bbox 182 2339 421 2404; x_wconf 79' lang='lat' dir='ltr'><strong>respexit</strong></span> <span class='ocrx_word' id='word_1_156' title='bbox 446 2338 517 2388; x_wconf 87' lang='lat' dir='ltr'><strong>ad</strong></span> <span class='ocrx_word' id='word_1_157' title='bbox 541 2354 723 2388; x_wconf 86' lang='lat' dir='ltr'><strong>eorum</strong></span> <span class='ocrx_word' id='word_1_158' title='bbox 763 2354 967 2389; x_wconf 86' lang='lat' dir='ltr'><strong>errores</strong></span> <span class='ocrx_word' id='word_1_159' title='bbox 994 2338 1307 2405; x_wconf 84' lang='lat' dir='ltr'><strong>Apostolus,</strong></span> <span class='ocrx_word' id='word_1_160' title='bbox 1350 2340 1441 2405; x_wconf 91' lang='lat' dir='ltr'><strong>qui</strong></span> <span class='ocrx_word' id='word_1_161' title='bbox 1467 2339 1676 2389; x_wconf 88' lang='lat' dir='ltr'><strong>Christo</strong></span> <span class='ocrx_word' id='word_1_162' title='bbox 1716 2339 2048 2388; x_wconf 81' lang='lat' dir='ltr'><strong>divinitatem</strong></span> <span class='ocrx_word' id='word_1_163' title='bbox 2084 2338 2316 2389; x_wconf 79' lang='lat' dir='ltr'><strong>adimere</strong></span> <span class='ocrx_word' id='word_1_164' title='bbox 2354 2340 2674 2405; x_wconf 79' lang='lat' dir='ltr'><strong>pergebant3</strong></span> 
     </span>
     <span class='ocr_line' id='line_1_18' title="bbox 182 2424 2675 2491; baseline 0.001 -18"><span class='ocrx_word' id='word_1_165' title='bbox 182 2425 271 2475; x_wconf 86' lang='lat' dir='ltr'><strong>vel</strong></span> <span class='ocrx_word' id='word_1_166' title='bbox 306 2424 445 2475; x_wconf 85' lang='lat' dir='ltr'><strong>Jesu</strong></span> <span class='ocrx_word' id='word_1_167' title='bbox 480 2424 873 2491; x_wconf 79' lang='lat' dir='ltr'><strong>phantasticam</strong></span> <span class='ocrx_word' id='word_1_168' title='bbox 910 2431 1116 2475; x_wconf 88' lang='lat' dir='ltr'><strong>tantum</strong></span> <span class='ocrx_word' id='word_1_169' title='bbox 1152 2425 1535 2477; x_wconf 77' lang='lat' dir='ltr'><strong>humanitatem</strong></span> <span class='ocrx_word' id='word_1_170' title='bbox 1570 2426 1896 2475; x_wconf 85' lang='lat' dir='ltr'><strong>tribuebant.</strong></span> <span class='ocrx_word' id='word_1_171' title='bbox 1957 2425 2146 2491; x_wconf 88' lang='lat' dir='ltr'><strong>Itaque</strong></span> <span class='ocrx_word' id='word_1_172' title='bbox 2181 2425 2266 2475; x_wconf 90' lang='lat' dir='ltr'><strong>his</strong></span> <span class='ocrx_word' id='word_1_173' title='bbox 2301 2426 2452 2476; x_wconf 83' lang='lat' dir='ltr'><strong>salsis</strong></span> <span class='ocrx_word' id='word_1_174' title='bbox 2495 2426 2675 2476; x_wconf 90' lang='lat' dir='ltr'><strong>docto-</strong></span> 
     </span>
     <span class='ocr_line' id='line_1_19' title="bbox 182 2511 2677 2578; baseline 0 -16"><span class='ocrx_word' id='word_1_175' title='bbox 182 2512 363 2575; x_wconf 86' lang='lat' dir='ltr'><strong>ribus,</strong></span> <span class='ocrx_word' id='word_1_176' title='bbox 404 2514 495 2578; x_wconf 90' lang='lat' dir='ltr'><strong>qui</strong></span> <span class='ocrx_word' id='word_1_177' title='bbox 530 2514 598 2562; x_wconf 93' lang='lat' dir='ltr'><strong>D.</strong></span> <span class='ocrx_word' id='word_1_178' title='bbox 635 2513 699 2562; x_wconf 89' lang='lat' dir='ltr'><strong>N.</strong></span> <span class='ocrx_word' id='word_1_179' title='bbox 734 2513 786 2563; x_wconf 86' lang='lat' dir='ltr'><strong>J.</strong></span> <span class='ocrx_word' id='word_1_180' title='bbox 823 2512 881 2562; x_wconf 88' lang='lat' dir='ltr'><strong>C.</strong></span> <span class='ocrx_word' id='word_1_181' title='bbox 919 2528 1019 2563; x_wconf 92' lang='lat' dir='ltr'><strong>nec</strong></span> <span class='ocrx_word' id='word_1_182' title='bbox 1057 2513 1327 2573; x_wconf 86' lang='lat' dir='ltr'><strong>viderunt,</strong></span> <span class='ocrx_word' id='word_1_183' title='bbox 1368 2528 1467 2563; x_wconf 89' lang='lat' dir='ltr'><strong>nec</strong></span> <span class='ocrx_word' id='word_1_184' title='bbox 1504 2511 1787 2563; x_wconf 86' lang='lat' dir='ltr'><strong>audierant</strong></span> <span class='ocrx_word' id='word_1_185' title='bbox 1825 2514 2051 2563; x_wconf 88' lang='lat' dir='ltr'><strong>occurrit</strong></span> <span class='ocrx_word' id='word_1_186' title='bbox 2088 2512 2304 2578; x_wconf 88' lang='lat' dir='ltr'><strong>oblique</strong></span> <span class='ocrx_word' id='word_1_187' title='bbox 2342 2513 2677 2563; x_wconf 85' lang='lat' dir='ltr'><strong>adversarios</strong></span> 
     </span>
     <span class='ocr_line' id='line_1_20' title="bbox 180 2600 2675 2667; baseline 0 -17"><span class='ocrx_word' id='word_1_188' title='bbox 180 2600 568 2667; x_wconf 82' lang='lat' dir='ltr'><strong>impugnando.</strong></span> <span class='ocrx_word' id='word_1_189' title='bbox 630 2600 710 2650; x_wconf 82' lang='lat' dir='ltr'><strong>cf.</strong></span> <span class='ocrx_word' id='word_1_190' title='bbox 746 2600 1015 2665; x_wconf 84' lang='lat' dir='ltr'><strong>Myrberg,</strong></span> <span class='ocrx_word' id='word_1_191' title='bbox 1056 2600 1254 2650; x_wconf 89' lang='lat' dir='ltr'><strong>Comm.</strong></span> <span class='ocrx_word' id='word_1_192' title='bbox 1292 2600 1349 2649; x_wconf 88' lang='lat' dir='ltr'><strong>in</strong></span> <span class='ocrx_word' id='word_1_193' title='bbox 1386 2616 1469 2665; x_wconf 90' lang='lat' dir='ltr'><strong>ep.</strong></span> <span class='ocrx_word' id='word_1_194' title='bbox 1507 2600 1702 2651; x_wconf 88' lang='lat' dir='ltr'><strong>Joann.</strong></span> <span class='ocrx_word' id='word_1_195' title='bbox 1741 2600 1890 2666; x_wconf 87' lang='lat' dir='ltr'><strong>prim.</strong></span> <span class='ocrx_word' id='word_1_196' title='bbox 1931 2617 1982 2666; x_wconf 92' lang='lat' dir='ltr'><strong>p.</strong></span> <span class='ocrx_word' id='word_1_197' title='bbox 2021 2602 2069 2650; x_wconf 88' lang='lat'><strong>8.</strong></span> <span class='ocrx_word' id='word_1_198' title='bbox 2109 2615 2151 2649; x_wconf 92' lang='lat' dir='ltr'><strong>s.</strong></span> <span class='ocrx_word' id='word_1_199' title='bbox 2199 2600 2268 2650; x_wconf 89' lang='lat' dir='ltr'><strong>H.</strong></span> <span class='ocrx_word' id='word_1_200' title='bbox 2305 2601 2368 2650; x_wconf 86' lang='lat' dir='ltr'><strong>R.</strong></span> <span class='ocrx_word' id='word_1_201' title='bbox 2406 2601 2473 2650; x_wconf 91' lang='lat' dir='ltr'><strong>D.</strong></span> <span class='ocrx_word' id='word_1_202' title='bbox 2513 2602 2573 2651; x_wconf 90' lang='lat' dir='ltr'><strong>N.</strong></span> <span class='ocrx_word' id='word_1_203' title='bbox 2615 2602 2675 2650; x_wconf 87' lang='lat' dir='ltr'><strong>T.</strong></span> 
     </span>
     <span class='ocr_line' id='line_1_21' title="bbox 180 2686 2676 2753; baseline 0 -16"><span class='ocrx_word' id='word_1_204' title='bbox 180 2706 229 2753; x_wconf 89' lang='lat' dir='ltr'><strong>p.</strong></span> <span class='ocrx_word' id='word_1_205' title='bbox 261 2688 383 2737; x_wconf 77' lang='lat'><strong>293.</strong></span> <span class='ocrx_word' id='word_1_206' title='bbox 444 2688 490 2752; x_wconf 78' lang='lat'><strong>³)</strong></span> <span class='ocrx_word' id='word_1_207' title='bbox 528 2686 925 2738; x_wconf 85' lang='lat' dir='ltr'><strong>Antichristi</strong></span> <span class='ocrx_word' id='word_1_208' title='bbox 973 2688 1185 2737; x_wconf 84' lang='lat' dir='ltr'><strong>nornine</strong></span> <span class='ocrx_word' id='word_1_209' title='bbox 1233 2703 1362 2737; x_wconf 85' lang='lat' dir='ltr'><strong>usus</strong></span> <span class='ocrx_word' id='word_1_210' title='bbox 1412 2690 1493 2735; x_wconf 89' lang='lat' dir='ltr'><strong>est</strong></span> <span class='ocrx_word' id='word_1_211' title='bbox 1540 2702 1680 2737; x_wconf 85' lang='lat' dir='ltr'><strong>unus</strong></span> <span class='ocrx_word' id='word_1_212' title='bbox 1718 2686 1770 2736; x_wconf 83' lang='lat' dir='ltr'><strong>S.</strong></span> <span class='ocrx_word' id='word_1_213' title='bbox 1796 2687 2038 2737; x_wconf 82' lang='lat' dir='ltr'><strong>Joannes</strong></span> <span class='ocrx_word' id='word_1_214' title='bbox 2083 2704 2148 2737; x_wconf 81' lang='lat' dir='ltr'><strong>ex</strong></span> <span class='ocrx_word' id='word_1_215' title='bbox 2193 2688 2440 2738; x_wconf 89' lang='lat' dir='ltr'><strong>omnibus</strong></span> <span class='ocrx_word' id='word_1_216' title='bbox 2481 2688 2676 2737; x_wconf 84' lang='lat' dir='ltr'><strong>divinis</strong></span> 
     </span>
     <span class='ocr_line' id='line_1_22' title="bbox 180 2768 2674 2843; baseline 0 -19"><span class='ocrx_word' id='word_1_217' title='bbox 180 2775 566 2840; x_wconf 78' lang='lat' dir='ltr'><strong>scriptoribus,</strong></span> <span class='ocrx_word' id='word_1_218' title='bbox 604 2775 819 2839; x_wconf 86' lang='lat' dir='ltr'><strong>saepius</strong></span> <span class='ocrx_word' id='word_1_219' title='bbox 856 2773 987 2823; x_wconf 90' lang='lat' dir='ltr'><strong>illud</strong></span> <span class='ocrx_word' id='word_1_220' title='bbox 1023 2780 1283 2839; x_wconf 87' lang='lat' dir='ltr'><strong>repetens.</strong></span> <span class='ocrx_word' id='word_1_221' title='bbox 1334 2774 1565 2839; x_wconf 83' lang='lat' dir='ltr'><strong>Etymon</strong></span> <span class='ocrx_word' id='word_1_222' title='bbox 1599 2773 1812 2823; x_wconf 87' lang='lat' dir='ltr'><strong>ducitur</strong></span> <span class='ocrx_word' id='word_1_223' title='bbox 1837 2787 1870 2823; x_wconf 90' lang='lat' dir='ltr'><strong>a</strong></span> <span class='ocrx_word' id='word_1_224' title='bbox 1895 2779 2029 2840; x_wconf 90' lang='lat' dir='ltr'><strong>part.</strong></span> <span class='ocrx_word' id='word_1_225' title='bbox 2069 2768 2173 2824; x_wconf 75' lang='grc' dir='ltr'>ἀντι</span> <span class='ocrx_word' id='word_1_226' title='bbox 2207 2779 2263 2824; x_wconf 89' lang='lat' dir='ltr'><strong>et</strong></span> <span class='ocrx_word' id='word_1_227' title='bbox 2297 2790 2436 2825; x_wconf 90' lang='lat' dir='ltr'><strong>nom.</strong></span> <span class='ocrx_word' id='word_1_228' title='bbox 2473 2769 2674 2843; x_wconf 77' lang='grc' dir='ltr'>χριστὸς</span> 
     </span>
     <span class='ocr_line' id='line_1_23' title="bbox 180 2860 2672 2928; baseline 0 -17"><span class='ocrx_word' id='word_1_229' title='bbox 180 2866 469 2928; x_wconf 83' lang='lat' dir='ltr'><strong>potestque</strong></span> <span class='ocrx_word' id='word_1_230' title='bbox 506 2861 607 2911; x_wconf 88' lang='lat' dir='ltr'><strong>sub</strong></span> <span class='ocrx_word' id='word_1_231' title='bbox 644 2860 881 2925; x_wconf 85' lang='lat' dir='ltr'><strong>generali</strong></span> <span class='ocrx_word' id='word_1_232' title='bbox 926 2862 1143 2911; x_wconf 87' lang='lat' dir='ltr'><strong>notione</strong></span> <span class='ocrx_word' id='word_1_233' title='bbox 1190 2862 1398 2911; x_wconf 88' lang='lat' dir='ltr'><strong>cunctis</strong></span> <span class='ocrx_word' id='word_1_234' title='bbox 1436 2860 1575 2923; x_wconf 86' lang='lat' dir='ltr'><strong>dari,</strong></span> <span class='ocrx_word' id='word_1_235' title='bbox 1626 2862 1720 2927; x_wconf 91' lang='lat' dir='ltr'><strong>qui</strong></span> <span class='ocrx_word' id='word_1_236' title='bbox 1757 2860 1970 2912; x_wconf 82' lang='lat' dir='ltr'><strong>Christo</strong></span> <span class='ocrx_word' id='word_1_237' title='bbox 2018 2861 2274 2912; x_wconf 86' lang='lat' dir='ltr'><strong>contrarii</strong></span> <span class='ocrx_word' id='word_1_238' title='bbox 2309 2868 2404 2912; x_wconf 88' lang='lat' dir='ltr'><strong>aut</strong></span> <span class='ocrx_word' id='word_1_239' title='bbox 2440 2863 2672 2927; x_wconf 85' lang='lat' dir='ltr'><strong>oppositi</strong></span> 
     </span>
     <span class='ocr_line' id='line_1_24' title="bbox 180 2947 2680 3015; baseline 0 -17"><span class='ocrx_word' id='word_1_240' title='bbox 180 2950 547 3000; x_wconf 82' lang='lat' dir='ltr'><strong>inveniuntur.</strong></span> <span class='ocrx_word' id='word_1_241' title='bbox 608 2948 729 2997; x_wconf 88' lang='lat' dir='ltr'><strong>Hoc</strong></span> <span class='ocrx_word' id='word_1_242' title='bbox 764 2962 927 2997; x_wconf 88' lang='lat' dir='ltr'><strong>sensu</strong></span> <span class='ocrx_word' id='word_1_243' title='bbox 964 2948 1101 2997; x_wconf 79' lang='lat' dir='ltr'><strong>varii</strong></span> <span class='ocrx_word' id='word_1_244' title='bbox 1137 2947 1387 2997; x_wconf 87' lang='lat' dir='ltr'><strong>dicuntur</strong></span> <span class='ocrx_word' id='word_1_245' title='bbox 1420 2948 1750 2999; x_wconf 84' lang='lat' dir='ltr'><strong>Antichristi.</strong></span> <span class='ocrx_word' id='word_1_246' title='bbox 1812 2948 1918 2999; x_wconf 79' lang='lat' dir='ltr'><strong>Sed</strong></span> <span class='ocrx_word' id='word_1_247' title='bbox 1955 2948 2336 2999; x_wconf 87' lang='lat' dir='ltr'><strong>determinatus</strong></span> <span class='ocrx_word' id='word_1_248' title='bbox 2373 2949 2585 3015; x_wconf 86' lang='lat' dir='ltr'><strong>aliquis,</strong></span> <span class='ocrx_word' id='word_1_249' title='bbox 2625 2954 2680 2999; x_wconf 90' lang='lat' dir='ltr'><strong>et</strong></span> 
     </span>
     <span class='ocr_line' id='line_1_25' title="bbox 180 3033 2676 3103; baseline 0 -17"><span class='ocrx_word' id='word_1_250' title='bbox 180 3037 399 3103; x_wconf 86' lang='lat' dir='ltr'><strong>proprie</strong></span> <span class='ocrx_word' id='word_1_251' title='bbox 438 3035 611 3085; x_wconf 88' lang='lat' dir='ltr'><strong>dictus</strong></span> <span class='ocrx_word' id='word_1_252' title='bbox 648 3033 1021 3097; x_wconf 79' lang='lat' dir='ltr'><strong>Antichristus,</strong></span> <span class='ocrx_word' id='word_1_253' title='bbox 1060 3050 1125 3083; x_wconf 86' lang='lat' dir='ltr'><strong>ex</strong></span> <span class='ocrx_word' id='word_1_254' title='bbox 1160 3035 1203 3085; x_wconf 91' lang='lat'><strong>1.</strong></span> <span class='ocrx_word' id='word_1_255' title='bbox 1228 3035 1424 3085; x_wconf 82' lang='lat' dir='ltr'><strong>Joann.</strong></span> <span class='ocrx_word' id='word_1_256' title='bbox 1453 3038 1502 3097; x_wconf 83' lang='lat'><strong>2,</strong></span> <span class='ocrx_word' id='word_1_257' title='bbox 1532 3037 1613 3085; x_wconf 89' lang='grc'><strong>18.</strong></span> <span class='ocrx_word' id='word_1_258' title='bbox 1652 3035 1880 3101; x_wconf 84' lang='lat' dir='ltr'><strong>aliisque</strong></span> <span class='ocrx_word' id='word_1_259' title='bbox 1918 3034 1970 3085; x_wconf 81' lang='lat' dir='ltr'><strong>S.</strong></span> <span class='ocrx_word' id='word_1_260' title='bbox 1999 3035 2050 3085; x_wconf 82' lang='lat' dir='ltr'><strong>S.</strong></span> <span class='ocrx_word' id='word_1_261' title='bbox 2077 3036 2210 3087; x_wconf 88' lang='lat' dir='ltr'><strong>locis</strong></span> <span class='ocrx_word' id='word_1_262' title='bbox 2246 3036 2368 3086; x_wconf 88' lang='lat' dir='ltr'><strong>coll.</strong></span> <span class='ocrx_word' id='word_1_263' title='bbox 2393 3036 2463 3086; x_wconf 93' lang='lat'><strong>11.</strong></span> <span class='ocrx_word' id='word_1_264' title='bbox 2489 3036 2676 3087; x_wconf 87' lang='lat' dir='ltr'><strong>Thess.</strong></span> 
     </span>
     <span class='ocr_line' id='line_1_26' title="bbox 181 3122 2674 3188; baseline 0 -15"><span class='ocrx_word' id='word_1_265' title='bbox 181 3127 227 3186; x_wconf 81' lang='lat'><strong>2,</strong></span> <span class='ocrx_word' id='word_1_266' title='bbox 265 3126 316 3173; x_wconf 83' lang='lat'><strong>3.</strong></span> <span class='ocrx_word' id='word_1_267' title='bbox 358 3122 754 3188; x_wconf 86' lang='lat' dir='ltr'><strong>comprobatur.</strong></span> <span class='ocrx_word' id='word_1_268' title='bbox 804 3122 868 3171; x_wconf 88' lang='lat' dir='ltr'><strong>V.</strong></span> <span class='ocrx_word' id='word_1_269' title='bbox 904 3138 955 3187; x_wconf 89' lang='lat' dir='ltr'><strong>p.</strong></span> <span class='ocrx_word' id='word_1_270' title='bbox 993 3124 1111 3171; x_wconf 81' lang='lat'><strong>374.</strong></span> <span class='ocrx_word' id='word_1_271' title='bbox 1146 3139 1189 3173; x_wconf 91' lang='lat' dir='ltr'><strong>s.</strong></span> <span class='ocrx_word' id='word_1_272' title='bbox 1250 3122 1423 3171; x_wconf 89' lang='lat' dir='ltr'><strong>Verus</strong></span> <span class='ocrx_word' id='word_1_273' title='bbox 1458 3122 1549 3171; x_wconf 87' lang='lat' dir='ltr'><strong>ille</strong></span> <span class='ocrx_word' id='word_1_274' title='bbox 1586 3128 1642 3172; x_wconf 90' lang='lat' dir='ltr'><strong>et</strong></span> <span class='ocrx_word' id='word_1_275' title='bbox 1677 3122 1962 3187; x_wconf 84' lang='lat' dir='ltr'><strong>singularis</strong></span> <span class='ocrx_word' id='word_1_276' title='bbox 1999 3123 2354 3174; x_wconf 83' lang='lat' dir='ltr'><strong>Antichristus</strong></span> <span class='ocrx_word' id='word_1_277' title='bbox 2399 3130 2524 3173; x_wconf 88' lang='lat' dir='ltr'><strong>ante</strong></span> <span class='ocrx_word' id='word_1_278' title='bbox 2561 3126 2674 3173; x_wconf 90' lang='lat' dir='ltr'><strong>uni—</strong></span> 
     </span>
     <span class='ocr_line' id='line_1_27' title="bbox 182 3208 2677 3275; baseline 0.001 -16"><span class='ocrx_word' id='word_1_279' title='bbox 182 3210 397 3262; x_wconf 78' lang='lat' dir='ltr'><strong>versale</strong></span> <span class='ocrx_word' id='word_1_280' title='bbox 434 3208 691 3259; x_wconf 89' lang='lat' dir='ltr'><strong>iudicium</strong></span> <span class='ocrx_word' id='word_1_281' title='bbox 730 3214 1004 3271; x_wconf 81' lang='lat' dir='ltr'><strong>venturus,</strong></span> <span class='ocrx_word' id='word_1_282' title='bbox 1042 3224 1181 3275; x_wconf 88' lang='lat' dir='ltr'><strong>quae</strong></span> <span class='ocrx_word' id='word_1_283' title='bbox 1220 3210 1275 3259; x_wconf 90' lang='lat' dir='ltr'><strong>in</strong></span> <span class='ocrx_word' id='word_1_284' title='bbox 1312 3209 1429 3259; x_wconf 87' lang='lat' dir='ltr'><strong>aliis</strong></span> <span class='ocrx_word' id='word_1_285' title='bbox 1465 3210 1633 3275; x_wconf 89' lang='lat' dir='ltr'><strong>ipsius</strong></span> <span class='ocrx_word' id='word_1_286' title='bbox 1671 3208 1838 3259; x_wconf 82' lang='lat' dir='ltr'><strong>veluti</strong></span> <span class='ocrx_word' id='word_1_287' title='bbox 1875 3210 2316 3275; x_wconf 84' lang='lat' dir='ltr'><strong>praecursoribus</strong></span> <span class='ocrx_word' id='word_1_288' title='bbox 2353 3209 2523 3260; x_wconf 77' lang='lat' dir='ltr'><strong>divisa</strong></span> <span class='ocrx_word' id='word_1_289' title='bbox 2563 3216 2677 3261; x_wconf 84' lang='lat' dir='ltr'><strong>erat</strong></span> 
     </span>
     <span class='ocr_line' id='line_1_28' title="bbox 181 3295 2674 3363; baseline 0 -16"><span class='ocrx_word' id='word_1_290' title='bbox 181 3298 459 3363; x_wconf 78' lang='lat' dir='ltr'><strong>iniquitas,</strong></span> <span class='ocrx_word' id='word_1_291' title='bbox 495 3296 635 3346; x_wconf 88' lang='lat' dir='ltr'><strong>hanc</strong></span> <span class='ocrx_word' id='word_1_292' title='bbox 672 3297 727 3345; x_wconf 90' lang='lat' dir='ltr'><strong>in</strong></span> <span class='ocrx_word' id='word_1_293' title='bbox 762 3311 821 3345; x_wconf 87' lang='lat' dir='ltr'><strong>se</strong></span> <span class='ocrx_word' id='word_1_294' title='bbox 858 3295 1074 3361; x_wconf 86' lang='lat' dir='ltr'><strong>colliget</strong></span> <span class='ocrx_word' id='word_1_295' title='bbox 1111 3312 1337 3345; x_wconf 89' lang='lat' dir='ltr'><strong>omnem.</strong></span> <span class='ocrx_word' id='word_1_296' title='bbox 1383 3296 1559 3361; x_wconf 86' lang='lat' dir='ltr'><strong>Atque</strong></span> <span class='ocrx_word' id='word_1_297' title='bbox 1596 3296 1738 3345; x_wconf 87' lang='lat' dir='ltr'><strong>hunc</strong></span> <span class='ocrx_word' id='word_1_298' title='bbox 1761 3296 2146 3347; x_wconf 84' lang='lat' dir='ltr'><strong>Antichristum</strong></span> <span class='ocrx_word' id='word_1_299' title='bbox 2179 3302 2308 3347; x_wconf 88' lang='lat' dir='ltr'><strong>tunc</strong></span> <span class='ocrx_word' id='word_1_300' title='bbox 2343 3297 2674 3362; x_wconf 87' lang='lat' dir='ltr'><strong>proditurum</strong></span> 
     </span>
     <span class='ocr_line' id='line_1_29' title="bbox 180 3382 2674 3449; baseline -0.001 -14"><span class='ocrx_word' id='word_1_301' title='bbox 180 3386 228 3435; x_wconf 77' lang='lat' dir='ltr'><strong>d.</strong></span> <span class='ocrx_word' id='word_1_302' title='bbox 253 3386 505 3435; x_wconf 79' lang='lat' dir='ltr'><strong>Joanues</strong></span> <span class='ocrx_word' id='word_1_303' title='bbox 540 3383 703 3449; x_wconf 85' lang='lat' dir='ltr'><strong>plane</strong></span> <span class='ocrx_word' id='word_1_304' title='bbox 740 3384 972 3434; x_wconf 85' lang='lat' dir='ltr'><strong>secernit</strong></span> <span class='ocrx_word' id='word_1_305' title='bbox 1008 3382 1076 3432; x_wconf 88' lang='lat' dir='ltr'><strong>ab</strong></span> <span class='ocrx_word' id='word_1_306' title='bbox 1115 3384 1194 3445; x_wconf 84' lang='lat' dir='ltr'><strong>iis,</strong></span> <span class='ocrx_word' id='word_1_307' title='bbox 1233 3384 1324 3448; x_wconf 87' lang='lat' dir='ltr'><strong>qui</strong></span> <span class='ocrx_word' id='word_1_308' title='bbox 1362 3384 1806 3433; x_wconf 85' lang='lat' dir='ltr'><strong>antecedentibus</strong></span> <span class='ocrx_word' id='word_1_309' title='bbox 1841 3384 2171 3449; x_wconf 86' lang='lat' dir='ltr'><strong>temporibus</strong></span> <span class='ocrx_word' id='word_1_310' title='bbox 2205 3384 2432 3446; x_wconf 81' lang='lat' dir='ltr'><strong>veritati,</strong></span> <span class='ocrx_word' id='word_1_311' title='bbox 2469 3385 2674 3449; x_wconf 88' lang='lat' dir='ltr'><strong>pietati,</strong></span> 
     </span>
     <span class='ocr_line' id='line_1_30' title="bbox 179 3470 2674 3538; baseline -0.001 -15"><span class='ocrx_word' id='word_1_312' title='bbox 179 3480 231 3523; x_wconf 87' lang='lat' dir='ltr'><strong>et</strong></span> <span class='ocrx_word' id='word_1_313' title='bbox 266 3472 509 3521; x_wconf 84' lang='lat' dir='ltr'><strong>iustitiae</strong></span> <span class='ocrx_word' id='word_1_314' title='bbox 558 3486 617 3519; x_wconf 90' lang='lat' dir='ltr'><strong>se</strong></span> <span class='ocrx_word' id='word_1_315' title='bbox 661 3476 955 3537; x_wconf 83' lang='lat' dir='ltr'><strong>opponunt.</strong></span> <span class='ocrx_word' id='word_1_316' title='bbox 1011 3470 1091 3520; x_wconf 84' lang='lat' dir='ltr'><strong>cf.</strong></span> <span class='ocrx_word' id='word_1_317' title='bbox 1131 3486 1177 3519; x_wconf 92' lang='lat' dir='ltr'><strong>e.</strong></span> <span class='ocrx_word' id='word_1_318' title='bbox 1213 3471 1434 3535; x_wconf 84' lang='lat' dir='ltr'><strong>Apocal.</strong></span> <span class='ocrx_word' id='word_1_319' title='bbox 1476 3472 1557 3533; x_wconf 90' lang='grc'><strong>11,</strong></span> <span class='ocrx_word' id='word_1_320' title='bbox 1598 3473 1644 3520; x_wconf 86' lang='grc'><strong>7.</strong></span> <span class='ocrx_word' id='word_1_321' title='bbox 1687 3473 1766 3532; x_wconf 88' lang='grc'><strong>13,</strong></span> <span class='ocrx_word' id='word_1_322' title='bbox 1809 3474 1888 3520; x_wconf 92' lang='lat'><strong>11.</strong></span> <span class='ocrx_word' id='word_1_323' title='bbox 1927 3486 1969 3520; x_wconf 83' lang='lat' dir='ltr'><strong>s.</strong></span> <span class='ocrx_word' id='word_1_324' title='bbox 2019 3472 2170 3532; x_wconf 81' lang='lat' dir='ltr'><strong>Quae</strong></span> <span class='ocrx_word' id='word_1_325' title='bbox 2217 3487 2377 3538; x_wconf 91' lang='lat' dir='ltr'><strong>porro</strong></span> <span class='ocrx_word' id='word_1_326' title='bbox 2416 3471 2480 3520; x_wconf 90' lang='lat' dir='ltr'><strong>de</strong></span> <span class='ocrx_word' id='word_1_327' title='bbox 2520 3473 2674 3521; x_wconf 84' lang='lat' dir='ltr'><strong>Anti-</strong></span> 
     </span>
     <span class='ocr_line' id='line_1_31' title="bbox 179 3556 2674 3624; baseline 0 -15"><span class='ocrx_word' id='word_1_328' title='bbox 179 3560 381 3609; x_wconf 85' lang='lat' dir='ltr'><strong>christo</strong></span> <span class='ocrx_word' id='word_1_329' title='bbox 418 3560 571 3608; x_wconf 84' lang='lat' dir='ltr'><strong>iuxta</strong></span> <span class='ocrx_word' id='word_1_330' title='bbox 596 3556 649 3607; x_wconf 88' lang='lat' dir='ltr'><strong>S.</strong></span> <span class='ocrx_word' id='word_1_331' title='bbox 677 3556 729 3606; x_wconf 83' lang='lat' dir='ltr'><strong>S.</strong></span> <span class='ocrx_word' id='word_1_332' title='bbox 757 3561 811 3605; x_wconf 89' lang='lat' dir='ltr'><strong>et</strong></span> <span class='ocrx_word' id='word_1_333' title='bbox 834 3556 1197 3607; x_wconf 78' lang='lat' dir='ltr'><strong>&#39;Px-aditionem</strong></span> <span class='ocrx_word' id='word_1_334' title='bbox 1235 3557 1427 3607; x_wconf 88' lang='lat' dir='ltr'><strong>cadere</strong></span> <span class='ocrx_word' id='word_1_335' title='bbox 1452 3558 1507 3607; x_wconf 89' lang='lat' dir='ltr'><strong>in</strong></span> <span class='ocrx_word' id='word_1_336' title='bbox 1534 3559 1900 3622; x_wconf 85' lang='lat' dir='ltr'><strong>quaestionem</strong></span> <span class='ocrx_word' id='word_1_337' title='bbox 1929 3564 2168 3623; x_wconf 87' lang='lat' dir='ltr'><strong>possunt,</strong></span> <span class='ocrx_word' id='word_1_338' title='bbox 2197 3558 2353 3609; x_wconf 91' lang='lat' dir='ltr'><strong>docte</strong></span> <span class='ocrx_word' id='word_1_339' title='bbox 2379 3563 2434 3609; x_wconf 89' lang='lat' dir='ltr'><strong>et</strong></span> <span class='ocrx_word' id='word_1_340' title='bbox 2457 3560 2674 3624; x_wconf 89' lang='lat' dir='ltr'><strong>copiose</strong></span> 
     </span>
     <span class='ocr_line' id='line_1_32' title="bbox 180 3643 2676 3713; baseline 0 -18"><span class='ocrx_word' id='word_1_341' title='bbox 180 3646 541 3713; x_wconf 81' lang='lat' dir='ltr'><strong>expediuntur</strong></span> <span class='ocrx_word' id='word_1_342' title='bbox 592 3645 647 3693; x_wconf 90' lang='lat' dir='ltr'><strong>in</strong></span> <span class='ocrx_word' id='word_1_343' title='bbox 697 3644 939 3706; x_wconf 87' lang='lat' dir='ltr'><strong>Calmeti,</strong></span> <span class='ocrx_word' id='word_1_344' title='bbox 991 3643 1115 3695; x_wconf 88' lang='lat' dir='ltr'><strong>diss.</strong></span> <span class='ocrx_word' id='word_1_345' title='bbox 1172 3644 1239 3693; x_wconf 87' lang='lat' dir='ltr'><strong>de</strong></span> <span class='ocrx_word' id='word_1_346' title='bbox 1283 3644 1633 3706; x_wconf 84' lang='lat' dir='ltr'><strong>Antichrist0‚</strong></span> <span class='ocrx_word' id='word_1_347' title='bbox 1682 3645 1824 3695; x_wconf 71' lang='lat' dir='ltr'><strong>Dius.</strong></span> <span class='ocrx_word' id='word_1_348' title='bbox 1862 3646 1926 3695; x_wconf 90' lang='lat' dir='ltr'><strong>N.</strong></span> <span class='ocrx_word' id='word_1_349' title='bbox 1964 3646 2024 3695; x_wconf 87' lang='lat' dir='ltr'><strong>T.</strong></span> <span class='ocrx_word' id='word_1_350' title='bbox 2063 3662 2112 3712; x_wconf 88' lang='lat' dir='ltr'><strong>p.</strong></span> <span class='ocrx_word' id='word_1_351' title='bbox 2151 3649 2270 3695; x_wconf 82' lang='lat'><strong>412.</strong></span> <span class='ocrx_word' id='word_1_352' title='bbox 2307 3663 2348 3696; x_wconf 87' lang='lat' dir='ltr'><strong>s.</strong></span> <span class='ocrx_word' id='word_1_353' title='bbox 2412 3646 2452 3711; x_wconf 86' lang='lat'><strong>⁴)</strong></span> <span class='ocrx_word' id='word_1_354' title='bbox 2490 3647 2676 3695; x_wconf 88' lang='lat' dir='ltr'><strong>Monet</strong></span> 
     </span>
     <span class='ocr_line' id='line_1_33' title="bbox 179 3731 2671 3797; baseline -0.001 -14"><span class='ocrx_word' id='word_1_355' title='bbox 179 3734 441 3784; x_wconf 84' lang='lat' dir='ltr'><strong>lectores:</strong></span> <span class='ocrx_word' id='word_1_356' title='bbox 480 3738 541 3781; x_wconf 90' lang='lat' dir='ltr'><strong>ut</strong></span> <span class='ocrx_word' id='word_1_357' title='bbox 576 3731 681 3781; x_wconf 84' lang='lat' dir='ltr'><strong>sint</strong></span> <span class='ocrx_word' id='word_1_358' title='bbox 718 3736 933 3782; x_wconf 85' lang='lat' dir='ltr'><strong>tenaces</strong></span> <span class='ocrx_word' id='word_1_359' title='bbox 970 3731 1199 3781; x_wconf 85' lang='lat' dir='ltr'><strong>traditae</strong></span> <span class='ocrx_word' id='word_1_360' title='bbox 1236 3732 1303 3781; x_wconf 89' lang='lat' dir='ltr'><strong>ab</strong></span> <span class='ocrx_word' id='word_1_361' title='bbox 1342 3733 1493 3782; x_wconf 88' lang='lat' dir='ltr'><strong>initio</strong></span> <span class='ocrx_word' id='word_1_362' title='bbox 1532 3732 1808 3781; x_wconf 87' lang='lat' dir='ltr'><strong>doctrinae</strong></span> <span class='ocrx_word' id='word_1_363' title='bbox 1844 3732 1910 3781; x_wconf 84' lang='lat' dir='ltr'><strong>‹le</strong></span> <span class='ocrx_word' id='word_1_364' title='bbox 1946 3732 2095 3795; x_wconf 86' lang='lat' dir='ltr'><strong>Jesu,</strong></span> <span class='ocrx_word' id='word_1_365' title='bbox 2142 3732 2286 3797; x_wconf 90' lang='lat' dir='ltr'><strong>quod</strong></span> <span class='ocrx_word' id='word_1_366' title='bbox 2322 3734 2392 3781; x_wconf 87' lang='lat' dir='ltr'><strong>sit</strong></span> <span class='ocrx_word' id='word_1_367' title='bbox 2428 3732 2671 3781; x_wconf 82' lang='lat' dir='ltr'><strong>Christus</strong></span> 
     </span>
     <span class='ocr_line' id='line_1_34' title="bbox 180 3817 2673 3885; baseline -0.001 -14"><span class='ocrx_word' id='word_1_368' title='bbox 180 3828 233 3871; x_wconf 85' lang='lat' dir='ltr'><strong>et</strong></span> <span class='ocrx_word' id='word_1_369' title='bbox 268 3822 375 3871; x_wconf 89' lang='lat' dir='ltr'><strong>Dei</strong></span> <span class='ocrx_word' id='word_1_370' title='bbox 414 3820 591 3869; x_wconf 87' lang='lat' dir='ltr'><strong>Patris</strong></span> <span class='ocrx_word' id='word_1_371' title='bbox 628 3818 785 3869; x_wconf 86' lang='lat' dir='ltr'><strong>filius.</strong></span> <span class='ocrx_word' id='word_1_372' title='bbox 832 3817 1141 3869; x_wconf 81' lang='lat' dir='ltr'><strong>Antichristi</strong></span> <span class='ocrx_word' id='word_1_373' title='bbox 1178 3819 1414 3881; x_wconf 89' lang='lat' dir='ltr'><strong>nomine,</strong></span> <span class='ocrx_word' id='word_1_374' title='bbox 1454 3820 1548 3885; x_wconf 89' lang='lat' dir='ltr'><strong>qui</strong></span> <span class='ocrx_word' id='word_1_375' title='bbox 1583 3820 1766 3868; x_wconf 81' lang='lat' dir='ltr'><strong>vocari</strong></span> <span class='ocrx_word' id='word_1_376' title='bbox 1805 3824 2054 3883; x_wconf 88' lang='lat' dir='ltr'><strong>possunt,</strong></span> <span class='ocrx_word' id='word_1_377' title='bbox 2093 3834 2212 3867; x_wconf 88' lang='lat' dir='ltr'><strong>cum</strong></span> <span class='ocrx_word' id='word_1_378' title='bbox 2249 3818 2436 3868; x_wconf 78' lang='lat' dir='ltr'><strong>Jesum</strong></span> <span class='ocrx_word' id='word_1_379' title='bbox 2474 3826 2673 3885; x_wconf 85' lang='lat' dir='ltr'><strong>negent</strong></span> 
     </span>
     <span class='ocr_line' id='line_1_35' title="bbox 180 3905 2674 3969; baseline -0.002 -9"><span class='ocrx_word' id='word_1_380' title='bbox 180 3926 297 3960; x_wconf 86' lang='lat' dir='ltr'><strong>esse</strong></span> <span class='ocrx_word' id='word_1_381' title='bbox 338 3908 639 3969; x_wconf 85' lang='lat' dir='ltr'><strong>Christum,</strong></span> <span class='ocrx_word' id='word_1_382' title='bbox 686 3905 850 3955; x_wconf 82' lang='lat' dir='ltr'><strong>filium</strong></span> <span class='ocrx_word' id='word_1_383' title='bbox 900 3907 1033 3969; x_wconf 88' lang='lat' dir='ltr'><strong>Dei;</strong></span> <span class='ocrx_word' id='word_1_384' title='bbox 1090 3907 1251 3955; x_wconf 88' lang='lat' dir='ltr'><strong>etiam</strong></span> <span class='ocrx_word' id='word_1_385' title='bbox 1297 3906 1509 3956; x_wconf 87' lang='lat' dir='ltr'><strong>Patrem</strong></span> <span class='ocrx_word' id='word_1_386' title='bbox 1556 3909 1770 3969; x_wconf 84' lang='lat' dir='ltr'><strong>negant.</strong></span> <span class='ocrx_word' id='word_1_387' title='bbox 1827 3905 1961 3955; x_wconf 87' lang='lat' dir='ltr'><strong>Nam</strong></span> <span class='ocrx_word' id='word_1_388' title='bbox 1999 3906 2370 3956; x_wconf 83' lang='lat' dir='ltr'><strong>communione</strong></span> <span class='ocrx_word' id='word_1_389' title='bbox 2405 3906 2582 3957; x_wconf 87' lang='lat' dir='ltr'><strong>Patris</strong></span> <span class='ocrx_word' id='word_1_390' title='bbox 2619 3912 2674 3955; x_wconf 87' lang='lat' dir='ltr'><strong>et</strong></span> 
     </span>
     <span class='ocr_line' id='line_1_36' title="bbox 178 3990 2675 4058; baseline 0 -15"><span class='ocrx_word' id='word_1_391' title='bbox 178 3996 371 4045; x_wconf 83' lang='lat' dir='ltr'><strong>salutis</strong></span> <span class='ocrx_word' id='word_1_392' title='bbox 418 3998 673 4043; x_wconf 84' lang='lat' dir='ltr'><strong>aeternae</strong></span> <span class='ocrx_word' id='word_1_393' title='bbox 720 4008 827 4043; x_wconf 91' lang='lat' dir='ltr'><strong>non</strong></span> <span class='ocrx_word' id='word_1_394' title='bbox 876 3992 1085 4053; x_wconf 80' lang='lat' dir='ltr'><strong>fruitur,</strong></span> <span class='ocrx_word' id='word_1_395' title='bbox 1132 3994 1239 4042; x_wconf 87' lang='lat' dir='ltr'><strong>nisi</strong></span> <span class='ocrx_word' id='word_1_396' title='bbox 1289 3994 1379 4058; x_wconf 83' lang='lat' dir='ltr'><strong>qni</strong></span> <span class='ocrx_word' id='word_1_397' title='bbox 1414 3993 1609 4042; x_wconf 84' lang='lat' dir='ltr'><strong>Filium</strong></span> <span class='ocrx_word' id='word_1_398' title='bbox 1655 3992 1758 4041; x_wconf 87' lang='lat' dir='ltr'><strong>Dei</strong></span> <span class='ocrx_word' id='word_1_399' title='bbox 1794 3990 2086 4056; x_wconf 84' lang='lat' dir='ltr'><strong>profitetur.</strong></span> <span class='ocrx_word' id='word_1_400' title='bbox 2144 3992 2304 4041; x_wconf 88' lang='lat' dir='ltr'><strong>Hunc</strong></span> <span class='ocrx_word' id='word_1_401' title='bbox 2348 4008 2546 4058; x_wconf 85' lang='lat' dir='ltr'><strong>negare</strong></span> <span class='ocrx_word' id='word_1_402' title='bbox 2591 3998 2675 4043; x_wconf 83' lang='lat' dir='ltr'><strong>est</strong></span> 
     </span>
     <span class='ocr_line' id='line_1_37' title="bbox 178 4079 2670 4147; baseline -0.001 -16"><span class='ocrx_word' id='word_1_403' title='bbox 178 4083 353 4147; x_wconf 85' lang='lat' dir='ltr'><strong>ipsum</strong></span> <span class='ocrx_word' id='word_1_404' title='bbox 390 4080 755 4142; x_wconf 82' lang='lat' dir='ltr'><strong>mendacium3</strong></span> <span class='ocrx_word' id='word_1_405' title='bbox 804 4079 1032 4129; x_wconf 89' lang='lat' dir='ltr'><strong>eundem</strong></span> <span class='ocrx_word' id='word_1_406' title='bbox 1066 4079 1303 4145; x_wconf 82' lang='lat' dir='ltr'><strong>profiteri</strong></span> <span class='ocrx_word' id='word_1_407' title='bbox 1340 4082 1460 4145; x_wconf 84' lang='lat' dir='ltr'><strong>ipsa</strong></span> <span class='ocrx_word' id='word_1_408' title='bbox 1494 4080 1708 4130; x_wconf 86' lang='lat' dir='ltr'><strong>veritas.</strong></span> <span class='ocrx_word' id='word_1_409' title='bbox 1761 4079 1826 4127; x_wconf 90' lang='lat' dir='ltr'><strong>In</strong></span> <span class='ocrx_word' id='word_1_410' title='bbox 1863 4094 1970 4144; x_wconf 89' lang='lat' dir='ltr'><strong>qua</strong></span> <span class='ocrx_word' id='word_1_411' title='bbox 2005 4080 2097 4144; x_wconf 89' lang='lat' dir='ltr'><strong>qui</strong></span> <span class='ocrx_word' id='word_1_412' title='bbox 2133 4084 2328 4141; x_wconf 86' lang='lat' dir='ltr'><strong>manet,</strong></span> <span class='ocrx_word' id='word_1_413' title='bbox 2365 4081 2422 4129; x_wconf 88' lang='lat' dir='ltr'><strong>in</strong></span> <span class='ocrx_word' id='word_1_414' title='bbox 2459 4079 2670 4129; x_wconf 84' lang='lat' dir='ltr'><strong>Christo</strong></span> 
     </span>
     <span class='ocr_line' id='line_1_38' title="bbox 178 4165 2670 4232; baseline -0.002 -13"><span class='ocrx_word' id='word_1_415' title='bbox 178 4174 374 4232; x_wconf 86' lang='lat' dir='ltr'><strong>manet,</strong></span> <span class='ocrx_word' id='word_1_416' title='bbox 416 4172 473 4218; x_wconf 89' lang='lat' dir='ltr'><strong>et</strong></span> <span class='ocrx_word' id='word_1_417' title='bbox 496 4168 921 4217; x_wconf 86' lang='lat' dir='ltr'><strong>communionem</strong></span> <span class='ocrx_word' id='word_1_418' title='bbox 958 4182 1079 4216; x_wconf 91' lang='lat' dir='ltr'><strong>cum</strong></span> <span class='ocrx_word' id='word_1_419' title='bbox 1106 4168 1223 4219; x_wconf 89' lang='lat' dir='ltr'><strong>Deo</strong></span> <span class='ocrx_word' id='word_1_420' title='bbox 1260 4171 1455 4217; x_wconf 87' lang='lat' dir='ltr'><strong>servat.</strong></span> <span class='ocrx_word' id='word_1_421' title='bbox 1512 4168 1553 4231; x_wconf 77' lang='lat'><strong>⁵)</strong></span> <span class='ocrx_word' id='word_1_422' title='bbox 1590 4166 1736 4217; x_wconf 82' lang='lat' dir='ltr'><strong>Justi</strong></span> <span class='ocrx_word' id='word_1_423' title='bbox 1771 4172 1896 4216; x_wconf 88' lang='lat' dir='ltr'><strong>sunt</strong></span> <span class='ocrx_word' id='word_1_424' title='bbox 1931 4165 2023 4215; x_wconf 85' lang='lat' dir='ltr'><strong>filii</strong></span> <span class='ocrx_word' id='word_1_425' title='bbox 2051 4167 2170 4229; x_wconf 88' lang='lat' dir='ltr'><strong>Dei,</strong></span> <span class='ocrx_word' id='word_1_426' title='bbox 2207 4182 2316 4218; x_wconf 88' lang='lat' dir='ltr'><strong>non</strong></span> <span class='ocrx_word' id='word_1_427' title='bbox 2353 4166 2670 4229; x_wconf 87' lang='lat' dir='ltr'><strong>substantia,</strong></span> 
     </span>
     <span class='ocr_line' id='line_1_39' title="bbox 178 4253 2669 4323; baseline -0.002 -16"><span class='ocrx_word' id='word_1_428' title='bbox 178 4258 271 4307; x_wconf 85' lang='lat' dir='ltr'><strong>sed</strong></span> <span class='ocrx_word' id='word_1_429' title='bbox 300 4256 713 4323; x_wconf 85' lang='lat' dir='ltr'><strong>participatione</strong></span> <span class='ocrx_word' id='word_1_430' title='bbox 745 4254 975 4319; x_wconf 84' lang='lat' dir='ltr'><strong>quadam</strong></span> <span class='ocrx_word' id='word_1_431' title='bbox 1002 4254 1343 4319; x_wconf 81' lang='lat' dir='ltr'><strong>accidentali3</strong></span> <span class='ocrx_word' id='word_1_432' title='bbox 1381 4253 1540 4303; x_wconf 87' lang='lat' dir='ltr'><strong>simili</strong></span> <span class='ocrx_word' id='word_1_433' title='bbox 1566 4260 1746 4305; x_wconf 86' lang='lat' dir='ltr'><strong>autem</strong></span> <span class='ocrx_word' id='word_1_434' title='bbox 1770 4253 1927 4303; x_wconf 89' lang='lat' dir='ltr'><strong>modo</strong></span> <span class='ocrx_word' id='word_1_435' title='bbox 1959 4253 2248 4304; x_wconf 87' lang='lat' dir='ltr'><strong>secundum</strong></span> <span class='ocrx_word' id='word_1_436' title='bbox 2273 4255 2669 4319; x_wconf 86' lang='lat' dir='ltr'><strong>proportionem</strong></span> 
     </span>
     <span class='ocr_line' id='line_1_40' title="bbox 178 4341 2670 4407; baseline -0.001 -14"><span class='ocrx_word' id='word_1_437' title='bbox 178 4343 271 4393; x_wconf 83' lang='lat' dir='ltr'><strong>filii</strong></span> <span class='ocrx_word' id='word_1_438' title='bbox 310 4342 517 4394; x_wconf 86' lang='lat' dir='ltr'><strong>diaboli</strong></span> <span class='ocrx_word' id='word_1_439' title='bbox 555 4346 839 4393; x_wconf 85' lang='lat' dir='ltr'><strong>censentur</strong></span> <span class='ocrx_word' id='word_1_440' title='bbox 874 4347 1200 4407; x_wconf 86' lang='lat' dir='ltr'><strong>peccatores.</strong></span> <span class='ocrx_word' id='word_1_441' title='bbox 1270 4342 1310 4407; x_wconf 82' lang='lat'><strong>⁶)</strong></span> <span class='ocrx_word' id='word_1_442' title='bbox 1351 4341 1567 4407; x_wconf 78' lang='lat' dir='ltr'><strong>Signum</strong></span> <span class='ocrx_word' id='word_1_443' title='bbox 1608 4343 1748 4391; x_wconf 82' lang='lat' dir='ltr'><strong>vitae</strong></span> <span class='ocrx_word' id='word_1_444' title='bbox 1786 4342 1998 4392; x_wconf 84' lang='lat' dir='ltr'><strong>divinae</strong></span> <span class='ocrx_word' id='word_1_445' title='bbox 2043 4342 2275 4391; x_wconf 86' lang='lat' dir='ltr'><strong>cernitur</strong></span> <span class='ocrx_word' id='word_1_446' title='bbox 2309 4343 2364 4391; x_wconf 88' lang='lat' dir='ltr'><strong>in</strong></span> <span class='ocrx_word' id='word_1_447' title='bbox 2402 4356 2483 4402; x_wconf 89' lang='lat' dir='ltr'><strong>e0,</strong></span> <span class='ocrx_word' id='word_1_448' title='bbox 2529 4342 2670 4407; x_wconf 90' lang='lat' dir='ltr'><strong>quod</strong></span> 
     </span>
     <span class='ocr_line' id='line_1_41' title="bbox 178 4427 2669 4495; baseline -0.001 -16"><span class='ocrx_word' id='word_1_449' title='bbox 178 4432 371 4481; x_wconf 77' lang='lat' dir='ltr'><strong>fratres</strong></span> <span class='ocrx_word' id='word_1_450' title='bbox 410 4431 553 4479; x_wconf 86' lang='lat' dir='ltr'><strong>sicut</strong></span> <span class='ocrx_word' id='word_1_451' title='bbox 588 4434 799 4493; x_wconf 85' lang='lat' dir='ltr'><strong>oportet</strong></span> <span class='ocrx_word' id='word_1_452' title='bbox 834 4427 1143 4494; x_wconf 83' lang='lat' dir='ltr'><strong>diligamus;</strong></span> <span class='ocrx_word' id='word_1_453' title='bbox 1182 4442 1343 4494; x_wconf 88' lang='lat' dir='ltr'><strong>quam</strong></span> <span class='ocrx_word' id='word_1_454' title='bbox 1380 4428 1719 4479; x_wconf 87' lang='lat' dir='ltr'><strong>dilectionem</strong></span> <span class='ocrx_word' id='word_1_455' title='bbox 1755 4430 1846 4495; x_wconf 88' lang='lat' dir='ltr'><strong>qui</strong></span> <span class='ocrx_word' id='word_1_456' title='bbox 1884 4444 1990 4478; x_wconf 90' lang='lat' dir='ltr'><strong>non</strong></span> <span class='ocrx_word' id='word_1_457' title='bbox 2028 4429 2244 4490; x_wconf 89' lang='lat' dir='ltr'><strong>habent,</strong></span> <span class='ocrx_word' id='word_1_458' title='bbox 2281 4430 2336 4478; x_wconf 92' lang='lat' dir='ltr'><strong>in</strong></span> <span class='ocrx_word' id='word_1_459' title='bbox 2361 4434 2528 4479; x_wconf 85' lang='lat' dir='ltr'><strong>morte</strong></span> <span class='ocrx_word' id='word_1_460' title='bbox 2555 4444 2669 4478; x_wconf 81' lang='lat' dir='ltr'><strong>ver-</strong></span> 
     </span>
     <span class='ocr_line' id='line_1_42' title="bbox 178 4514 2670 4582; baseline 0 -17"><span class='ocrx_word' id='word_1_461' title='bbox 178 4524 381 4579; x_wconf 83' lang='lat' dir='ltr'><strong>santur,</strong></span> <span class='ocrx_word' id='word_1_462' title='bbox 422 4532 597 4581; x_wconf 88' lang='lat' dir='ltr'><strong>neque</strong></span> <span class='ocrx_word' id='word_1_463' title='bbox 636 4531 767 4566; x_wconf 85' lang='lat' dir='ltr'><strong>vera</strong></span> <span class='ocrx_word' id='word_1_464' title='bbox 802 4532 921 4566; x_wconf 88' lang='lat' dir='ltr'><strong>cum</strong></span> <span class='ocrx_word' id='word_1_465' title='bbox 947 4517 1065 4565; x_wconf 90' lang='lat' dir='ltr'><strong>Deo</strong></span> <span class='ocrx_word' id='word_1_466' title='bbox 1092 4516 1461 4566; x_wconf 86' lang='lat' dir='ltr'><strong>communione</strong></span> <span class='ocrx_word' id='word_1_467' title='bbox 1493 4515 1743 4581; x_wconf 86' lang='lat' dir='ltr'><strong>gaudent.</strong></span> <span class='ocrx_word' id='word_1_468' title='bbox 1796 4516 1836 4581; x_wconf 81' lang='lat'><strong>⁷)</strong></span> <span class='ocrx_word' id='word_1_469' title='bbox 1877 4514 1955 4565; x_wconf 83' lang='lat' dir='ltr'><strong>cf.</strong></span> <span class='ocrx_word' id='word_1_470' title='bbox 1984 4516 2037 4565; x_wconf 81' lang='lat' dir='ltr'><strong>S.</strong></span> <span class='ocrx_word' id='word_1_471' title='bbox 2063 4515 2323 4577; x_wconf 86' lang='lat' dir='ltr'><strong>Andreae,</strong></span> <span class='ocrx_word' id='word_1_472' title='bbox 2351 4514 2484 4582; x_wconf 84' lang='lat' dir='ltr'><strong>disq.</strong></span> <span class='ocrx_word' id='word_1_473' title='bbox 2505 4515 2577 4565; x_wconf 91' lang='lat' dir='ltr'><strong>th.</strong></span> <span class='ocrx_word' id='word_1_474' title='bbox 2605 4516 2670 4567; x_wconf 81' lang='lat' dir='ltr'><strong>tle</strong></span> 
     </span>
     <span class='ocr_line' id='line_1_43' title="bbox 178 4602 2202 4669; baseline -0.001 -15"><span class='ocrx_word' id='word_1_475' title='bbox 178 4605 339 4655; x_wconf 88' lang='lat' dir='ltr'><strong>corde</strong></span> <span class='ocrx_word' id='word_1_476' title='bbox 379 4603 773 4653; x_wconf 87' lang='lat' dir='ltr'><strong>condemnante</strong></span> <span class='ocrx_word' id='word_1_477' title='bbox 810 4603 879 4652; x_wconf 85' lang='lat' dir='ltr'><strong>ad</strong></span> <span class='ocrx_word' id='word_1_478' title='bbox 916 4603 957 4652; x_wconf 88' lang='lat' dir='ltr'>L</span> <span class='ocrx_word' id='word_1_479' title='bbox 983 4604 1179 4654; x_wconf 89' lang='lat' dir='ltr'><strong>Joann.</strong></span> <span class='ocrx_word' id='word_1_480' title='bbox 1206 4604 1257 4664; x_wconf 81' lang='lat'><strong>3,</strong></span> <span class='ocrx_word' id='word_1_481' title='bbox 1285 4604 1365 4651; x_wconf 87' lang='lat'><strong>19.</strong></span> <span class='ocrx_word' id='word_1_482' title='bbox 1392 4604 1473 4651; x_wconf 80' lang='lat'><strong>20.</strong></span> <span class='ocrx_word' id='word_1_483' title='bbox 1510 4604 1565 4651; x_wconf 91' lang='lat' dir='ltr'><strong>in</strong></span> <span class='ocrx_word' id='word_1_484' title='bbox 1604 4602 1764 4653; x_wconf 84' lang='lat' dir='ltr'><strong>Thes.</strong></span> <span class='ocrx_word' id='word_1_485' title='bbox 1790 4617 1909 4652; x_wconf 83' lang='lat' dir='ltr'><strong>nov.</strong></span> <span class='ocrx_word' id='word_1_486' title='bbox 1937 4620 1990 4669; x_wconf 87' lang='lat' dir='ltr'><strong>p.</strong></span> <span class='ocrx_word' id='word_1_487' title='bbox 2015 4604 2134 4653; x_wconf 83' lang='lat'><strong>991.</strong></span> <span class='ocrx_word' id='word_1_488' title='bbox 2160 4618 2202 4653; x_wconf 85' lang='lat' dir='ltr'><strong>s.</strong></span> 
     </span>
    </p>
   </div>
  </div>
 </body>
</html>
