3267 5259
1141 425 1381 467 Concilium
1408 426 1721 477 aposlolorum.
2554 418 2685 480 355

217 598 375 657 erudi,
407 600 653 664 coctique
691 615 757 648 ac
794 599 991 664 dapum
1029 616 1217 650 cruore
1255 616 1363 649 non
1402 601 1780 667 exhaustarum
1819 618 1974 663 usus,
2011 603 2207 653 nedum
2243 604 2551 666 Mosaicae,
2590 605 2685 654 sed

216 690 258 733 et
286 685 563 735 Noemicae
602 686 737 750 legis
774 686 948 736 edicto
988 686 1387 751 prohibebatur.
1439 686 1518 737 of.
1558 687 1690 737 Gen.
1727 691 1776 749 9,
1811 691 1861 737 4.
1913 690 2044 739 Lexr.
2081 692 2129 751 3,
2169 691 2249 739 17.
2297 690 2343 751 7,
2383 692 2464 739 26.
2519 692 2682 741 Dent.

218 775 283 827 12,
309 774 383 822 16.
428 772 491 821 Id
529 788 657 837 ergo
696 774 1085 824 observationis
1110 778 1171 824 ut
1193 774 1262 823 ad
1302 774 1541 825 Gentiles
1579 775 1966 839 extenderetur,
2005 778 2182 827 sanxit
2219 776 2536 839 Concilium,
2576 794 2683 843 quo

213 858 384 907 Judaei
418 859 541 909 illos
579 865 837 925 tanquam
884 860 1017 925 legis
1054 861 1457 925 antiquissimae
1496 869 1549 911 et
1584 863 1740 927 quasi
1776 862 2034 912 naturalis
2073 865 2530 927 praevaricatores
2569 880 2680 913 non

214 946 642 997 abominarentur.
717 946 964 997 Ceterum
1032 948 1238 997 sanctio
1294 949 1423 1011 ista,
1487 954 1547 999 ut
1602 951 1752 1015 pacis
1807 948 2131 1015 praesidium
2193 955 2248 999 et
2300 949 2682 1001 offensionibus

212 1033 517 1083 Judaeorum
564 1033 817 1084 tollendis
868 1040 1027 1084 cauta
1072 1037 1333 1103 provisio,
1382 1052 1477 1101 per
1522 1036 1680 1101 plura
1715 1036 1936 1086 saecula
1969 1037 2266 1087 tenebatur.
2329 1038 2450 1099 Qua
2505 1038 2571 1087 de
2626 1054 2682 1087 re

212 1120 399 1184 legatur
432 1122 501 1171 H.
530 1120 767 1185 Grotius,
807 1128 985 1171 annot.
1025 1122 1096 1172 ad
1131 1122 1246 1172 Act.
1278 1124 1358 1185 15,
1386 1126 1470 1173 20.
1505 1123 1575 1186 ΙΙ,
1601 1126 1721 1173 622.
1759 1122 2022 1185 Suicerus,
2058 1123 2216 1174 Thes.
2252 1124 2294 1185 1,
2324 1126 2439 1173 113.
2477 1138 2525 1174 a.
2564 1124 2682 1174 Cal-

212 1216 315 1267 met,
342 1208 537 1258 Comm.
566 1208 645 1258 lit.
672 1210 736 1258 N.
763 1210 826 1259 T.
852 1210 935 1259 ed.
960 1210 1195 1259 VVirceb.
1224 1212 1375 1260 1788.
1400 1211 1499 1272 ΙΙΙ,
1529 1213 1646 1260 193.
1684 1210 1846 1259 Hisce
1885 1209 2098 1260 additur
2133 1210 2442 1261 mandatum
2478 1218 2540 1261 ut
2573 1213 2680 1261 for·

214 1296 509 1345 nicationem
544 1296 772 1360 fugiant.
828 1293 1059 1363 Πορνείαν
1094 1296 1189 1347 alii
1226 1297 1381 1347 aliter
1417 1299 1751 1363 interpretati
1790 1303 1930 1347 sunt.
1967 1298 2029 1346 V.
2067 1298 2300 1359 Nitzsch,
2342 1298 2407 1348 de
2443 1314 2526 1364 ep.
2561 1300 2680 1349 Jac.

212 1397 253 1445 p.
276 1384 351 1431 20.
388 1381 491 1431 Sed
530 1382 683 1433 nulla
720 1388 895 1433 exstat
930 1399 1124 1446 causa,
1170 1400 1268 1434 cur
1304 1400 1338 1434 a
1372 1390 1631 1435 consueta
1669 1384 2038 1435 fornicationis
2075 1384 2430 1450 intelligentia
2465 1386 2680 1436 receda-

212 1484 324 1517 mus.
378 1470 543 1519 Nemo
594 1484 726 1519 sane
774 1472 1053 1521 mirabitur
1089 1472 1191 1521 hoc
1236 1472 1573 1521 interdictum
1611 1472 1760 1537 iungi
1807 1473 1882 1533 ei,
1935 1470 2077 1536 quod
2121 1471 2422 1537 idolothyta
2465 1473 2685 1522 vetabat

213 1556 491 1621 comedere3
532 1558 625 1622 qui
662 1572 844 1607 secum
881 1560 1224 1624 reputaverit,
1264 1574 1421 1623 quam
1461 1566 1609 1609 arcta
1634 1559 1777 1624 apud
1805 1559 2048 1609 ethnicos
2074 1559 2426 1609 intercederet
2449 1562 2681 1609 necessi-

212 1644 323 1693 tudo
356 1645 491 1695 inter
533 1645 734 1695 cultum
772 1644 1035 1696 idolorum
1074 1652 1127 1696 et
1163 1647 1557 1697 scortationem.
1596 1648 1715 1708 Quo
1753 1647 1950 1695 factum
1989 1651 2086 1709 est,
2126 1652 2184 1695 ut
2218 1647 2320 1696 hoc
2357 1648 2544 1695 vitium
2579 1663 2677 1713 pro

212 1746 257 1779 re
292 1726 533 1799 ἂδιαφόρῳ
568 1732 851 1783 haberent.
889 1732 1187 1796 Friedlieb,
1238 1734 1291 1783 in
1338 1748 1461 1783 ann.
1502 1733 1736 1784 Oesterr.
1774 1732 2295 1797 Vierteljahresschr.
2334 1734 2369 1782 f.
2405 1734 2456 1783 k.
2493 1734 2680 1783 Theol.

216 1820 343 1868 1853.
378 1836 429 1885 p.
457 1821 575 1869 176.
618 1821 875 1869 excitavit
910 1836 1093 1870 rursus
1131 1821 1425 1871 obsoletam
1463 1822 1782 1870 sententiam
1819 1818 2107 1885 Lighfooti‚
2144 1820 2258 1869 hor.
2297 1818 2443 1869 hebr.
2479 1822 2536 1870 in
2560 1820 2676 1869 Act.

214 1908 281 1965 15,
304 1908 379 1955 20.
406 1906 487 1956 ed.
516 1906 803 1972 Carpzovii
830 1907 979 1972 Lips.
1009 1909 1159 1957 1679.
1196 1924 1248 1972 p.
1279 1910 1413 1969 116„
1453 1922 1561 1972 qua
1594 1904 1820 1973 πορνείαν
1853 1907 2122 1955 connubia
2145 1908 2200 1955 ux
2225 1908 2478 1971 gradibus
2505 1921 2538 1956 a
2560 1907 2680 1971 lege

214 1992 485 2056 prohibitis,
524 1994 611 2043 vel
649 1994 1011 2059 polygamiam
1050 1995 1446 2060 interpretatur.
1485 1994 1589 2043 Sed
1629 2010 1748 2043 cum
1796 1993 2000 2043 nullum
2039 1994 2322 2059 vestigium
2369 1996 2426 2043 in
2471 1995 2679 2058 integro

212 2086 437 2129 contextu
476 2082 801 2145 reperiatur,
842 2097 949 2147 quo
987 2083 1133 2130 notio
1170 2078 1391 2149 πορνείας
1429 2081 1800 2146 restringenda
1825 2081 1975 2141 foret,
2013 2082 2068 2130 in
2095 2081 2318 2145 simplici
2347 2080 2503 2130 huius
2531 2082 2678 2130 vocis

212 2182 356 2217 sensu
390 2168 733 2218 manendum.
770 2168 875 2229 Qui
910 2169 957 2219 si
994 2173 1076 2217 est
1098 2184 1255 2218 verus
1279 2170 1495 2218 Decreti
1520 2167 2002 2232 Jerosolymitanae
2040 2166 2243 2233 Synodi
2267 2170 2492 2219 sensus?
2528 2182 2676 2234 prae-

215 2260 405 2319 ceptum
442 2256 723 2306 continent
776 2256 1247 2320 temporarium
1285 2257 1491 2306 ratione
1527 2256 1731 2321 Legis
1770 2254 2253 2317 cerimonialis3
2313 2259 2366 2304 et
2402 2270 2679 2305 commune

212 2342 395 2391 ratione
430 2342 640 2408 Legis
676 2341 973 2393 moralis.

394 2431 645 2499 Diyressio
672 2431 753 2482 11.
791 2430 849 2481 dc
872 2432 1200 2482 controversia
1235 2450 1271 2482 ε.
1299 2449 1332 2482 ⁸.
1360 2431 1505 2482 Petri
1538 2435 1584 2481 et
1608 2430 1774 2482 Pauli
1807 2430 2110 2481 Antiochiae.
2159 2428 2346 2477 Fuerit
2371 2444 2438 2478 ne
2466 2426 2679 2490 Cephas

212 2510 313 2563 Gal.
337 2518 383 2577 2,
413 2518 491 2577 11,
533 2532 693 2581 quem
730 2533 771 2567 s.
798 2515 1001 2565 Paulus
1039 2514 1335 2581 redarguit,
1384 2517 1519 2567 alius
1558 2531 1591 2565 a
1628 2516 1677 2565 d.
1717 2516 1908 2565 Petro?
1962 2523 2015 2565 et
2050 2529 2119 2565 an
2157 2516 2412 2581 Princeps
2449 2516 2676 2580 Aposto-

218 2600 365 2651 lorum
402 2602 705 2668 culpandus
742 2604 935 2653 fuerit?
971 2620 1089 2653 cum
1130 2604 1501 2668 antiquissima
1544 2608 1654 2653 tum
1703 2602 1934 2652 difficilis
1989 2608 2070 2652 est
2105 2604 2366 2668 quaestio,
2411 2601 2567 2663 Quod
2606 2601 2674 2651 ad

212 2686 253 2735 d.
288 2688 435 2738 Pauli
471 2690 832 2755 redarguendi
869 2691 1129 2741 rationem
1166 2692 1357 2740 attinet
1393 2690 1683 2740 admonitio
1723 2690 1840 2739 Gal.
1867 2694 1914 2753 2,
1944 2692 2023 2740 14.
2077 2688 2164 2749 „Si
2201 2696 2260 2739 tu
2286 2706 2404 2739 cum
2429 2688 2674 2739 Judaeus

213 2774 287 2832 sis,
338 2777 605 2841 gentiliter
660 2778 813 2839 vivis,
871 2782 925 2827 et
976 2793 1085 2827 non
1121 2778 1356 2839 iudaice,
1396 2776 1662 2843 quomodo
1699 2782 1886 2843 gentes
1923 2778 2069 2842 cogis
2107 2776 2446 2827 iudaizare?“
2511 2778 2671 2826 etiam

212 2863 531 2926 reprehensio
570 2870 627 2913 et
662 2865 1020 2931 repugnantia
1067 2868 1435 2929 nuncupatur:
1492 2880 1539 2913 a„
1580 2864 1716 2913 Cum
1761 2864 1828 2913 ob
1877 2879 1994 2913 eam
2045 2863 2206 2913 animi
2251 2865 2674 2926 commotionem,

210 2963 346 3011 quam
382 2951 669 3001 vehemens
696 2949 787 3000 illa
812 2951 1001 3001 salutis
1038 2950 1369 3001 ethnicorum
1400 2952 1503 3001 sibi
1540 2952 1936 3001 commissorum
1974 2950 2346 3017 procurandae
2384 2950 2677 3016 cupiditas,

211 3040 255 3083 et
302 3037 347 3085 b.
384 3038 763 3103 exstirpandae
803 3054 867 3087 ex
905 3039 1093 3087 animis
1132 3039 1369 3103 gentium
1406 3038 1547 3087 illius
1586 3039 1853 3103 opinionis
1900 3040 1956 3087 in
1993 3038 2162 3087 Paulo
2211 3037 2504 3101 excitabat3
2561 3044 2673 3087 tum

211 3138 248 3169 c.
282 3124 343 3171 ob
376 3124 433 3173 id
468 3140 687 3191 quoque
725 3125 853 3191 quia
886 3124 1100 3189 publice
1139 3130 1301 3189 atque
1355 3126 1409 3174 in
1458 3130 1750 3190 conspectu
1805 3126 2037 3174 omnium
2093 3126 2238 3174 facta
2292 3130 2406 3174 erat
2461 3130 2678 3190 propter

210 3222 309 3259 eam
343 3226 495 3277 quae,
536 3214 639 3261 etsi
676 3226 785 3261 non
824 3211 1065 3261 docentis
1100 3212 1340 3277 imperi0,
1378 3210 1473 3261 sed
1511 3212 1936 3261 conversationis
1973 3212 2233 3277 exemplo,
2261 3210 2326 3261 de
2352 3212 2673 3260 necessitate

210 3294 350 3361 Legis
373 3298 675 3349 servandae
700 3296 1279 3347 Ethnico-Christianis
1304 3298 1647 3362 ingerebatur
1678 3297 2024 3363 evangelicae
2049 3298 2282 3347 libertati
2319 3298 2674 3362 perniciosam

210 3386 561 3449 suspicionem.
624 3385 841 3447 Petrus,
882 3384 1025 3449 quod
1061 3399 1096 3433 a
1132 3384 1301 3434 Paulo
1340 3384 1503 3433 fiebat
1538 3385 1742 3433 utiliter
1775 3384 2022 3434 libertate
2062 3386 2328 3445 caritatis,
2388 3389 2576 3433 sancta
2612 3398 2676 3432 ac

211 3468 421 3535 benigna
455 3474 658 3538 pietate
695 3472 1007 3522 humilitatis
1044 3472 1277 3536 accepit,
1340 3487 1440 3520 nec
1496 3471 1716 3521 dubium
1772 3472 1898 3537 quin
1954 3471 2110 3520 Pauli
2149 3470 2520 3521 adhortatione
2557 3486 2674 3535 per-

209 3566 360 3608 motus
396 3559 465 3609 ad
504 3560 879 3609 commercium
918 3574 1038 3607 cum
1075 3558 1361 3623 gentilibus
1399 3572 1645 3607 reversus
1681 3558 1854 3607 fuerit.
1919 3558 2072 3607 Haec
2127 3574 2284 3623 porro
2334 3557 2674 3623 reprehensio

210 3658 243 3691 s.
266 3644 397 3695 Petri
434 3646 561 3695 olim
594 3644 816 3694 multum
856 3646 1093 3694 exercuit
1129 3645 1178 3693 cl.
1206 3644 1607 3709 Hieronymum,
1647 3661 1729 3710 ep.
1761 3646 1874 3695 105.
1911 3661 1960 3709 p.
1989 3645 2105 3694 638.
2133 3661 2216 3710 ep.
2246 3646 2361 3706 112,
2387 3647 2436 3693 4.
2476 3662 2530 3710 p.
2556 3645 2672 3694 738.

210 3746 242 3777 s.
276 3736 323 3779 et
364 3750 403 3781 s.
445 3732 831 3797 Augustinum,
880 3748 963 3797 ep.
1002 3733 1085 3781 82.
1132 3748 1181 3797 p.
1225 3734 1339 3782 190.
1387 3748 1496 3796 seq.
1588 3732 2033 3797 Hieronymus
2089 3748 2225 3781 cum
2281 3731 2676 3797 quibusdam

210 3814 486 3881 Graecis,
528 3836 665 3885 quos
703 3818 825 3868 vide
867 3818 1011 3884 apud
1050 3818 1108 3868 C.
1135 3818 1439 3879 Bai-onium,
1481 3818 1672 3868 Annal.
1700 3819 1766 3869 ad
1813 3835 1860 3869 a.
1898 3818 1988 3881 LI,
2017 3822 2098 3868 36.
2137 3836 2186 3884 p.
2215 3820 2349 3879 366„
2390 3819 2678 3868 affirmavit

209 3902 397 3955 Petrum
436 3904 567 3955 nihil
596 3920 867 3971 peccasse,
908 3910 961 3954 et
1000 3922 1105 3965 „ex
1144 3910 1520 3970 compacto“
1552 3934 1616 3941 —
1645 3900 1766 3955 κατὰ
1791 3907 1964 3974 σχῆμα
1992 3907 2294 3972 permisisse
2322 3920 2380 3955 se
2404 3905 2616 3971 publice
2644 3918 2677 3955 a

208 3988 357 4041 Paulo
382 3994 553 4059 argui,
580 3998 641 4041 ut
666 3991 1123 4041 Semi-Christiani
1148 3992 1227 4041 illi
1254 3991 1568 4057 solymitani
1596 3992 1880 4058 Legalia
1905 4021 1970 4029 —
1997 3994 2029 4041 i.
2057 4008 2102 4041 e.
2132 3992 2294 4057 Legis
2320 3992 2674 4041 cerimonialis

210 4085 473 4145 praecepta
510 4108 577 4117 --
614 4079 827 4129 facilius
865 4080 1204 4139 dimitterent,
1246 4084 1463 4143 propter
1493 4094 1631 4144 quae
1670 4080 1979 4144 magistrum
2017 4094 2172 4128 suum
2209 4084 2508 4144 correptum
2545 4078 2676 4127 nihil

208 4166 423 4225 potuisse
448 4164 775 4232 respondere
802 4172 1095 4215 cernerent.
1146 4164 1198 4214 S.
1226 4165 1599 4231 Augustinu
1616 4182 1644 4215 s
1681 4170 1868 4215 contra
1893 4166 2144 4231 opposuit
2168 4181 2209 4215 s.
2236 4165 2452 4214 Petrum
2489 4178 2676 4214 revera

210 4264 437 4312 peccasse
475 4258 531 4303 et
570 4254 813 4313 „serio“
853 4252 1261 4317 reprehensum3
1300 4253 1427 4317 quia
1451 4252 1584 4301 alias
1622 4268 1665 4302 s.
1691 4251 1893 4302 Paulus
1919 4253 2232 4301 mentiretur
2257 4251 2376 4301 Gal.
2403 4253 2452 4314 2,
2482 4253 2561 4301 11.
2592 4252 2674 4301 14.

210 4348 309 4386 cum
343 4341 418 4390 ait
450 4340 671 4390 Petrum
710 4337 1178 4403 reprehensibilem
1218 4343 1271 4387 et
1306 4354 1414 4387 non
1452 4344 1593 4388 reete
1632 4337 1704 4387 ad
1739 4339 2015 4388 veritatem
2055 4338 2320 4404 evangelii
2355 4338 2675 4389 ambulasse.

210 4420 261 4470 V.
294 4425 575 4476 Alexandri
624 4425 862 4483 Natalis,
916 4424 1039 4475 diss.
1076 4425 1169 4474 XI.
1206 4425 1274 4474 de
1318 4425 1732 4489 reprehensione
1779 4440 1822 4474 s.
1855 4425 1998 4473 Petri
2043 4440 2080 4473 a
2123 4442 2164 4475 s.
2199 4424 2386 4487 Paulo,
2425 4425 2522 4487 ΙΙΙ,
2560 4428 2676 4475 134.

212 4506 417 4577 stengel,
446 4529 634 4563 comm.
662 4530 715 4578 p.
740 4513 861 4561 214.
888 4526 930 4561 s.
975 4510 1283 4574 Saccarelli,
1318 4512 1385 4560 H.
1414 4512 1478 4561 E.
1504 4512 1547 4573 I,
1575 4514 1676 4561 303
1703 4530 1744 4561 s.
1783 4511 1833 4562 J.
1854 4511 1915 4560 A.
1936 4510 2158 4575 Msshler,
2185 4512 2542 4577 Hieronymus
2565 4512 2678 4561 und

211 4594 447 4663 Angustia
472 4602 527 4651 in
553 4600 722 4650 Streit
746 4604 798 4648 ii.
828 4598 945 4648 Gal.
971 4600 1020 4661 2,
1051 4600 1130 4649 14.
1158 4598 1239 4648 ed.
1280 4599 1517 4649 eiusdem
1542 4598 1886 4664 gesammelte
1912 4596 2194 4647 Schriften.
2231 4598 2498 4662 Regensb.
2527 4600 2677 4649 1839.

2266 4685 2367 4735 23*
