<?xml version="1.0" encoding="UTF-8"?>
<!DOCTYPE html PUBLIC "-//W3C//DTD XHTML 1.0 Transitional//EN"
    "http://www.w3.org/TR/xhtml1/DTD/xhtml1-transitional.dtd">
<html xmlns="http://www.w3.org/1999/xhtml" xml:lang="en" lang="en">
 <head>
  <title>
</title>
<meta http-equiv="Content-Type" content="text/html;charset=utf-8" />
  <meta name='ocr-system' content='tesseract 3.04.00' />
  <meta name='ocr-capabilities' content='ocr_page ocr_carea ocr_par ocr_line ocrx_word'/>
</head>
<body>
  <div class='ocr_page' id='page_1' title='image "./historiarevelat00unkngoog_0497.png"; bbox 0 0 3267 5259; ppageno 0'>
   <div class='ocr_carea' id='block_1_1' title="bbox 970 452 2682 521">
    <p class='ocr_par' dir='ltr' id='par_1_1' title="bbox 970 452 2682 521">
     <span class='ocr_line' id='line_1_1' title="bbox 970 452 2682 521; baseline 0 -12"><span class='ocrx_word' id='word_1_1' title='bbox 970 464 1167 519; x_wconf 67' lang='lat' dir='ltr'><strong>umque</strong></span> <span class='ocrx_word' id='word_1_2' title='bbox 1193 464 1249 509; x_wconf 75' lang='lat' dir='ltr'><strong>ad</strong></span> <span class='ocrx_word' id='word_1_3' title='bbox 1276 465 1688 509; x_wconf 76' lang='lat' dir='ltr'><strong>Thessalonicenses</strong></span> <span class='ocrx_word' id='word_1_4' title='bbox 1715 464 1916 519; x_wconf 79' lang='lat' dir='ltr'><strong>epistola.</strong></span> <span class='ocrx_word' id='word_1_5' title='bbox 2554 452 2682 521; x_wconf 81' lang='grc'><strong>369</strong></span> 
     </span>
    </p>
   </div>
   <div class='ocr_carea' id='block_1_2' title="bbox 196 639 2685 3095">
    <p class='ocr_par' dir='ltr' id='par_1_2' title="bbox 196 639 2685 3095">
     <span class='ocr_line' id='line_1_2' title="bbox 196 639 2677 729; baseline 0 -24"><span class='ocrx_word' id='word_1_6' title='bbox 196 644 767 725; x_wconf 83' lang='lat' dir='ltr'><strong>argumentorum¹</strong></span> <span class='ocrx_word' id='word_1_7' title='bbox 810 639 1233 725; x_wconf 85' lang='lat' dir='ltr'><strong>abundantia,</strong></span> <span class='ocrx_word' id='word_1_8' title='bbox 1278 650 1413 705; x_wconf 89' lang='lat' dir='ltr'><strong>tam</strong></span> <span class='ocrx_word' id='word_1_9' title='bbox 1456 639 1872 707; x_wconf 79' lang='lat' dir='ltr'><strong>admirabiles</strong></span> <span class='ocrx_word' id='word_1_10' title='bbox 1917 642 2192 707; x_wconf 87' lang='lat' dir='ltr'><strong>effectus</strong></span> <span class='ocrx_word' id='word_1_11' title='bbox 2235 642 2304 705; x_wconf 88' lang='lat' dir='ltr'><strong>in</strong></span> <span class='ocrx_word' id='word_1_12' title='bbox 2333 642 2489 727; x_wconf 90' lang='lat' dir='ltr'><strong>ipsis</strong></span> <span class='ocrx_word' id='word_1_13' title='bbox 2523 664 2677 729; x_wconf 90' lang='lat' dir='ltr'><strong>ope-</strong></span> 
     </span>
     <span class='ocr_line' id='line_1_3' title="bbox 196 752 2685 837; baseline 0 -20"><span class='ocrx_word' id='word_1_14' title='bbox 196 763 325 817; x_wconf 86' lang='lat' dir='ltr'><strong>rata</strong></span> <span class='ocrx_word' id='word_1_15' title='bbox 366 754 573 819; x_wconf 87' lang='lat' dir='ltr'><strong>fuerit</strong></span> <span class='ocrx_word' id='word_1_16' title='bbox 589 754 635 817; x_wconf 80' lang='lat'><strong>².</strong></span> <span class='ocrx_word' id='word_1_17' title='bbox 682 752 776 819; x_wconf 91' lang='lat' dir='ltr'><strong>Ut</strong></span> <span class='ocrx_word' id='word_1_18' title='bbox 822 755 1224 819; x_wconf 78' lang='lat' dir='ltr'><strong>constantiae</strong></span> <span class='ocrx_word' id='word_1_19' title='bbox 1270 755 1337 817; x_wconf 90' lang='lat' dir='ltr'><strong>in</strong></span> <span class='ocrx_word' id='word_1_20' title='bbox 1382 752 1511 818; x_wconf 90' lang='lat' dir='ltr'><strong>fide</strong></span> <span class='ocrx_word' id='word_1_21' title='bbox 1559 752 1846 818; x_wconf 88' lang='lat' dir='ltr'><strong>studium</strong></span> <span class='ocrx_word' id='word_1_22' title='bbox 1893 752 2364 837; x_wconf 80' lang='lat' dir='ltr'><strong>corroboraret,</strong></span> <span class='ocrx_word' id='word_1_23' title='bbox 2413 762 2685 820; x_wconf 87' lang='lat' dir='ltr'><strong>revocat</strong></span> 
     </span>
     <span class='ocr_line' id='line_1_4' title="bbox 198 864 2684 951; baseline 0.001 -22"><span class='ocrx_word' id='word_1_24' title='bbox 198 864 885 933; x_wconf 73' lang='lat' dir='ltr'><strong>Thessalonicensibus</strong></span> <span class='ocrx_word' id='word_1_25' title='bbox 950 868 1017 929; x_wconf 89' lang='lat' dir='ltr'><strong>in</strong></span> <span class='ocrx_word' id='word_1_26' title='bbox 1084 867 1497 949; x_wconf 86' lang='lat' dir='ltr'><strong>memoriam,</strong></span> <span class='ocrx_word' id='word_1_27' title='bbox 1583 864 1914 951; x_wconf 91' lang='lat' dir='ltr'><strong>quomodo</strong></span> <span class='ocrx_word' id='word_1_28' title='bbox 1983 865 2225 931; x_wconf 89' lang='lat' dir='ltr'><strong>relictis</strong></span> <span class='ocrx_word' id='word_1_29' title='bbox 2293 866 2482 931; x_wconf 89' lang='lat' dir='ltr'><strong>idolis</strong></span> <span class='ocrx_word' id='word_1_30' title='bbox 2547 868 2684 931; x_wconf 81' lang='lat' dir='ltr'><strong>vita</strong></span> 
     </span>
     <span class='ocr_line' id='line_1_5' title="bbox 198 978 2681 1062; baseline 0 -19"><span class='ocrx_word' id='word_1_31' title='bbox 198 978 565 1045; x_wconf 76' lang='lat' dir='ltr'><strong>carentibus</strong></span> <span class='ocrx_word' id='word_1_32' title='bbox 607 978 975 1043; x_wconf 86' lang='lat' dir='ltr'><strong>incredibili</strong></span> <span class='ocrx_word' id='word_1_33' title='bbox 1020 978 1355 1044; x_wconf 83' lang='lat' dir='ltr'><strong>alacritate</strong></span> <span class='ocrx_word' id='word_1_34' title='bbox 1400 978 1444 1044; x_wconf 88' lang='lat' dir='ltr'><strong>J</strong></span> <span class='ocrx_word' id='word_1_35' title='bbox 1448 1002 1652 1062; x_wconf 87' lang='lat' dir='ltr'><strong>esum,</strong></span> <span class='ocrx_word' id='word_1_36' title='bbox 1717 980 1924 1044; x_wconf 88' lang='lat' dir='ltr'><strong>secuti</strong></span> <span class='ocrx_word' id='word_1_37' title='bbox 1971 981 2096 1044; x_wconf 90' lang='lat' dir='ltr'><strong>sint</strong></span> <span class='ocrx_word' id='word_1_38' title='bbox 2114 982 2158 1043; x_wconf 84' lang='lat'><strong>³.</strong></span> <span class='ocrx_word' id='word_1_39' title='bbox 2205 978 2416 1043; x_wconf 91' lang='lat' dir='ltr'><strong>Huius</strong></span> <span class='ocrx_word' id='word_1_40' title='bbox 2462 989 2681 1043; x_wconf 87' lang='lat' dir='ltr'><strong>autem</strong></span> 
     </span>
     <span class='ocr_line' id='line_1_6' title="bbox 197 1090 2680 1178; baseline 0 -23"><span class='ocrx_word' id='word_1_41' title='bbox 197 1090 329 1155; x_wconf 81' lang='lat' dir='ltr'><strong>Filii</strong></span> <span class='ocrx_word' id='word_1_42' title='bbox 350 1091 491 1156; x_wconf 90' lang='lat' dir='ltr'><strong>Dei</strong></span> <span class='ocrx_word' id='word_1_43' title='bbox 511 1090 765 1174; x_wconf 90' lang='lat' dir='ltr'><strong>iudicis,</strong></span> <span class='ocrx_word' id='word_1_44' title='bbox 800 1112 1193 1177; x_wconf 90' lang='lat' dir='ltr'><strong>quocunque</strong></span> <span class='ocrx_word' id='word_1_45' title='bbox 1220 1090 1489 1157; x_wconf 89' lang='lat' dir='ltr'><strong>tandem</strong></span> <span class='ocrx_word' id='word_1_46' title='bbox 1512 1102 1808 1178; x_wconf 89' lang='lat' dir='ltr'><strong>tempore</strong></span> <span class='ocrx_word' id='word_1_47' title='bbox 1835 1093 2247 1177; x_wconf 81' lang='lat' dir='ltr'><strong>appariturus</strong></span> <span class='ocrx_word' id='word_1_48' title='bbox 2271 1093 2369 1175; x_wconf 89' lang='lat' dir='ltr'><strong>sit,</strong></span> <span class='ocrx_word' id='word_1_49' title='bbox 2402 1090 2680 1156; x_wconf 91' lang='lat' dir='ltr'><strong>reditum</strong></span> 
     </span>
     <span class='ocr_line' id='line_1_7' title="bbox 198 1202 2682 1291; baseline 0 -22"><span class='ocrx_word' id='word_1_50' title='bbox 198 1204 541 1269; x_wconf 83' lang='lat' dir='ltr'><strong>salutarem</strong></span> <span class='ocrx_word' id='word_1_51' title='bbox 588 1226 739 1269; x_wconf 88' lang='lat' dir='ltr'><strong>cum</strong></span> <span class='ocrx_word' id='word_1_52' title='bbox 785 1203 1107 1269; x_wconf 88' lang='lat' dir='ltr'><strong>desiderio</strong></span> <span class='ocrx_word' id='word_1_53' title='bbox 1156 1204 1678 1291; x_wconf 82' lang='lat' dir='ltr'><strong>exspectandum</strong></span> <span class='ocrx_word' id='word_1_54' title='bbox 1721 1202 1946 1287; x_wconf 90' lang='lat' dir='ltr'><strong>bonis,</strong></span> <span class='ocrx_word' id='word_1_55' title='bbox 2015 1204 2192 1289; x_wconf 93' lang='lat' dir='ltr'><strong>quod</strong></span> <span class='ocrx_word' id='word_1_56' title='bbox 2237 1203 2322 1269; x_wconf 89' lang='lat' dir='ltr'><strong>ab</strong></span> <span class='ocrx_word' id='word_1_57' title='bbox 2370 1226 2448 1269; x_wconf 90' lang='lat' dir='ltr'><strong>eo</strong></span> <span class='ocrx_word' id='word_1_58' title='bbox 2494 1226 2682 1291; x_wconf 88' lang='lat' dir='ltr'><strong>prae-</strong></span> 
     </span>
     <span class='ocr_line' id='line_1_8' title="bbox 197 1316 2680 1400; baseline 0 -20"><span class='ocrx_word' id='word_1_59' title='bbox 197 1316 431 1381; x_wconf 87' lang='lat' dir='ltr'><strong>miandi</strong></span> <span class='ocrx_word' id='word_1_60' title='bbox 480 1318 609 1381; x_wconf 88' lang='lat' dir='ltr'><strong>sint</strong></span> <span class='ocrx_word' id='word_1_61' title='bbox 624 1320 669 1381; x_wconf 76' lang='lat'><strong>⁴.</strong></span> <span class='ocrx_word' id='word_1_62' title='bbox 726 1316 819 1381; x_wconf 88' lang='lat' dir='ltr'><strong>At</strong></span> <span class='ocrx_word' id='word_1_63' title='bbox 861 1339 1021 1382; x_wconf 88' lang='lat' dir='ltr'><strong>vero</strong></span> <span class='ocrx_word' id='word_1_64' title='bbox 1067 1316 1492 1382; x_wconf 90' lang='lat' dir='ltr'><strong>metuendum</strong></span> <span class='ocrx_word' id='word_1_65' title='bbox 1538 1326 1699 1400; x_wconf 90' lang='lat' dir='ltr'><strong>erat,</strong></span> <span class='ocrx_word' id='word_1_66' title='bbox 1747 1339 1831 1382; x_wconf 93' lang='lat' dir='ltr'><strong>ne</strong></span> <span class='ocrx_word' id='word_1_67' title='bbox 1875 1316 2114 1382; x_wconf 86' lang='lat' dir='ltr'><strong>Judaei</strong></span> <span class='ocrx_word' id='word_1_68' title='bbox 2159 1317 2250 1383; x_wconf 91' lang='lat' dir='ltr'><strong>nil</strong></span> <span class='ocrx_word' id='word_1_69' title='bbox 2293 1319 2680 1382; x_wconf 88' lang='lat' dir='ltr'><strong>intentatum</strong></span> 
     </span>
     <span class='ocr_line' id='line_1_9' title="bbox 198 1428 2682 1515; baseline 0.001 -24"><span class='ocrx_word' id='word_1_70' title='bbox 198 1428 661 1515; x_wconf 82' lang='lat' dir='ltr'><strong>relinquerent3</strong></span> <span class='ocrx_word' id='word_1_71' title='bbox 728 1439 803 1495; x_wconf 87' lang='lat' dir='ltr'><strong>ut</strong></span> <span class='ocrx_word' id='word_1_72' title='bbox 868 1431 1121 1503; x_wconf 86' lang='lat' dir='ltr'><strong>animos</strong></span> <span class='ocrx_word' id='word_1_73' title='bbox 1188 1430 1684 1495; x_wconf 89' lang='lat' dir='ltr'><strong>christianorum</strong></span> <span class='ocrx_word' id='word_1_74' title='bbox 1753 1429 2433 1495; x_wconf 87' lang='lat' dir='ltr'><strong>Thessalonicensium</strong></span> <span class='ocrx_word' id='word_1_75' title='bbox 2479 1429 2682 1495; x_wconf 87' lang='lat' dir='ltr'><strong>disso-</strong></span> 
     </span>
     <span class='ocr_line' id='line_1_10' title="bbox 200 1540 2683 1629; baseline 0 -23"><span class='ocrx_word' id='word_1_76' title='bbox 200 1544 441 1607; x_wconf 88' lang='lat' dir='ltr'><strong>ciarent</strong></span> <span class='ocrx_word' id='word_1_77' title='bbox 504 1541 587 1607; x_wconf 91' lang='lat' dir='ltr'><strong>ab</strong></span> <span class='ocrx_word' id='word_1_78' title='bbox 654 1542 975 1629; x_wconf 89' lang='lat' dir='ltr'><strong>Apostolo</strong></span> <span class='ocrx_word' id='word_1_79' title='bbox 1033 1542 1355 1628; x_wconf 89' lang='lat' dir='ltr'><strong>huiusque</strong></span> <span class='ocrx_word' id='word_1_80' title='bbox 1417 1544 1629 1607; x_wconf 88' lang='lat' dir='ltr'><strong>sociis.</strong></span> <span class='ocrx_word' id='word_1_81' title='bbox 1702 1540 1950 1609; x_wconf 86' lang='lat' dir='ltr'><strong>Contra</strong></span> <span class='ocrx_word' id='word_1_82' title='bbox 2003 1542 2122 1608; x_wconf 91' lang='lat' dir='ltr'><strong>hos</strong></span> <span class='ocrx_word' id='word_1_83' title='bbox 2183 1541 2466 1607; x_wconf 90' lang='lat' dir='ltr'><strong>assultus</strong></span> <span class='ocrx_word' id='word_1_84' title='bbox 2485 1546 2510 1585; x_wconf 88' lang='lat'>⁵</span> <span class='ocrx_word' id='word_1_85' title='bbox 2570 1565 2683 1607; x_wconf 89' lang='lat' dir='ltr'><strong>eos</strong></span> 
     </span>
     <span class='ocr_line' id='line_1_11' title="bbox 204 1653 2682 1742; baseline 0 -23"><span class='ocrx_word' id='word_1_86' title='bbox 204 1656 447 1720; x_wconf 88' lang='lat' dir='ltr'><strong>munire</strong></span> <span class='ocrx_word' id='word_1_87' title='bbox 494 1656 711 1742; x_wconf 85' lang='lat' dir='ltr'><strong>pergit</strong></span> <span class='ocrx_word' id='word_1_88' title='bbox 730 1658 773 1719; x_wconf 79' lang='lat'><strong>⁶.</strong></span> <span class='ocrx_word' id='word_1_89' title='bbox 851 1653 1169 1719; x_wconf 88' lang='lat' dir='ltr'><strong>Statuisse</strong></span> <span class='ocrx_word' id='word_1_90' title='bbox 1226 1678 1297 1719; x_wconf 91' lang='lat' dir='ltr'><strong>se</strong></span> <span class='ocrx_word' id='word_1_91' title='bbox 1344 1654 1882 1720; x_wconf 85' lang='lat' dir='ltr'><strong>Thessalonicam</strong></span> <span class='ocrx_word' id='word_1_92' title='bbox 1926 1657 2164 1719; x_wconf 86' lang='lat' dir='ltr'><strong>reverti</strong></span> <span class='ocrx_word' id='word_1_93' title='bbox 2210 1655 2413 1719; x_wconf 90' lang='lat' dir='ltr'><strong>semel</strong></span> <span class='ocrx_word' id='word_1_94' title='bbox 2459 1663 2525 1719; x_wconf 91' lang='lat' dir='ltr'><strong>et</strong></span> <span class='ocrx_word' id='word_1_95' title='bbox 2567 1656 2682 1719; x_wconf 89' lang='lat' dir='ltr'><strong>ite-</strong></span> 
     </span>
     <span class='ocr_line' id='line_1_12' title="bbox 198 1766 2682 1854; baseline -0.001 -21"><span class='ocrx_word' id='word_1_96' title='bbox 198 1790 359 1851; x_wconf 88' lang='lat' dir='ltr'><strong>rum,</strong></span> <span class='ocrx_word' id='word_1_97' title='bbox 418 1767 541 1833; x_wconf 86' lang='lat' dir='ltr'><strong>sed</strong></span> <span class='ocrx_word' id='word_1_98' title='bbox 585 1766 883 1833; x_wconf 86' lang='lat' dir='ltr'><strong>Judaeos</strong></span> <span class='ocrx_word' id='word_1_99' title='bbox 928 1766 1170 1833; x_wconf 87' lang='lat' dir='ltr'><strong>diaboli</strong></span> <span class='ocrx_word' id='word_1_100' title='bbox 1214 1770 1648 1833; x_wconf 86' lang='lat' dir='ltr'><strong>instrumenta</strong></span> <span class='ocrx_word' id='word_1_101' title='bbox 1690 1766 2202 1854; x_wconf 84' lang='lat' dir='ltr'><strong>praepedivisse.</strong></span> <span class='ocrx_word' id='word_1_102' title='bbox 2279 1768 2370 1833; x_wconf 91' lang='lat' dir='ltr'><strong>Ut</strong></span> <span class='ocrx_word' id='word_1_103' title='bbox 2415 1770 2682 1832; x_wconf 83' lang='lat' dir='ltr'><strong>tamen⁷</strong></span> 
     </span>
     <span class='ocr_line' id='line_1_13' title="bbox 204 1879 2683 1965; baseline 0 -22"><span class='ocrx_word' id='word_1_104' title='bbox 204 1880 343 1945; x_wconf 90' lang='lat' dir='ltr'><strong>huic</strong></span> <span class='ocrx_word' id='word_1_105' title='bbox 389 1881 593 1946; x_wconf 87' lang='lat' dir='ltr'><strong>animi</strong></span> <span class='ocrx_word' id='word_1_106' title='bbox 638 1882 737 1945; x_wconf 89' lang='lat' dir='ltr'><strong>sui</strong></span> <span class='ocrx_word' id='word_1_107' title='bbox 784 1880 1109 1945; x_wconf 88' lang='lat' dir='ltr'><strong>desiderio</strong></span> <span class='ocrx_word' id='word_1_108' title='bbox 1173 1880 1609 1965; x_wconf 86' lang='lat' dir='ltr'><strong>satisfaceret,</strong></span> <span class='ocrx_word' id='word_1_109' title='bbox 1677 1880 1956 1945; x_wconf 87' lang='lat' dir='ltr'><strong>Athenis</strong></span> <span class='ocrx_word' id='word_1_110' title='bbox 2017 1904 2094 1946; x_wconf 91' lang='lat' dir='ltr'><strong>eo</strong></span> <span class='ocrx_word' id='word_1_111' title='bbox 2157 1882 2408 1945; x_wconf 88' lang='lat' dir='ltr'><strong>misisse</strong></span> <span class='ocrx_word' id='word_1_112' title='bbox 2467 1879 2683 1944; x_wconf 88' lang='lat' dir='ltr'><strong>Timo-</strong></span> 
     </span>
     <span class='ocr_line' id='line_1_14' title="bbox 202 1991 2683 2080; baseline 0 -24"><span class='ocrx_word' id='word_1_113' title='bbox 202 1992 417 2057; x_wconf 86' lang='lat' dir='ltr'><strong>theum</strong></span> <span class='ocrx_word' id='word_1_114' title='bbox 467 1992 946 2076; x_wconf 85' lang='lat' dir='ltr'><strong>coadiutorem,</strong></span> <span class='ocrx_word' id='word_1_115' title='bbox 1007 1991 1091 2058; x_wconf 91' lang='lat' dir='ltr'><strong>ob</strong></span> <span class='ocrx_word' id='word_1_116' title='bbox 1151 1992 1447 2080; x_wconf 90' lang='lat' dir='ltr'><strong>pericula</strong></span> <span class='ocrx_word' id='word_1_117' title='bbox 1505 1996 1571 2059; x_wconf 92' lang='lat' dir='ltr'><strong>in</strong></span> <span class='ocrx_word' id='word_1_118' title='bbox 1619 1992 1856 2079; x_wconf 88' lang='lat' dir='ltr'><strong>quibus</strong></span> <span class='ocrx_word' id='word_1_119' title='bbox 1899 2004 2316 2057; x_wconf 88' lang='lat' dir='ltr'><strong>versarentur</strong></span> <span class='ocrx_word' id='word_1_120' title='bbox 2335 1996 2377 2057; x_wconf 79' lang='lat'><strong>⁸.</strong></span> <span class='ocrx_word' id='word_1_121' title='bbox 2453 1992 2683 2079; x_wconf 88' lang='lat' dir='ltr'><strong>Nuper</strong></span> 
     </span>
     <span class='ocr_line' id='line_1_15' title="bbox 201 2102 2684 2192; baseline 0.001 -25"><span class='ocrx_word' id='word_1_122' title='bbox 201 2116 409 2170; x_wconf 85' lang='lat' dir='ltr'><strong>autem</strong></span> <span class='ocrx_word' id='word_1_123' title='bbox 472 2116 821 2192; x_wconf 89' lang='lat' dir='ltr'><strong>postquam</strong></span> <span class='ocrx_word' id='word_1_124' title='bbox 861 2102 1147 2171; x_wconf 80' lang='lat' dir='ltr'><strong>redier&#39;at</strong></span> <span class='ocrx_word' id='word_1_125' title='bbox 1178 2105 1578 2189; x_wconf 87' lang='lat' dir='ltr'><strong>Timotheus,</strong></span> <span class='ocrx_word' id='word_1_126' title='bbox 1626 2117 1694 2171; x_wconf 90' lang='lat' dir='ltr'><strong>et</strong></span> <span class='ocrx_word' id='word_1_127' title='bbox 1738 2106 2088 2171; x_wconf 88' lang='lat' dir='ltr'><strong>laetissima</strong></span> <span class='ocrx_word' id='word_1_128' title='bbox 2127 2106 2208 2170; x_wconf 94' lang='lat' dir='ltr'><strong>de</strong></span> <span class='ocrx_word' id='word_1_129' title='bbox 2241 2108 2396 2192; x_wconf 91' lang='lat' dir='ltr'><strong>ipsis</strong></span> <span class='ocrx_word' id='word_1_130' title='bbox 2443 2107 2684 2169; x_wconf 88' lang='lat' dir='ltr'><strong>nuncia</strong></span> 
     </span>
     <span class='ocr_line' id='line_1_16' title="bbox 198 2218 2682 2305; baseline -0.001 -22"><span class='ocrx_word' id='word_1_131' title='bbox 198 2218 461 2301; x_wconf 85' lang='lat' dir='ltr'><strong>tulisset,</strong></span> <span class='ocrx_word' id='word_1_132' title='bbox 500 2220 801 2304; x_wconf 83' lang='lat' dir='ltr'><strong>gavisum</strong></span> <span class='ocrx_word' id='word_1_133' title='bbox 834 2240 904 2283; x_wconf 89' lang='lat' dir='ltr'><strong>se</strong></span> <span class='ocrx_word' id='word_1_134' title='bbox 935 2220 1221 2283; x_wconf 82' lang='lat' dir='ltr'><strong>maxime</strong></span> <span class='ocrx_word' id='word_1_135' title='bbox 1253 2242 1452 2305; x_wconf 89' lang='lat' dir='ltr'><strong>super</strong></span> <span class='ocrx_word' id='word_1_136' title='bbox 1480 2221 1974 2305; x_wconf 87' lang='lat' dir='ltr'><strong>perseverantia</strong></span> <span class='ocrx_word' id='word_1_137' title='bbox 2004 2218 2682 2283; x_wconf 87' lang='lat' dir='ltr'><strong>Thessalonicensium</strong></span> 
     </span>
     <span class='ocr_line' id='line_1_17' title="bbox 198 2330 2681 2417; baseline 0 -23"><span class='ocrx_word' id='word_1_138' title='bbox 198 2332 259 2393; x_wconf 89' lang='lat' dir='ltr'><strong>in</strong></span> <span class='ocrx_word' id='word_1_139' title='bbox 298 2330 449 2395; x_wconf 84' lang='lat' dir='ltr'><strong>fide.</strong></span> <span class='ocrx_word' id='word_1_140' title='bbox 520 2330 863 2396; x_wconf 87' lang='lat' dir='ltr'><strong>Nocturna</strong></span> <span class='ocrx_word' id='word_1_141' title='bbox 907 2330 1223 2397; x_wconf 86' lang='lat' dir='ltr'><strong>diurnave</strong></span> <span class='ocrx_word' id='word_1_142' title='bbox 1257 2332 1549 2397; x_wconf 90' lang='lat' dir='ltr'><strong>oratione</strong></span> <span class='ocrx_word' id='word_1_143' title='bbox 1581 2332 1802 2396; x_wconf 91' lang='lat' dir='ltr'><strong>Deum</strong></span> <span class='ocrx_word' id='word_1_144' title='bbox 1833 2354 2087 2417; x_wconf 88' lang='lat' dir='ltr'><strong>rogare,</strong></span> <span class='ocrx_word' id='word_1_145' title='bbox 2134 2341 2206 2396; x_wconf 90' lang='lat' dir='ltr'><strong>ut</strong></span> <span class='ocrx_word' id='word_1_146' title='bbox 2235 2334 2681 2417; x_wconf 89' lang='lat' dir='ltr'><strong>opportunita-</strong></span> 
     </span>
     <span class='ocr_line' id='line_1_18' title="bbox 202 2442 2680 2531; baseline 0 -25"><span class='ocrx_word' id='word_1_147' title='bbox 202 2453 323 2507; x_wconf 87' lang='lat' dir='ltr'><strong>tem</strong></span> <span class='ocrx_word' id='word_1_148' title='bbox 354 2466 472 2508; x_wconf 89' lang='lat' dir='ltr'><strong>eos</strong></span> <span class='ocrx_word' id='word_1_149' title='bbox 501 2442 833 2509; x_wconf 83' lang='lat' dir='ltr'><strong>revisendi</strong></span> <span class='ocrx_word' id='word_1_150' title='bbox 863 2444 1203 2530; x_wconf 83' lang='lat' dir='ltr'><strong>largiatur3</strong></span> <span class='ocrx_word' id='word_1_151' title='bbox 1250 2468 1465 2531; x_wconf 92' lang='lat' dir='ltr'><strong>neque</strong></span> <span class='ocrx_word' id='word_1_152' title='bbox 1496 2444 1623 2509; x_wconf 90' lang='lat' dir='ltr'><strong>hoc</strong></span> <span class='ocrx_word' id='word_1_153' title='bbox 1654 2455 1924 2531; x_wconf 90' lang='lat' dir='ltr'><strong>propter</strong></span> <span class='ocrx_word' id='word_1_154' title='bbox 1967 2468 2038 2509; x_wconf 90' lang='lat' dir='ltr'><strong>se</strong></span> <span class='ocrx_word' id='word_1_155' title='bbox 2071 2454 2136 2509; x_wconf 88' lang='lat' dir='ltr'><strong>ct</strong></span> <span class='ocrx_word' id='word_1_156' title='bbox 2168 2444 2680 2509; x_wconf 88' lang='lat' dir='ltr'><strong>consolationem</strong></span> 
     </span>
     <span class='ocr_line' id='line_1_19' title="bbox 200 2556 2680 2645; baseline 0.001 -26"><span class='ocrx_word' id='word_1_157' title='bbox 200 2578 391 2641; x_wconf 83' lang='lat' dir='ltr'><strong>suam,</strong></span> <span class='ocrx_word' id='word_1_158' title='bbox 438 2556 561 2621; x_wconf 91' lang='lat' dir='ltr'><strong>sed</strong></span> <span class='ocrx_word' id='word_1_159' title='bbox 592 2566 666 2623; x_wconf 89' lang='lat' dir='ltr'><strong>ut</strong></span> <span class='ocrx_word' id='word_1_160' title='bbox 694 2580 814 2643; x_wconf 90' lang='lat' dir='ltr'><strong>per</strong></span> <span class='ocrx_word' id='word_1_161' title='bbox 844 2558 1227 2645; x_wconf 88' lang='lat' dir='ltr'><strong>ampliorem</strong></span> <span class='ocrx_word' id='word_1_162' title='bbox 1260 2582 1485 2624; x_wconf 91' lang='lat' dir='ltr'><strong>eorum</strong></span> <span class='ocrx_word' id='word_1_163' title='bbox 1528 2580 1697 2644; x_wconf 90' lang='lat' dir='ltr'><strong>quae</strong></span> <span class='ocrx_word' id='word_1_164' title='bbox 1739 2556 1959 2623; x_wconf 91' lang='lat' dir='ltr'><strong>docuit</strong></span> <span class='ocrx_word' id='word_1_165' title='bbox 2005 2556 2506 2643; x_wconf 86' lang='lat' dir='ltr'><strong>explicationem</strong></span> <span class='ocrx_word' id='word_1_166' title='bbox 2537 2556 2680 2622; x_wconf 90' lang='lat' dir='ltr'><strong>illos</strong></span> 
     </span>
     <span class='ocr_line' id='line_1_20' title="bbox 200 2668 2676 2757; baseline 0.001 -26"><span class='ocrx_word' id='word_1_167' title='bbox 200 2670 261 2730; x_wconf 86' lang='lat' dir='ltr'><strong>in</strong></span> <span class='ocrx_word' id='word_1_168' title='bbox 291 2668 587 2734; x_wconf 74' lang='lat' dir='ltr'><strong>doctrina</strong></span> <span class='ocrx_word' id='word_1_169' title='bbox 616 2668 856 2735; x_wconf 84' lang='lat' dir='ltr'><strong>Christi</strong></span> <span class='ocrx_word' id='word_1_170' title='bbox 886 2670 1179 2757; x_wconf 82' lang='lat' dir='ltr'><strong>perfecte</strong></span> <span class='ocrx_word' id='word_1_171' title='bbox 1224 2674 1593 2736; x_wconf 89' lang='lat' dir='ltr'><strong>instrueret.</strong></span> <span class='ocrx_word' id='word_1_172' title='bbox 1657 2670 1921 2735; x_wconf 88' lang='lat' dir='ltr'><strong>Interea</strong></span> <span class='ocrx_word' id='word_1_173' title='bbox 1954 2693 2103 2735; x_wconf 91' lang='lat' dir='ltr'><strong>cum</strong></span> <span class='ocrx_word' id='word_1_174' title='bbox 2134 2670 2458 2735; x_wconf 88' lang='lat' dir='ltr'><strong>Dominus</strong></span> <span class='ocrx_word' id='word_1_175' title='bbox 2503 2671 2676 2733; x_wconf 87' lang='lat' dir='ltr'><strong>viam</strong></span> 
     </span>
     <span class='ocr_line' id='line_1_21' title="bbox 202 2782 2676 2871; baseline 0 -26"><span class='ocrx_word' id='word_1_176' title='bbox 202 2782 279 2845; x_wconf 86' lang='lat' dir='ltr'><strong>ad</strong></span> <span class='ocrx_word' id='word_1_177' title='bbox 324 2805 433 2847; x_wconf 92' lang='lat' dir='ltr'><strong>eos</strong></span> <span class='ocrx_word' id='word_1_178' title='bbox 480 2806 519 2846; x_wconf 89' lang='lat' dir='ltr'><strong>a</strong></span> <span class='ocrx_word' id='word_1_179' title='bbox 568 2786 821 2848; x_wconf 88' lang='lat' dir='ltr'><strong>cunctis</strong></span> <span class='ocrx_word' id='word_1_180' title='bbox 865 2784 1348 2871; x_wconf 86' lang='lat' dir='ltr'><strong>impedimentis</strong></span> <span class='ocrx_word' id='word_1_181' title='bbox 1410 2783 1670 2867; x_wconf 89' lang='lat' dir='ltr'><strong>liberet,</strong></span> <span class='ocrx_word' id='word_1_182' title='bbox 1739 2782 1991 2848; x_wconf 89' lang='lat' dir='ltr'><strong>illorum</strong></span> <span class='ocrx_word' id='word_1_183' title='bbox 2060 2782 2469 2848; x_wconf 88' lang='lat' dir='ltr'><strong>multitudine</strong></span> <span class='ocrx_word' id='word_1_184' title='bbox 2541 2804 2676 2846; x_wconf 92' lang='lat' dir='ltr'><strong>cre-</strong></span> 
     </span>
     <span class='ocr_line' id='line_1_22' title="bbox 202 2892 2680 2981; baseline 0 -23"><span class='ocrx_word' id='word_1_185' title='bbox 202 2892 483 2959; x_wconf 86' lang='lat' dir='ltr'><strong>dentium</strong></span> <span class='ocrx_word' id='word_1_186' title='bbox 528 2896 861 2981; x_wconf 86' lang='lat' dir='ltr'><strong>adaugeat</strong></span> <span class='ocrx_word' id='word_1_187' title='bbox 904 2897 1273 2962; x_wconf 89' lang='lat' dir='ltr'><strong>Ecclesiam</strong></span> <span class='ocrx_word' id='word_1_188' title='bbox 1293 2901 1334 2962; x_wconf 79' lang='lat'><strong>⁹.</strong></span> <span class='ocrx_word' id='word_1_189' title='bbox 1382 2896 1542 2963; x_wconf 91' lang='lat' dir='ltr'><strong>Post</strong></span> <span class='ocrx_word' id='word_1_190' title='bbox 1579 2896 1912 2961; x_wconf 86' lang='lat' dir='ltr'><strong>laudatam</strong></span> <span class='ocrx_word' id='word_1_191' title='bbox 1945 2897 2094 2961; x_wconf 91' lang='lat' dir='ltr'><strong>fidei</strong></span> <span class='ocrx_word' id='word_1_192' title='bbox 2129 2898 2560 2961; x_wconf 89' lang='lat' dir='ltr'><strong>constantiam</strong></span> <span class='ocrx_word' id='word_1_193' title='bbox 2595 2893 2680 2958; x_wconf 89' lang='lat' dir='ltr'><strong>ad</strong></span> 
     </span>
     <span class='ocr_line' id='line_1_23' title="bbox 200 3007 2680 3095; baseline 0 -24"><span class='ocrx_word' id='word_1_194' title='bbox 200 3010 387 3072; x_wconf 87' lang='lat' dir='ltr'><strong>vitam</strong></span> <span class='ocrx_word' id='word_1_195' title='bbox 434 3032 591 3074; x_wconf 84' lang='lat' dir='ltr'><strong>vere</strong></span> <span class='ocrx_word' id='word_1_196' title='bbox 648 3020 979 3092; x_wconf 89' lang='lat' dir='ltr'><strong>sanctam,</strong></span> <span class='ocrx_word' id='word_1_197' title='bbox 1041 3021 1108 3074; x_wconf 89' lang='lat' dir='ltr'><strong>et</strong></span> <span class='ocrx_word' id='word_1_198' title='bbox 1164 3009 1250 3075; x_wconf 87' lang='lat' dir='ltr'><strong>ad</strong></span> <span class='ocrx_word' id='word_1_199' title='bbox 1312 3010 1532 3074; x_wconf 87' lang='lat' dir='ltr'><strong>officia</strong></span> <span class='ocrx_word' id='word_1_200' title='bbox 1592 3008 1944 3075; x_wconf 88' lang='lat' dir='ltr'><strong>christiana</strong></span> <span class='ocrx_word' id='word_1_201' title='bbox 2003 3009 2410 3095; x_wconf 87' lang='lat' dir='ltr'><strong>professione</strong></span> <span class='ocrx_word' id='word_1_202' title='bbox 2481 3007 2680 3093; x_wconf 86' lang='lat' dir='ltr'><strong>digna</strong></span> 
     </span>
    </p>
   </div>
   <div class='ocr_carea' id='block_1_3' title="bbox 206 3176 605 3189">
    <p class='ocr_par' dir='ltr' id='par_1_3' title="bbox 206 3176 605 3189">
     <span class='ocr_line' id='line_1_24' title="bbox 206 3176 605 3189; baseline 0 2070"><span class='ocrx_word' id='word_1_203' title='bbox 206 3176 605 3189; x_wconf 95' lang='lat' dir='ltr'><strong> </strong></span> 
     </span>
    </p>
   </div>
   <div class='ocr_carea' id='block_1_4' title="bbox 202 3263 2680 4795">
    <p class='ocr_par' dir='ltr' id='par_1_4' title="bbox 202 3263 2680 4705">
     <span class='ocr_line' id='line_1_25' title="bbox 402 3263 2678 3331; baseline -0.001 -16"><span class='ocrx_word' id='word_1_204' title='bbox 402 3266 437 3329; x_wconf 88' lang='lat'><strong>¹)</strong></span> <span class='ocrx_word' id='word_1_205' title='bbox 475 3266 685 3327; x_wconf 83' lang='lat' dir='ltr'><strong>Quibus</strong></span> <span class='ocrx_word' id='word_1_206' title='bbox 724 3264 857 3315; x_wconf 84' lang='lat' dir='ltr'><strong>fides</strong></span> <span class='ocrx_word' id='word_1_207' title='bbox 892 3270 1072 3331; x_wconf 86' lang='lat' dir='ltr'><strong>potest</strong></span> <span class='ocrx_word' id='word_1_208' title='bbox 1106 3263 1422 3315; x_wconf 83' lang='lat' dir='ltr'><strong>confirmari.</strong></span> <span class='ocrx_word' id='word_1_209' title='bbox 1484 3263 1527 3329; x_wconf 85' lang='lat'><strong>²)</strong></span> <span class='ocrx_word' id='word_1_210' title='bbox 1564 3266 1820 3330; x_wconf 78' lang='lat' dir='ltr'><strong>Magnum</strong></span> <span class='ocrx_word' id='word_1_211' title='bbox 1875 3265 2014 3315; x_wconf 92' lang='lat' dir='ltr'><strong>enim</strong></span> <span class='ocrx_word' id='word_1_212' title='bbox 2068 3263 2384 3315; x_wconf 83' lang='lat' dir='ltr'><strong>beneficium</strong></span> <span class='ocrx_word' id='word_1_213' title='bbox 2438 3265 2542 3315; x_wconf 89' lang='lat' dir='ltr'><strong>Dei</strong></span> <span class='ocrx_word' id='word_1_214' title='bbox 2597 3270 2678 3315; x_wconf 87' lang='lat' dir='ltr'><strong>est</strong></span> 
     </span>
     <span class='ocr_line' id='line_1_26' title="bbox 202 3348 2672 3419; baseline 0.002 -21"><span class='ocrx_word' id='word_1_215' title='bbox 202 3348 347 3401; x_wconf 79' lang='lat' dir='ltr'><strong>fidem</strong></span> <span class='ocrx_word' id='word_1_216' title='bbox 382 3358 493 3401; x_wconf 90' lang='lat' dir='ltr'><strong>tam</strong></span> <span class='ocrx_word' id='word_1_217' title='bbox 523 3358 735 3418; x_wconf 88' lang='lat' dir='ltr'><strong>promte</strong></span> <span class='ocrx_word' id='word_1_218' title='bbox 772 3354 1087 3419; x_wconf 84' lang='lat' dir='ltr'><strong>suscepisse,</strong></span> <span class='ocrx_word' id='word_1_219' title='bbox 1126 3356 1179 3401; x_wconf 86' lang='lat' dir='ltr'><strong>et</strong></span> <span class='ocrx_word' id='word_1_220' title='bbox 1200 3353 1339 3402; x_wconf 86' lang='lat' dir='ltr'><strong>inter</strong></span> <span class='ocrx_word' id='word_1_221' title='bbox 1373 3356 1719 3417; x_wconf 83' lang='lat' dir='ltr'><strong>tempestates</strong></span> <span class='ocrx_word' id='word_1_222' title='bbox 1755 3352 2184 3418; x_wconf 83' lang='lat' dir='ltr'><strong>persecutionum</strong></span> <span class='ocrx_word' id='word_1_223' title='bbox 2209 3366 2453 3402; x_wconf 81' lang='lat' dir='ltr'><strong>servasse</strong></span> <span class='ocrx_word' id='word_1_224' title='bbox 2479 3352 2672 3402; x_wconf 79' lang='lat' dir='ltr'><strong>infrac-</strong></span> 
     </span>
     <span class='ocr_line' id='line_1_27' title="bbox 202 3437 2676 3505; baseline 0.001 -18"><span class='ocrx_word' id='word_1_225' title='bbox 202 3444 305 3487; x_wconf 81' lang='lat' dir='ltr'><strong>tam</strong></span> <span class='ocrx_word' id='word_1_226' title='bbox 338 3444 389 3488; x_wconf 87' lang='lat' dir='ltr'><strong>et</strong></span> <span class='ocrx_word' id='word_1_227' title='bbox 422 3438 775 3489; x_wconf 82' lang='lat' dir='ltr'><strong>immobilem:</strong></span> <span class='ocrx_word' id='word_1_228' title='bbox 830 3437 965 3489; x_wconf 84' lang='lat' dir='ltr'><strong>adeo</strong></span> <span class='ocrx_word' id='word_1_229' title='bbox 1004 3444 1063 3489; x_wconf 86' lang='lat' dir='ltr'><strong>ut</strong></span> <span class='ocrx_word' id='word_1_230' title='bbox 1095 3439 1459 3489; x_wconf 84' lang='lat' dir='ltr'><strong>conversionis</strong></span> <span class='ocrx_word' id='word_1_231' title='bbox 1506 3444 1559 3487; x_wconf 88' lang='lat' dir='ltr'><strong>ct</strong></span> <span class='ocrx_word' id='word_1_232' title='bbox 1600 3440 1811 3489; x_wconf 85' lang='lat' dir='ltr'><strong>virtutis</strong></span> <span class='ocrx_word' id='word_1_233' title='bbox 1858 3456 2040 3489; x_wconf 87' lang='lat' dir='ltr'><strong>eorum</strong></span> <span class='ocrx_word' id='word_1_234' title='bbox 2087 3438 2234 3489; x_wconf 82' lang='lat' dir='ltr'><strong>fama</strong></span> <span class='ocrx_word' id='word_1_235' title='bbox 2276 3440 2332 3489; x_wconf 87' lang='lat' dir='ltr'><strong>in</strong></span> <span class='ocrx_word' id='word_1_236' title='bbox 2379 3439 2676 3505; x_wconf 84' lang='lat' dir='ltr'><strong>exemplum</strong></span> 
     </span>
     <span class='ocr_line' id='line_1_28' title="bbox 202 3524 2677 3591; baseline 0.002 -18"><span class='ocrx_word' id='word_1_237' title='bbox 202 3526 391 3575; x_wconf 77' lang='lat' dir='ltr'><strong>serviat</strong></span> <span class='ocrx_word' id='word_1_238' title='bbox 416 3526 683 3589; x_wconf 86' lang='lat' dir='ltr'><strong>omnibus,</strong></span> <span class='ocrx_word' id='word_1_239' title='bbox 712 3527 803 3591; x_wconf 87' lang='lat' dir='ltr'><strong>qui</strong></span> <span class='ocrx_word' id='word_1_240' title='bbox 826 3528 884 3575; x_wconf 89' lang='lat' dir='ltr'><strong>in</strong></span> <span class='ocrx_word' id='word_1_241' title='bbox 906 3526 1227 3577; x_wconf 82' lang='lat' dir='ltr'><strong>Macedonia</strong></span> <span class='ocrx_word' id='word_1_242' title='bbox 1254 3531 1309 3577; x_wconf 90' lang='lat' dir='ltr'><strong>et</strong></span> <span class='ocrx_word' id='word_1_243' title='bbox 1331 3526 1551 3588; x_wconf 80' lang='lat' dir='ltr'><strong>Achaia,</strong></span> <span class='ocrx_word' id='word_1_244' title='bbox 1584 3527 1690 3575; x_wconf 90' lang='lat' dir='ltr'><strong>imo</strong></span> <span class='ocrx_word' id='word_1_245' title='bbox 1715 3532 1830 3577; x_wconf 88' lang='lat' dir='ltr'><strong>tota</strong></span> <span class='ocrx_word' id='word_1_246' title='bbox 1855 3526 2084 3577; x_wconf 82' lang='lat' dir='ltr'><strong>Graecia</strong></span> <span class='ocrx_word' id='word_1_247' title='bbox 2109 3524 2414 3577; x_wconf 84' lang='lat' dir='ltr'><strong>Christiani.</strong></span> <span class='ocrx_word' id='word_1_248' title='bbox 2452 3530 2496 3589; x_wconf 89' lang='lat'><strong>1,</strong></span> <span class='ocrx_word' id='word_1_249' title='bbox 2525 3528 2677 3577; x_wconf 84' lang='lat'><strong>3—8.</strong></span> 
     </span>
     <span class='ocr_line' id='line_1_29' title="bbox 204 3609 2680 3679; baseline 0.001 -18"><span class='ocrx_word' id='word_1_250' title='bbox 204 3609 243 3673; x_wconf 73' lang='lat'><strong>³)</strong></span> <span class='ocrx_word' id='word_1_251' title='bbox 278 3612 373 3673; x_wconf 80' lang='lat' dir='ltr'><strong>Qui</strong></span> <span class='ocrx_word' id='word_1_252' title='bbox 408 3612 649 3679; x_wconf 78' lang='lat' dir='ltr'><strong>adplicat</strong></span> <span class='ocrx_word' id='word_1_253' title='bbox 685 3612 843 3663; x_wconf 86' lang='lat' dir='ltr'><strong>nobis</strong></span> <span class='ocrx_word' id='word_1_254' title='bbox 878 3614 1123 3663; x_wconf 82' lang='lat' dir='ltr'><strong>meritum</strong></span> <span class='ocrx_word' id='word_1_255' title='bbox 1146 3628 1277 3663; x_wconf 87' lang='lat' dir='ltr'><strong>suae</strong></span> <span class='ocrx_word' id='word_1_256' title='bbox 1302 3613 1587 3678; x_wconf 83' lang='lat' dir='ltr'><strong>passionis.</strong></span> <span class='ocrx_word' id='word_1_257' title='bbox 1643 3614 1684 3678; x_wconf 87' lang='lat'><strong>⁴)</strong></span> <span class='ocrx_word' id='word_1_258' title='bbox 1723 3617 1769 3677; x_wconf 87' lang='lat'><strong>1,</strong></span> <span class='ocrx_word' id='word_1_259' title='bbox 1795 3615 1844 3663; x_wconf 87' lang='grc'><strong>9.</strong></span> <span class='ocrx_word' id='word_1_260' title='bbox 1873 3616 1956 3663; x_wconf 93' lang='grc'><strong>10.</strong></span> <span class='ocrx_word' id='word_1_261' title='bbox 2014 3614 2054 3679; x_wconf 80' lang='lat'><strong>⁵)</strong></span> <span class='ocrx_word' id='word_1_262' title='bbox 2083 3614 2142 3663; x_wconf 91' lang='lat' dir='ltr'><strong>C.</strong></span> <span class='ocrx_word' id='word_1_263' title='bbox 2167 3616 2218 3663; x_wconf 84' lang='lat'><strong>2.</strong></span> <span class='ocrx_word' id='word_1_264' title='bbox 2244 3616 2276 3663; x_wconf 88' lang='lat' dir='ltr'><strong>i.</strong></span> <span class='ocrx_word' id='word_1_265' title='bbox 2333 3614 2375 3679; x_wconf 68' lang='grc' dir='ltr'><strong>ὓ)</strong></span> <span class='ocrx_word' id='word_1_266' title='bbox 2403 3614 2478 3664; x_wconf 89' lang='lat' dir='ltr'><strong>Ut</strong></span> <span class='ocrx_word' id='word_1_267' title='bbox 2501 3615 2680 3665; x_wconf 89' lang='lat' dir='ltr'><strong>omnia</strong></span> 
     </span>
     <span class='ocr_line' id='line_1_30' title="bbox 204 3698 2676 3765; baseline 0.002 -20"><span class='ocrx_word' id='word_1_268' title='bbox 204 3699 273 3746; x_wconf 85' lang='lat' dir='ltr'><strong>rei</strong></span> <span class='ocrx_word' id='word_1_269' title='bbox 309 3698 499 3751; x_wconf 82' lang='lat' dir='ltr'><strong>Christi</strong></span> <span class='ocrx_word' id='word_1_270' title='bbox 536 3698 971 3750; x_wconf 81' lang='lat' dir='ltr'><strong>adversariorum</strong></span> <span class='ocrx_word' id='word_1_271' title='bbox 1006 3701 1301 3750; x_wconf 80' lang='lat' dir='ltr'><strong>tentamina</strong></span> <span class='ocrx_word' id='word_1_272' title='bbox 1338 3700 1551 3749; x_wconf 86' lang='lat' dir='ltr'><strong>omnino</strong></span> <span class='ocrx_word' id='word_1_273' title='bbox 1577 3705 1799 3762; x_wconf 78' lang='lat' dir='ltr'><strong>evertat,</strong></span> <span class='ocrx_word' id='word_1_274' title='bbox 1837 3706 2035 3762; x_wconf 87' lang='lat' dir='ltr'><strong>narrat,</strong></span> <span class='ocrx_word' id='word_1_275' title='bbox 2063 3714 2224 3765; x_wconf 87' lang='lat' dir='ltr'><strong>quam</strong></span> <span class='ocrx_word' id='word_1_276' title='bbox 2247 3702 2455 3751; x_wconf 86' lang='lat' dir='ltr'><strong>sincero</strong></span> <span class='ocrx_word' id='word_1_277' title='bbox 2481 3701 2676 3751; x_wconf 83' lang='lat' dir='ltr'><strong>affectu</strong></span> 
     </span>
     <span class='ocr_line' id='line_1_31' title="bbox 202 3784 2678 3852; baseline 0.003 -21"><span class='ocrx_word' id='word_1_278' title='bbox 202 3784 325 3848; x_wconf 84' lang='lat' dir='ltr'><strong>ipsis</strong></span> <span class='ocrx_word' id='word_1_279' title='bbox 358 3786 753 3851; x_wconf 80' lang='lat' dir='ltr'><strong>praedicaverit</strong></span> <span class='ocrx_word' id='word_1_280' title='bbox 786 3791 953 3852; x_wconf 87' lang='lat' dir='ltr'><strong>utque</strong></span> <span class='ocrx_word' id='word_1_281' title='bbox 994 3786 1144 3837; x_wconf 83' lang='lat' dir='ltr'><strong>nulla</strong></span> <span class='ocrx_word' id='word_1_282' title='bbox 1178 3788 1385 3838; x_wconf 86' lang='lat' dir='ltr'><strong>ratione</strong></span> <span class='ocrx_word' id='word_1_283' title='bbox 1420 3789 1487 3839; x_wconf 86' lang='lat' dir='ltr'><strong>iis</strong></span> <span class='ocrx_word' id='word_1_284' title='bbox 1522 3787 1780 3838; x_wconf 88' lang='lat' dir='ltr'><strong>molestus</strong></span> <span class='ocrx_word' id='word_1_285' title='bbox 1805 3793 1948 3838; x_wconf 88' lang='lat' dir='ltr'><strong>esset</strong></span> <span class='ocrx_word' id='word_1_286' title='bbox 1971 3787 2214 3837; x_wconf 87' lang='lat' dir='ltr'><strong>manibus</strong></span> <span class='ocrx_word' id='word_1_287' title='bbox 2241 3788 2350 3838; x_wconf 89' lang='lat' dir='ltr'><strong>suis</strong></span> <span class='ocrx_word' id='word_1_288' title='bbox 2375 3788 2678 3851; x_wconf 83' lang='lat' dir='ltr'><strong>laborasse3</strong></span> 
     </span>
     <span class='ocr_line' id='line_1_32' title="bbox 206 3870 2680 3940; baseline 0.001 -21"><span class='ocrx_word' id='word_1_289' title='bbox 206 3870 337 3921; x_wconf 82' lang='lat' dir='ltr'><strong>unde</strong></span> <span class='ocrx_word' id='word_1_290' title='bbox 370 3888 597 3938; x_wconf 89' lang='lat' dir='ltr'><strong>pronum</strong></span> <span class='ocrx_word' id='word_1_291' title='bbox 634 3878 719 3924; x_wconf 85' lang='lat' dir='ltr'><strong>est</strong></span> <span class='ocrx_word' id='word_1_292' title='bbox 754 3873 1022 3939; x_wconf 82' lang='lat' dir='ltr'><strong>colligere,</strong></span> <span class='ocrx_word' id='word_1_293' title='bbox 1072 3873 1215 3940; x_wconf 85' lang='lat' dir='ltr'><strong>quod</strong></span> <span class='ocrx_word' id='word_1_294' title='bbox 1253 3874 1457 3925; x_wconf 86' lang='lat' dir='ltr'><strong>nullum</strong></span> <span class='ocrx_word' id='word_1_295' title='bbox 1494 3874 1700 3925; x_wconf 88' lang='lat' dir='ltr'><strong>lucrum</strong></span> <span class='ocrx_word' id='word_1_296' title='bbox 1737 3873 2028 3939; x_wconf 82' lang='lat' dir='ltr'><strong>temporale</strong></span> <span class='ocrx_word' id='word_1_297' title='bbox 2066 3876 2366 3939; x_wconf 85' lang='lat' dir='ltr'><strong>quaesierit.</strong></span> <span class='ocrx_word' id='word_1_298' title='bbox 2427 3873 2680 3939; x_wconf 83' lang='lat' dir='ltr'><strong>Appellat</strong></span> 
     </span>
     <span class='ocr_line' id='line_1_33' title="bbox 204 3960 2676 4027; baseline 0.002 -23"><span class='ocrx_word' id='word_1_299' title='bbox 204 3961 567 4011; x_wconf 83' lang='lat' dir='ltr'><strong>conscientiam</strong></span> <span class='ocrx_word' id='word_1_300' title='bbox 606 3976 806 4022; x_wconf 88' lang='lat' dir='ltr'><strong>eorum,</strong></span> <span class='ocrx_word' id='word_1_301' title='bbox 844 3960 1075 4027; x_wconf 81' lang='lat' dir='ltr'><strong>qualiter</strong></span> <span class='ocrx_word' id='word_1_302' title='bbox 1110 3962 1361 4013; x_wconf 86' lang='lat' dir='ltr'><strong>interiore</strong></span> <span class='ocrx_word' id='word_1_303' title='bbox 1394 3966 1570 4012; x_wconf 89' lang='lat' dir='ltr'><strong>mente</strong></span> <span class='ocrx_word' id='word_1_304' title='bbox 1600 3978 1700 4027; x_wconf 91' lang='lat' dir='ltr'><strong>per</strong></span> <span class='ocrx_word' id='word_1_305' title='bbox 1723 3961 1970 4011; x_wconf 84' lang='lat' dir='ltr'><strong>affectum</strong></span> <span class='ocrx_word' id='word_1_306' title='bbox 2005 3962 2298 4011; x_wconf 85' lang='lat' dir='ltr'><strong>voluntatis</strong></span> <span class='ocrx_word' id='word_1_307' title='bbox 2323 3966 2378 4011; x_wconf 86' lang='lat' dir='ltr'><strong>et</strong></span> <span class='ocrx_word' id='word_1_308' title='bbox 2400 3976 2676 4011; x_wconf 84' lang='lat' dir='ltr'><strong>assensum</strong></span> 
     </span>
     <span class='ocr_line' id='line_1_34' title="bbox 203 4044 2678 4114; baseline 0.002 -23"><span class='ocrx_word' id='word_1_309' title='bbox 203 4044 491 4099; x_wconf 84' lang='lat' dir='ltr'><strong>intellectus</strong></span> <span class='ocrx_word' id='word_1_310' title='bbox 527 4047 769 4097; x_wconf 83' lang='lat' dir='ltr'><strong>Verbum</strong></span> <span class='ocrx_word' id='word_1_311' title='bbox 806 4045 929 4098; x_wconf 84' lang='lat' dir='ltr'><strong>fidei</strong></span> <span class='ocrx_word' id='word_1_312' title='bbox 966 4049 1317 4114; x_wconf 86' lang='lat' dir='ltr'><strong>susceperint.</strong></span> <span class='ocrx_word' id='word_1_313' title='bbox 1378 4048 1534 4111; x_wconf 82' lang='lat' dir='ltr'><strong>Quod</strong></span> <span class='ocrx_word' id='word_1_314' title='bbox 1572 4048 1806 4099; x_wconf 88' lang='lat' dir='ltr'><strong>Verbum</strong></span> <span class='ocrx_word' id='word_1_315' title='bbox 1841 4049 1946 4097; x_wconf 90' lang='lat' dir='ltr'><strong>Dei</strong></span> <span class='ocrx_word' id='word_1_316' title='bbox 1984 4053 2236 4114; x_wconf 84' lang='lat' dir='ltr'><strong>operatur</strong></span> <span class='ocrx_word' id='word_1_317' title='bbox 2269 4048 2324 4097; x_wconf 91' lang='lat' dir='ltr'><strong>in</strong></span> <span class='ocrx_word' id='word_1_318' title='bbox 2361 4049 2516 4113; x_wconf 87' lang='lat' dir='ltr'><strong>ipsis,</strong></span> <span class='ocrx_word' id='word_1_319' title='bbox 2555 4047 2678 4097; x_wconf 90' lang='lat' dir='ltr'><strong>inde</strong></span> 
     </span>
     <span class='ocr_line' id='line_1_35' title="bbox 204 4132 2680 4200; baseline 0.001 -19"><span class='ocrx_word' id='word_1_320' title='bbox 204 4136 389 4195; x_wconf 82' lang='lat' dir='ltr'><strong>patere,</strong></span> <span class='ocrx_word' id='word_1_321' title='bbox 427 4134 555 4199; x_wconf 86' lang='lat' dir='ltr'><strong>quia</strong></span> <span class='ocrx_word' id='word_1_322' title='bbox 590 4132 791 4185; x_wconf 86' lang='lat' dir='ltr'><strong>similes</strong></span> <span class='ocrx_word' id='word_1_323' title='bbox 816 4134 947 4184; x_wconf 82' lang='lat' dir='ltr'><strong>facti</strong></span> <span class='ocrx_word' id='word_1_324' title='bbox 972 4134 1311 4185; x_wconf 81' lang='lat' dir='ltr'><strong>Palaestinis.</strong></span> <span class='ocrx_word' id='word_1_325' title='bbox 1364 4135 1429 4185; x_wconf 88' lang='lat' dir='ltr'><strong>In</strong></span> <span class='ocrx_word' id='word_1_326' title='bbox 1452 4135 1607 4185; x_wconf 89' lang='lat' dir='ltr'><strong>bonis</strong></span> <span class='ocrx_word' id='word_1_327' title='bbox 1646 4136 1883 4200; x_wconf 88' lang='lat' dir='ltr'><strong>corporis</strong></span> <span class='ocrx_word' id='word_1_328' title='bbox 1921 4138 1974 4185; x_wconf 89' lang='lat' dir='ltr'><strong>et</strong></span> <span class='ocrx_word' id='word_1_329' title='bbox 2009 4135 2252 4185; x_wconf 79' lang='lat' dir='ltr'><strong>fortunae</strong></span> <span class='ocrx_word' id='word_1_330' title='bbox 2285 4135 2508 4183; x_wconf 88' lang='lat' dir='ltr'><strong>iniurias</strong></span> <span class='ocrx_word' id='word_1_331' title='bbox 2533 4136 2680 4199; x_wconf 84' lang='lat' dir='ltr'><strong>passi</strong></span> 
     </span>
     <span class='ocr_line' id='line_1_36' title="bbox 206 4220 2676 4288; baseline 0.002 -23"><span class='ocrx_word' id='word_1_332' title='bbox 206 4224 321 4267; x_wconf 82' lang='lat' dir='ltr'><strong>sunt</strong></span> <span class='ocrx_word' id='word_1_333' title='bbox 352 4234 385 4269; x_wconf 87' lang='lat' dir='ltr'><strong>a</strong></span> <span class='ocrx_word' id='word_1_334' title='bbox 418 4220 813 4271; x_wconf 81' lang='lat' dir='ltr'><strong>contribulibus</strong></span> <span class='ocrx_word' id='word_1_335' title='bbox 848 4222 987 4284; x_wconf 90' lang='lat' dir='ltr'><strong>suis,</strong></span> <span class='ocrx_word' id='word_1_336' title='bbox 1037 4223 1125 4287; x_wconf 89' lang='lat' dir='ltr'><strong>qui</strong></span> <span class='ocrx_word' id='word_1_337' title='bbox 1166 4222 1399 4271; x_wconf 86' lang='lat' dir='ltr'><strong>omnium</strong></span> <span class='ocrx_word' id='word_1_338' title='bbox 1448 4222 1720 4273; x_wconf 87' lang='lat' dir='ltr'><strong>hominum</strong></span> <span class='ocrx_word' id='word_1_339' title='bbox 1755 4222 1940 4288; x_wconf 76' lang='lat' dir='ltr'><strong>generi</strong></span> <span class='ocrx_word' id='word_1_340' title='bbox 1985 4222 2170 4283; x_wconf 86' lang='lat' dir='ltr'><strong>invisi,</strong></span> <span class='ocrx_word' id='word_1_341' title='bbox 2219 4220 2442 4271; x_wconf 85' lang='lat' dir='ltr'><strong>salutem</strong></span> <span class='ocrx_word' id='word_1_342' title='bbox 2493 4236 2676 4269; x_wconf 88' lang='lat' dir='ltr'><strong>eorum</strong></span> 
     </span>
     <span class='ocr_line' id='line_1_37' title="bbox 206 4305 2677 4374; baseline 0.002 -21"><span class='ocrx_word' id='word_1_343' title='bbox 206 4305 499 4369; x_wconf 84' lang='lat' dir='ltr'><strong>impediunt.</strong></span> <span class='ocrx_word' id='word_1_344' title='bbox 564 4306 605 4372; x_wconf 86' lang='lat'><strong>⁷)</strong></span> <span class='ocrx_word' id='word_1_345' title='bbox 645 4306 705 4357; x_wconf 82' lang='lat' dir='ltr'><strong>O.</strong></span> <span class='ocrx_word' id='word_1_346' title='bbox 742 4310 793 4357; x_wconf 79' lang='lat'><strong>3.</strong></span> <span class='ocrx_word' id='word_1_347' title='bbox 832 4306 874 4371; x_wconf 71' lang='grc' dir='ltr'><strong>Β)</strong></span> <span class='ocrx_word' id='word_1_348' title='bbox 902 4308 983 4357; x_wconf 82' lang='lat' dir='ltr'><strong>Ne</strong></span> <span class='ocrx_word' id='word_1_349' title='bbox 1017 4306 1104 4357; x_wconf 86' lang='lat' dir='ltr'><strong>vel</strong></span> <span class='ocrx_word' id='word_1_350' title='bbox 1142 4324 1279 4359; x_wconf 82' lang='lat' dir='ltr'><strong>unus</strong></span> <span class='ocrx_word' id='word_1_351' title='bbox 1318 4308 1533 4374; x_wconf 89' lang='lat' dir='ltr'><strong>quidem</strong></span> <span class='ocrx_word' id='word_1_352' title='bbox 1566 4310 1625 4358; x_wconf 88' lang='lat' dir='ltr'><strong>in</strong></span> <span class='ocrx_word' id='word_1_353' title='bbox 1661 4308 1766 4358; x_wconf 88' lang='lat' dir='ltr'><strong>fide</strong></span> <span class='ocrx_word' id='word_1_354' title='bbox 1803 4308 2062 4357; x_wconf 86' lang='lat' dir='ltr'><strong>fluctuare</strong></span> <span class='ocrx_word' id='word_1_355' title='bbox 2097 4308 2336 4372; x_wconf 83' lang='lat' dir='ltr'><strong>incipiat,</strong></span> <span class='ocrx_word' id='word_1_356' title='bbox 2375 4308 2530 4356; x_wconf 89' lang='lat' dir='ltr'><strong>etita</strong></span> <span class='ocrx_word' id='word_1_357' title='bbox 2553 4320 2677 4357; x_wconf 84' lang='lat' dir='ltr'><strong>eva-</strong></span> 
     </span>
     <span class='ocr_line' id='line_1_38' title="bbox 206 4392 2678 4460; baseline 0.002 -22"><span class='ocrx_word' id='word_1_358' title='bbox 206 4396 379 4443; x_wconf 82' lang='lat' dir='ltr'><strong>cuetur</strong></span> <span class='ocrx_word' id='word_1_359' title='bbox 410 4392 567 4444; x_wconf 88' lang='lat' dir='ltr'><strong>labor</strong></span> <span class='ocrx_word' id='word_1_360' title='bbox 591 4392 836 4459; x_wconf 83' lang='lat' dir='ltr'><strong>Apostoli</strong></span> <span class='ocrx_word' id='word_1_361' title='bbox 872 4394 1049 4445; x_wconf 54' lang='lat' dir='ltr'><strong>structu</strong></span> <span class='ocrx_word' id='word_1_362' title='bbox 1084 4394 1177 4443; x_wconf 89' lang='lat' dir='ltr'><strong>illo</strong></span> <span class='ocrx_word' id='word_1_363' title='bbox 1208 4395 1389 4457; x_wconf 86' lang='lat' dir='ltr'><strong>ubere,</strong></span> <span class='ocrx_word' id='word_1_364' title='bbox 1428 4410 1583 4460; x_wconf 87' lang='lat' dir='ltr'><strong>quem</strong></span> <span class='ocrx_word' id='word_1_365' title='bbox 1619 4396 1678 4445; x_wconf 88' lang='lat' dir='ltr'><strong>in</strong></span> <span class='ocrx_word' id='word_1_366' title='bbox 1703 4401 1860 4445; x_wconf 88' lang='lat' dir='ltr'><strong>coetu</strong></span> <span class='ocrx_word' id='word_1_367' title='bbox 1883 4394 2348 4444; x_wconf 84' lang='lat' dir='ltr'><strong>Thessalonicensi</strong></span> <span class='ocrx_word' id='word_1_368' title='bbox 2380 4398 2678 4459; x_wconf 84' lang='lat' dir='ltr'><strong>pepererat.</strong></span> 
     </span>
     <span class='ocr_line' id='line_1_39' title="bbox 206 4476 2676 4548; baseline 0.002 -19"><span class='ocrx_word' id='word_1_369' title='bbox 206 4476 245 4539; x_wconf 77' lang='lat'><strong>¹)</strong></span> <span class='ocrx_word' id='word_1_370' title='bbox 282 4478 395 4542; x_wconf 81' lang='lat' dir='ltr'><strong>Vos,</strong></span> <span class='ocrx_word' id='word_1_371' title='bbox 430 4480 623 4546; x_wconf 86' lang='lat' dir='ltr'><strong>inquit,</strong></span> <span class='ocrx_word' id='word_1_372' title='bbox 658 4480 809 4530; x_wconf 89' lang='lat' dir='ltr'><strong>Deus</strong></span> <span class='ocrx_word' id='word_1_373' title='bbox 842 4480 1158 4547; x_wconf 85' lang='lat' dir='ltr'><strong>multiplicet</strong></span> <span class='ocrx_word' id='word_1_374' title='bbox 1192 4483 1431 4543; x_wconf 85' lang='lat' dir='ltr'><strong>caritate,</strong></span> <span class='ocrx_word' id='word_1_375' title='bbox 1470 4480 1816 4533; x_wconf 81' lang='lat' dir='ltr'><strong>diffundendo</strong></span> <span class='ocrx_word' id='word_1_376' title='bbox 1843 4496 1960 4532; x_wconf 89' lang='lat' dir='ltr'><strong>eam</strong></span> <span class='ocrx_word' id='word_1_377' title='bbox 1997 4497 2094 4547; x_wconf 88' lang='lat' dir='ltr'><strong>per</strong></span> <span class='ocrx_word' id='word_1_378' title='bbox 2115 4480 2286 4531; x_wconf 86' lang='lat' dir='ltr'><strong>multa</strong></span> <span class='ocrx_word' id='word_1_379' title='bbox 2309 4482 2456 4533; x_wconf 89' lang='lat' dir='ltr'><strong>bona</strong></span> <span class='ocrx_word' id='word_1_380' title='bbox 2485 4498 2676 4548; x_wconf 82' lang='lat' dir='ltr'><strong>opera3</strong></span> 
     </span>
     <span class='ocr_line' id='line_1_40' title="bbox 206 4568 2677 4635; baseline 0.003 -23"><span class='ocrx_word' id='word_1_381' title='bbox 206 4570 257 4611; x_wconf 80' lang='lat' dir='ltr'><strong>et</strong></span> <span class='ocrx_word' id='word_1_382' title='bbox 298 4571 353 4615; x_wconf 84' lang='lat' dir='ltr'><strong>ut</strong></span> <span class='ocrx_word' id='word_1_383' title='bbox 392 4568 449 4617; x_wconf 87' lang='lat' dir='ltr'><strong>in</strong></span> <span class='ocrx_word' id='word_1_384' title='bbox 491 4581 745 4632; x_wconf 70' lang='lat' dir='ltr'><strong>magnam</strong></span> <span class='ocrx_word' id='word_1_385' title='bbox 793 4574 1001 4618; x_wconf 84' lang='lat' dir='ltr'><strong>crescat</strong></span> <span class='ocrx_word' id='word_1_386' title='bbox 1054 4568 1419 4631; x_wconf 86' lang='lat' dir='ltr'><strong>sanctitatem,</strong></span> <span class='ocrx_word' id='word_1_387' title='bbox 1466 4583 1607 4634; x_wconf 86' lang='lat' dir='ltr'><strong>quae</strong></span> <span class='ocrx_word' id='word_1_388' title='bbox 1655 4569 1712 4619; x_wconf 87' lang='lat' dir='ltr'><strong>in</strong></span> <span class='ocrx_word' id='word_1_389' title='bbox 1761 4570 1916 4620; x_wconf 79' lang='lat' dir='ltr'><strong>vobis</strong></span> <span class='ocrx_word' id='word_1_390' title='bbox 1965 4569 2286 4635; x_wconf 83' lang='lat' dir='ltr'><strong>reperiatur3</strong></span> <span class='ocrx_word' id='word_1_391' title='bbox 2343 4570 2502 4619; x_wconf 87' lang='lat' dir='ltr'><strong>etiam</strong></span> <span class='ocrx_word' id='word_1_392' title='bbox 2559 4586 2677 4619; x_wconf 88' lang='lat' dir='ltr'><strong>cum</strong></span> 
     </span>
     <span class='ocr_line' id='line_1_41' title="bbox 207 4648 1179 4705; baseline 0.006 -6"><span class='ocrx_word' id='word_1_393' title='bbox 207 4648 429 4703; x_wconf 81' lang='lat' dir='ltr'><strong>Christus</strong></span> <span class='ocrx_word' id='word_1_394' title='bbox 466 4653 537 4705; x_wconf 85' lang='lat' dir='ltr'><strong>ad</strong></span> <span class='ocrx_word' id='word_1_395' title='bbox 574 4652 921 4705; x_wconf 86' lang='lat' dir='ltr'><strong>iudicandum</strong></span> <span class='ocrx_word' id='word_1_396' title='bbox 956 4656 1179 4705; x_wconf 85' lang='lat' dir='ltr'><strong>venerit.</strong></span> 
     </span>
    </p>

    <p class='ocr_par' dir='ltr' id='par_1_5' title="bbox 302 4744 2368 4795">
     <span class='ocr_line' id='line_1_42' title="bbox 302 4744 2368 4795; baseline 0.003 -11"><span class='ocrx_word' id='word_1_397' title='bbox 302 4744 495 4795; x_wconf 74' lang='lat' dir='ltr'><strong>Dsnko,</strong></span> <span class='ocrx_word' id='word_1_398' title='bbox 526 4747 645 4788; x_wconf 75' lang='lat' dir='ltr'><strong>nist.</strong></span> <span class='ocrx_word' id='word_1_399' title='bbox 672 4746 967 4789; x_wconf 60' lang='lat' dir='ltr'><strong>&amp;velationis</strong></span> <span class='ocrx_word' id='word_1_400' title='bbox 988 4746 1180 4789; x_wconf 75' lang='lat' dir='ltr'><strong>(livinae.</strong></span> <span class='ocrx_word' id='word_1_401' title='bbox 1210 4748 1268 4790; x_wconf 89' lang='lat'><strong>11.</strong></span> <span class='ocrx_word' id='word_1_402' title='bbox 2301 4744 2368 4791; x_wconf 81' lang='lat'><strong>24</strong></span> 
     </span>
    </p>
   </div>
  </div>
 </body>
</html>
