3267 5259
547 380 679 447 490
1288 396 1401 439 Hist.
1434 398 1539 439 Rev.
1568 397 1663 439 div.
1693 397 1860 439 Period.
1888 397 1944 439 11.
1964 409 2056 449 cap.
2089 398 2284 449 primum.

548 569 971 635 moderamen
1004 580 1069 635 et
1098 574 1575 657 repressionem
1610 572 2038 660 cupiditatum
2067 576 2103 637 ¹.
2137 572 2356 637 Exitio
2383 572 2668 659 denique
2695 572 3027 656 divitibus,

548 684 659 769 qui
702 705 1027 769 pauperes
1070 695 1335 769 vexant,
1400 685 1792 751 denunciato
1816 688 1860 769 ²,
1919 708 2244 773 pauperes
2287 685 2624 772 hucusque
2673 708 3028 772 oppressos

548 794 771 861 auxilii
830 797 1123 861 instantis
1182 820 1299 884 spe
1356 801 1690 885 proposita
1745 799 1830 865 ad
1885 800 2264 887 patientiam
2317 798 2696 865 cohortatur
2715 802 2760 865 ³.
2821 798 3030 865 Addit

545 912 817 973 vetitum
864 908 945 974 de
992 911 1287 977 cavendo
1334 914 1700 977 iuramento
1719 916 1764 977 ⁴.
1813 912 2250 977 Commendat
2291 914 2356 977 in
2401 912 2598 977 rebus
2629 912 3026 978 tristioribus

550 1024 907 1087 orationem
971 1022 1055 1087 ad
1115 1023 1591 1110 implorandam
1662 1025 1946 1089 divinam
2014 1048 2226 1111 opem,
2289 1025 2396 1089 vel
2455 1027 2510 1090 si
2566 1027 2829 1091 tristitia
2893 1027 3022 1089 iam

548 1135 743 1200 fuerit
774 1136 1066 1221 expulsa,
1100 1136 1528 1223 psalmodiam
1560 1138 1644 1201 ad
1677 1137 2169 1203 exhilarandum
2201 1140 2307 1224 pie
2341 1140 2626 1203 animum
2639 1142 2682 1201 ⁵.
2727 1136 3024 1223 Cumque

546 1248 609 1313 S.
642 1246 935 1313 Jacobus
982 1248 1272 1335 plurimis
1318 1250 1529 1315 modis
1576 1250 1699 1315 hac
1745 1251 2019 1337 epistola
2053 1250 2424 1317 consoletur
2461 1250 2742 1349 afflictos
2787 1272 3022 1337 oppor-

545 1370 699 1425 tune
762 1361 1121 1447 subiungit:
1188 1362 1343 1449 quid
1402 1366 1471 1427 in
1528 1364 1930 1448 infirmitate,
1994 1386 2188 1451 quam
2251 1364 2623 1450 dupplicem
2685 1362 3026 1448 distinguit

548 1476 837 1559 corporis
888 1484 955 1539 et
998 1476 1275 1559 animae,
1320 1477 1403 1541 sit
1448 1476 1796 1561 agendum.
1843 1478 1922 1541 In
1966 1478 2334 1541 infirmitate
2381 1475 2774 1563 periculosa,
2821 1474 3021 1540 advo-

546 1594 697 1651 cent
739 1586 1183 1673 presbyteros,
1232 1592 1339 1675 qui
1386 1594 1674 1675 ungant⁶
1717 1594 1894 1677 ipsos
1927 1602 1992 1655 et
2038 1601 2254 1674 orent3
2304 1602 2489 1654 extra
2519 1589 2694 1653 illam
2735 1591 2934 1653 etiam
2967 1590 3018 1652 si

547 1740 583 1747 *-
613 1740 652 1745 ...
679 1740 773 1745 ---

546 1808 721 1873 arguit
758 1808 909 1872 quasi
948 1806 1236 1871 adulteros,
1276 1810 1365 1874 qui
1403 1808 1506 1858 Dei
1543 1814 1796 1875 tanquam
1834 1811 1943 1860 veri
1981 1824 2046 1860 ac
2083 1810 2299 1875 legitimi
2335 1812 2521 1875 sponsi
2565 1808 2670 1859 fide
2719 1808 2932 1859 deserta
2967 1825 3027 1859 se

544 1894 612 1944 ad
650 1894 831 1945 mundi
866 1895 1233 1945 transtulerint
1269 1896 1569 1959 amicitiam,
1606 1897 1829 1962 proinde
1866 1899 2106 1947 inimicos
2133 1898 2234 1947 Dei
2271 1896 2508 1963 profiteri
2541 1912 2616 1959 se,
2655 1898 2836 1947 sinon
2859 1896 3028 1945 verbo

546 1981 733 2031 saltem
770 1997 826 2030 re
864 1997 970 2031 non
1009 1981 1382 2032 dubitaverint.
1440 1982 1495 2031 Si
1532 1984 1714 2048 itaque
1761 1984 2048 2034 maioribus
2095 1984 2296 2049 gratiae
2345 1984 2516 2046 bonis,
2564 1998 2727 2048 quam
2773 1984 2884 2033 sint
2918 1982 3029 2032 alia

546 2070 726 2119 omnia
761 2084 903 2117 mere
940 2069 1207 2119 naturalia
1243 2068 1385 2119 affici
1421 2084 1453 2119 a
1487 2071 1605 2120 Deo
1645 2070 1883 2133 velimus,
1923 2070 2186 2121 humiliter
2221 2070 2511 2120 subdamur
2545 2070 2810 2131 Domino;
2859 2074 3028 2135 atque

544 2158 743 2207 reiecta
778 2156 960 2205 mundi
996 2158 1247 2217 amicitia,
1284 2156 1385 2205 Dei
1426 2158 1712 2207 amicitiam
1747 2156 2010 2219 faciendo,
2049 2171 2186 2223 quae
2223 2158 2499 2223 praecipit,
2536 2172 2876 2222 quaeramus.

754 2244 789 2309 ¹)
828 2242 1105 2293 Invehitur
1140 2245 1195 2293 in
1232 2243 1469 2294 homines
1508 2245 1599 2309 qui
1635 2244 1756 2293 aliis
1794 2243 2104 2307 detrahunt,
2143 2244 2228 2293 vel
2265 2243 2498 2294 officium
2545 2242 2870 2308 legislatoris
2909 2243 3028 2293 sive

539 2330 733 2381 iudicis
771 2330 1076 2397 usurpando
1116 2330 1496 2393 condemnant3
1534 2332 1785 2396 quoniam
1823 2330 1926 2381 hoc
1949 2332 2204 2381 facientes
2241 2332 2517 2381 caritatem
2552 2330 2790 2391 laedunt,
2829 2328 3028 2394 legem-

542 2434 645 2485 que
696 2432 833 2484 quae
880 2422 1087 2467 tantum
1140 2416 1337 2467 malum
1391 2422 1554 2478 vetat,
1605 2418 1946 2469 dilectionem
1997 2435 2124 2469 vero
2177 2420 2399 2484 proximi
2449 2418 2726 2483 praecipit,
2777 2417 3028 2481 migrant.

538 2504 782 2555 Eandem
818 2506 1177 2571 arrogantiam
1214 2518 1341 2569 prae
1378 2520 1435 2555 se
1472 2505 1676 2567 ferunt,
1716 2507 1804 2570 qui
1842 2504 2074 2555 divinam
2109 2521 2216 2555 non
2255 2504 2590 2555 attendentes
2627 2502 3028 2570 providentiam

542 2592 607 2643 de
644 2592 835 2643 futuris
872 2593 941 2642 ad
978 2592 1213 2657 singulas
1254 2594 1502 2657 temporis
1538 2591 1892 2655 differentias,
1939 2593 2015 2643 ita
2057 2592 2350 2658 loquuntur
2388 2596 2442 2641 et
2475 2596 2718 2641 statuunt
2763 2596 3026 2656 tanquam

542 2682 631 2746 qui
668 2680 763 2729 illa
796 2682 854 2729 in
890 2694 990 2729 aua
1024 2680 1262 2729 habeant
1296 2684 1575 2745 potestate,
1615 2685 1778 2745 atque
1815 2680 1996 2729 vivere
2034 2682 2290 2744 quantum
2326 2680 2457 2728 libet
2491 2679 2724 2728 valeant.
2754 2679 2807 2740 4,
2837 2680 3028 2727 1-17.

543 2768 584 2831 ²)
612 2770 660 2830 5,
690 2768 839 2817 1-6.
890 2766 932 2831 ³)
958 2768 1007 2829 5,
1036 2768 1219 2841 7—13.
1276 2766 1317 2830 ⁴)
1346 2768 1393 2827 ὃ,
1424 2768 1505 2815 12.
1555 2767 1596 2829 ⁵)
1623 2768 1674 2827 5,
1703 2768 1784 2815 13.
1833 2766 1877 2829 ⁶)
1903 2766 2150 2815 Ecclesia
2177 2764 2458 2815 Catholica
2481 2764 2728 2815 fidelibus
2755 2780 3026 2815 commen-

543 2852 725 2903 datum
763 2869 825 2904 ac
862 2853 1251 2919 promulgatum
1289 2851 1445 2902 docet
1490 2867 1521 2901 a
1560 2853 1612 2902 S.
1650 2852 1859 2903 Jacobo
1907 2856 1956 2915 ὅ,
1997 2856 2076 2903 14.
2115 2853 2516 2903 Sacramentum
2561 2856 2832 2903 extremae
2879 2852 3026 2902 Unc-

542 2940 721 2990 tionis.
763 2940 923 2989 Cone.
962 2940 1105 2990 Trid.
1143 2954 1273 2991 sess.
1310 2940 1451 2989 XIV.
1490 2955 1536 2991 c.
1563 2942 1597 2989 i.
1636 2940 1961 3006 Interpretes
1999 2940 2310 2990 Acatholici.
2345 2968 2410 2976 --
2445 2940 2510 2989 Ε.
2536 2956 2586 3005 g.
2613 2938 2813 3001 Morus,
2851 2939 3024 3004 prael.

544 3028 598 3076 in
626 3026 744 3076 Jac.
784 3032 837 3075 et
872 3028 1015 3076 Petri
1042 3043 1124 3092 ep.
1150 3027 1296 3091 Lips.
1328 3028 1477 3077 1794.
1510 3044 1561 3092 p.
1589 3028 1672 3077 88.
1701 3043 1741 3077 s.
1789 3028 1856 3077 D.
1883 3027 1935 3077 J.
1961 3027 2099 3089 Pott,
2126 3042 2209 3091 ep.
2237 3026 2376 3077 cath.
2402 3043 2478 3091 gr.
2503 3042 2650 3092 perp.
2675 3040 2802 3075 ann.
2830 3025 3022 3075 illustr.

543 3114 623 3163 ed.
660 3112 759 3166 111.
795 3113 937 3163 Gott.
975 3114 1125 3163 1816.
1160 3113 1202 3176 1,
1232 3115 1349 3164 287.
1384 3130 1426 3163 s.
1475 3114 1524 3162 J.
1554 3112 1880 3175 Schulthess,
1915 3130 1996 3178 ep.
2021 3114 2213 3163 Jacobi
2253 3130 2438 3163 comm.
2463 3113 2676 3178 explan.
2713 3112 2842 3161 Tur.
2873 3114 3025 3163 1824.

542 3218 593 3267 p.
622 3203 738 3250 176.
789 3200 851 3251 G.
890 3200 949 3251 C.
988 3200 1189 3261 'l'heile‚
1226 3216 1411 3251 comm.
1446 3202 1502 3249 in
1528 3216 1611 3265 ep.
1635 3199 1830 3250 Jacobi
1869 3200 2009 3266 Lips.
2042 3202 2188 3250 1833.
2225 3217 2278 3266 p.
2305 3204 2423 3251 274.
2449 3216 2490 3250 s·
2538 3201 2589 3249 J.
2615 3200 2677 3249 T.
2704 3200 2766 3249 A.
2795 3200 3024 3249 W'iesin-

542 3304 651 3354 ger,
690 3287 783 3337 der
818 3288 969 3337 Brief
1001 3288 1093 3338 des
1130 3286 1371 3337 Jacobus
1408 3286 1625 3337 erklitrt.
1673 3288 1928 3351 Konigsb.
1959 3288 2108 3337 1854.
2147 3304 2197 3353 p.
2237 3290 2354 3337 203.
2402 3287 2454 3336 J.
2478 3287 2542 3335 E.
2571 3285 2797 3349 Huther,
2823 3287 2916 3335 Kr.
2945 3302 3024 3335 ex.

542 3374 756 3425 Handb.
794 3380 843 3425 11.
879 3374 928 3424 d.
964 3375 1113 3425 Brief
1146 3375 1239 3425 des
1284 3374 1523 3425 Jacobus
1562 3374 1704 3424 Gott.
1743 3376 1893 3424 1858.
1933 3390 1983 3439 p.
2023 3374 2138 3423 196.
2173 3390 2214 3424 s.
2242 3403 2307 3412 —-
2344 3372 2672 3425 contendunt
2717 3374 3027 3423 unctionem

540 3462 679 3512 hanc
728 3478 835 3511 non
880 3478 997 3512 esse
1052 3461 1490 3513 sacramentalem
1536 3462 1631 3511 sed
1677 3460 1961 3525 medicam3
2025 3476 2126 3511 nec
2181 3461 2342 3510 aliam
2385 3461 2454 3510 ab
2501 3474 2568 3509 ea
2615 3474 2727 3525 qua
2771 3460 3022 3526 Apostoli

544 3549 751 3600 Christo
790 3548 965 3599 adhuc
1000 3550 1055 3598 in
1094 3550 1227 3597 vivis
1263 3552 1453 3614 agente
1489 3546 1725 3598 infirmos
1763 3547 2040 3598 curabant.
2087 3546 2223 3597 Coll.
2249 3548 2412 3597 Marc.
2441 3549 2490 3609 6,
2521 3549 2600 3597 13.
2649 3550 2760 3597 Aut
2783 3548 3024 3597 referunt

542 3637 613 3687 ad
666 3632 887 3705 χάρισμα
938 3636 1161 3687 sanandi
1218 3636 1259 3685 Ι.
1308 3635 1429 3685 Cor.
1474 3638 1563 3698 12,
1607 3638 1673 3698 9.,
1725 3636 1883 3685 certis
1931 3634 2247 3701 quibusdam
2295 3635 2574 3697 tributum3
2623 3648 2762 3699 quae
2809 3633 3028 3699 quidem

540 3726 721 3774 unctio
758 3724 945 3773 dicunt
970 3738 1177 3773 cessare
1204 3723 1378 3785 debet,
1404 3728 1684 3788 postquam
1721 3718 1946 3791 χάρισμα
1979 3721 2224 3783 sanandi,
2263 3736 2372 3771 una
2395 3736 2514 3771 cum
2551 3720 2672 3769 aliis
2701 3720 3026 3787 linguarum.

541 3811 853 3878 prophetiae
910 3816 1010 3861 etc.
1064 3812 1121 3859 in
1174 3810 1423 3860 Ecclesia
1478 3810 1739 3859 desiisset.
1811 3808 1918 3859 Sed
1971 3808 2104 3858 haec
2159 3822 2438 3874 perperam
2491 3822 2621 3857 sane
2669 3806 3026 3869 affirmatus,

542 3899 753 3961 Unctio‚
802 3898 867 3947 de
914 3912 1021 3963 qua
1070 3898 1122 3947 S.
1160 3898 1401 3947 Jacobus
1448 3897 1698 3962 loquitur,
1745 3902 2086 3962 peccatorum
2123 3896 2488 3947 remissionem
2523 3900 2758 3960 spectat3
2809 3896 3026 3945 minime

542 3985 713 4035 altera
746 3986 843 4035 illa
878 3985 1024 4051 apud
1062 3985 1114 4035 S.
1136 3984 1388 4035 Marcum.
1440 3984 1557 4045 Quo
1594 3984 1754 4048 plane
1792 3988 2002 4033 constat
2039 3988 2328 4033 extremam
2361 3984 2668 4032 unctionem
2705 3998 2818 4033 non
2855 3984 3027 4049 aegri·

540 4072 739 4123 tudinis
776 4078 982 4123 tantum
1020 4072 1311 4137 corporalis
1346 4070 1788 4121 medicamentum
1825 4086 1968 4133 esse,
2019 4070 2114 4119 secl
2151 4071 2308 4119 etism
2346 4069 2670 4134 reliquorum
2719 4083 3026 4119 sacramen-

541 4166 713 4211 torum
756 4162 925 4210 instar
974 4160 1197 4225 gratiam
1249 4157 1515 4221 conferre,
1560 4174 1625 4207 ac
1672 4157 1894 4223 proinde
1931 4172 2031 4207 nec
2073 4171 2108 4206 a
2143 4154 2197 4206 S.
2231 4156 2440 4206 Jacobo
2487 4157 2651 4206 fuisse
2699 4156 3028 4219 institutam3

540 4248 634 4299 sed
672 4248 741 4298 ab
780 4264 843 4299 eo
880 4252 1102 4310 tantum,
1141 4248 1226 4297 cui
1263 4246 1533 4311 peculiare
1572 4251 1669 4306 est,
1707 4250 1768 4295 ut
1803 4246 2026 4309 gratiam
2070 4244 2310 4295 conferre
2347 4244 2532 4309 possit.
2594 4242 2753 4304 Quod
2791 4258 2920 4293 vero
2959 4242 3028 4293 ad

540 4332 763 4404 χάρισμα
806 4334 1032 4384 sanandi
1075 4335 1265 4384 attinet
1308 4334 1359 4383 S.
1395 4333 1633 4383 Jacobus
1671 4348 1778 4383 non
1817 4332 1946 4381 dicit
1987 4331 2258 4381 vocandos
2305 4345 2414 4394 eos,
2466 4332 2556 4395 qui
2603 4329 2745 4380 dono
2793 4328 3024 4379 sanandi

540 4423 817 4489 pollerent,
854 4422 949 4472 sed
986 4420 1229 4472 absolute
1266 4420 1603 4486 presbyteros
1628 4419 1932 4483 Ecclesiae;
1971 4433 2108 4485 quae
2133 4417 2348 4483 quidem
2383 4418 2518 4467 ratio
2551 4416 2773 4479 valeret,
2813 4418 3026 4469 etiamsi

540 4514 601 4559 ut
642 4524 921 4575 perperam
968 4512 1183 4558 sumunt
1226 4506 1523 4557 Acatholici
1568 4507 1780 4556 nomine
1817 4506 2268 4571 presbyterorum,
2315 4521 2424 4555 non
2467 4505 2714 4553 venirent
2761 4504 3030 4570 Episcopi

542 4600 635 4645 aut
672 4595 977 4645 sacerdotes
1013 4594 1231 4645 secundi
1270 4594 1484 4657 ordinis,
1523 4595 1616 4643 sed
1655 4598 1832 4643 aetate
1877 4600 1970 4643 aut
2007 4592 2262 4657 dignitate
2300 4595 2550 4642 seniores.
