3267 5259
1242 426 1289 467 s.
1307 425 1471 467 rmu-
1498 424 1674 467 nomm
2571 406 2704 473 425

460 710 521 788 ἓ.
568 708 673 775 84.
737 705 904 770 Iter
948 714 1025 769 et
1068 706 1584 791 praeconium
1632 702 1696 768 d.
1728 700 1958 767 Pauli
2001 701 2446 765 Romanum.

418 903 563 961 Post
590 901 787 961 varios
816 920 981 961 casus
1004 901 1305 980 multaque
1335 900 1680 959 discrimina
1707 917 1904 957 rerum
1935 899 1990 955 d.
2023 896 2244 955 Paulus
2273 916 2408 955 cum
2437 896 2599 953 Luca
2642 901 2704 955 et

214 1007 559 1067 Aristarcho
604 1004 1129 1077 Thessalonicensi,
1180 1004 1427 1083 aliisque
1469 1003 1822 1083 quibusdam
1859 1001 2078 1061 vinctis
2123 1003 2376 1060 traditus
2415 1005 2504 1058 est
2539 999 2576 1057 J
2577 1000 2701 1057 ulio

214 1110 459 1185 legionis
490 1114 769 1185 augustae
814 1108 1147 1169 centurioni
1171 1106 1211 1167 ¹.
1257 1109 1579 1167 Conscensa
1608 1126 1760 1166 nave
1789 1105 2182 1164 Adrumetina
2218 1106 2424 1164 Asiam
2453 1105 2699 1181 petenti,

212 1214 523 1273 Caesareae
568 1214 807 1291 pelagus
836 1215 1323 1290 ingrediebantur
1340 1210 1385 1271 2.
1447 1212 1594 1271 Cum
1623 1210 1899 1270 Sidonem
1920 1208 1944 1248 3
1983 1211 2403 1286 pervenissent,
2435 1207 2656 1267 Paulus
2677 1204 2702 1245 ⁴

213 1304 568 1377 christianos
608 1317 775 1377 illius
826 1318 989 1377 urbis
1034 1317 1275 1387 invisit3
1326 1321 1639 1392 rogaturus
1689 1317 1764 1373 ab
1809 1315 1892 1373 eis
1938 1334 2028 1371 res
2073 1312 2282 1373 itineri
2328 1312 2698 1371 necessariae.

212 1421 423 1481 Sidone
462 1424 703 1481 adverso
746 1426 925 1482 vento
963 1423 1189 1481 devecti
1233 1441 1341 1497 per
1378 1440 1541 1479 mare
1560 1418 1583 1455 5
1627 1420 1864 1497 Myram
1878 1416 1903 1456 θ
1945 1422 2364 1494 pervenerunt.
2425 1417 2524 1475 Ibi
2568 1435 2702 1475 cum

212 1526 479 1611 centurio
526 1527 849 1585 invenisset
892 1545 1105 1585 navem
1136 1525 1615 1585 Alexandrinam
1640 1522 1663 1562 ⁷
1703 1522 1946 1581 Italiam
1976 1522 2306 1595 adeuntem,
2346 1521 2400 1579 ei
2442 1523 2703 1597 captivos

212 1630 521 1707 imposuit3
554 1636 624 1689 ut
645 1650 823 1709 quam
844 1630 1105 1707 primum
1131 1629 1261 1689 fieri
1284 1636 1490 1707 posset,
1524 1630 1768 1688 Romam
1798 1630 1953 1703 ipsos
1983 1626 2334 1685 transferret
2351 1624 2394 1683 S.
2426 1624 2539 1683 Sed
2565 1624 2706 1702 quia

212 1736 429 1811 partim
460 1740 675 1794 nautae
706 1754 895 1794 moras
924 1740 1243 1807 necterent,
1279 1735 1499 1812 partim
1528 1735 1644 1792 iter
1673 1734 1745 1791 ob
1777 1731 2028 1790 nimium
2059 1731 2284 1807 pondus
2311 1728 2470 1787 lente
2503 1748 2702 1805 proce-

212 1840 389 1910 deret,
434 1839 656 1916 partim
696 1840 875 1899 etiam
913 1845 1126 1899 ventus
1164 1840 1479 1911 resisteret,
1520 1840 1834 1917 quominus
1871 1856 2106 1896 cursum
2136 1837 2292 1894 circa
2328 1854 2456 1893 eam
2495 1833 2704 1892 Cretae

210 1948 459 2017 partem,
506 1944 573 2001 in
618 1963 735 2022 qua
782 1948 909 2002 erat
950 1943 1223 2003 Salmone
1242 1940 1284 2014 ⁰,
1330 1943 1505 2001 citius
1546 1942 1962 2011 conficeretur3
2005 1942 2072 1999 in
2116 1940 2178 1999 id
2219 1944 2448 2015 tempus
2490 1936 2706 1996 incidit

211 2047 532 2122 navigatio,
583 2067 698 2127 quo
750 2068 932 2123 grave
977 2047 1229 2119 coelum,
1284 2047 1478 2107 subito
1525 2046 1720 2106 exorti
1764 2047 2029 2106 turbines
2045 2090 2060 2117 ,
2110 2046 2326 2107 imbres
2369 2043 2700 2120 frequentes

210 2152 531 2229 frigusque,
576 2154 692 2211 iter
728 2152 1007 2228 periculis
1046 2157 1437 2228 exponerent;
1478 2156 1539 2209 et
1566 2151 1948 2209 manifestum
1977 2154 2106 2207 tum
2135 2147 2326 2218 navis,
2357 2158 2487 2205 tum
2519 2144 2698 2216 vitae,

424 2446 461 2512 1)
500 2445 581 2496 cf.
620 2446 893 2509 Schwarz,
940 2446 1007 2497 de
1054 2446 1273 2497 cohorte
1316 2447 1429 2497 ital.
1476 2451 1531 2497 et
1575 2451 1787 2512 august.
1834 2444 2023 2495 Altorf.
2072 2445 2224 2494 1720.
2297 2442 2340 2506 ²)
2390 2442 2632 2492 Navibus
2669 2455 2704 2490 a

216 2534 391 2599 patria
438 2534 534 2584 ubi
570 2538 910 2585 constructae
948 2538 1116 2595 erant,
1168 2538 1263 2585 aut
1310 2534 1452 2584 unde
1488 2533 1801 2595 veniebant,
1851 2548 2047 2583 nomen
2096 2530 2210 2581 dari
2247 2529 2468 2581 solebat.
2525 2528 2700 2590 Quae-

214 2622 343 2670 ritur
392 2625 573 2671 autem
619 2634 885 2688 quaenam
923 2621 992 2672 sit
1031 2621 1161 2671 urbs
1197 2618 1582 2671 Adrumetina?
1626 2620 1744 2670 Aet.
1783 2620 1866 2683 27,
1903 2621 1953 2669 2.
2004 2617 2296 2679 Walchius,
2335 2616 2514 2683 Antiq.
2551 2620 2700 2667 naut.

218 2722 279 2757 ex
330 2708 527 2758 itinere
580 2708 736 2757 Pauli
790 2722 919 2757 rom.
974 2708 1095 2758 coll.
1150 2707 1271 2758 Jen.
1330 2708 1481 2758 1767.
1535 2723 1588 2772 p.
1643 2708 1694 2757 ὅ.
1763 2704 2165 2771 Adramythium
2225 2704 2430 2769 Mysiae
2483 2703 2702 2754 maioris

213 2794 423 2844 celebre
480 2793 737 2860 oppidum
792 2794 1057 2860 intelligit.
1142 2794 1184 2859 ³)
1244 2794 1671 2844 Promontorium
1730 2791 1960 2844 Carmeli
2023 2792 2258 2858 scopulis
2309 2790 2409 2841 sub
2468 2806 2702 2857 aequore

213 2882 410 2946 sparsis
448 2880 823 2947 periculosum.
878 2882 921 2945 ⁴)
957 2881 1303 2931 Permittente
1342 2882 1671 2942 centurione,
1709 2881 1796 2930 cui
1834 2878 2135 2930 deducendi
2171 2894 2292 2929 eum
2332 2892 2464 2929 cura
2496 2878 2704 2929 credita

212 2968 324 3019 fuit.
396 2966 439 3035 ⁵)
476 2967 633 3030 Quod
670 2973 753 3019 est
787 2970 939 3019 iuxta
974 2966 1217 3018 Ciliciam
1254 2973 1307 3018 et
1342 2966 1728 3033 Pamphyliam.
1795 2966 1837 3032 ὅ)
1876 2966 2120 3027 Quanam
2168 2966 2284 3029 via,
2333 2968 2508 3016 utrum
2557 2970 2704 3015 recta

212 3055 349 3106 infra
385 3054 651 3121 Cyprum3
693 3070 761 3106 an
800 3055 1020 3122 obliqua
1056 3056 1200 3105 circa
1234 3059 1441 3121 partem
1478 3054 1791 3105 orientalem
1827 3052 2036 3103 insulae
2073 3053 2285 3116 infle10,
2333 3051 2488 3118 Myra
2533 3051 2696 3102 delati

214 3142 331 3205 sint,
371 3143 687 3209 quaeritur?
720 3142 771 3193 J.
808 3142 878 3193 H.
915 3142 1141 3205 Larsen,
1177 3146 1307 3193 tent.
1356 3156 1505 3208 exeg.
1555 3156 1626 3191 er.
1682 3142 1738 3191 in
1791 3141 1894 3190 iter
1947 3138 2100 3190 Pauli
2136 3138 2380 3205 Apostoli
2435 3139 2705 3189 Caesarea

214 3228 487 3280 Puteolos.
526 3228 791 3281 Arhusiae
840 3227 1191 3279 Cimbrorum.
1241 3228 1392 3278 1821.
1428 3244 1481 3294 p.
1519 3229 1569 3278 6.
1607 3244 1648 3278 s.
1687 3226 2098 3277 demonstravit:
2148 3226 2325 3275 navim
2369 3226 2512 3274 viam
2559 3226 2705 3275 circa

212 3320 419 3380 partem
444 3314 609 3382 Cypri
635 3314 1021 3367 occidentalem
1057 3314 1369 3366 confecisse.
1421 3314 1463 3379 ⁷)
1500 3314 1589 3364 Ita
1606 3314 1752 3365 dicta
1776 3314 1844 3364 ab
1883 3314 2017 3364 urbe
2040 3312 2382 3363 Alexandria.
2421 3311 2700 3373 Quomodo

216 3402 345 3452 haec
380 3402 541 3452 navis
570 3402 777 3467 Myram
802 3402 987 3453 Liciae
1023 3402 1341 3468 pervenerit,
1380 3400 1617 3467 explicat
1650 3401 1770 3451 Jac.
1809 3400 2073 3463 Hasaeus,
2112 3399 2178 3449 de
2213 3398 2444 3449 navibus
2468 3398 2702 3449 Alexan·

214 3488 377 3540 drinis
434 3489 485 3540 d.
542 3488 772 3540 Paulum
824 3490 881 3540 in
933 3488 1146 3540 Italiam
1200 3488 1582 3551 deferentibus,
1634 3489 1693 3537 in
1728 3488 1887 3538 Thes.
1925 3504 1976 3537 n.
2015 3504 2066 3553 p.
2107 3487 2224 3537 720.
2263 3485 2510 3536 Ceterum
2568 3485 2705 3535 haec

212 3576 363 3625 navis
400 3576 725 3626 frumentum
773 3575 1015 3642 aliasque
1063 3589 1267 3626 merces
1312 3575 1557 3625 Persicas
1606 3580 1662 3625 et
1707 3574 1923 3625 Indicas
1959 3574 2182 3624 Romam
2231 3578 2346 3623 erat
2392 3572 2700 3623 advectura.

214 3660 255 3724 Β)
289 3662 411 3712 Act.
450 3664 536 3723 27,
576 3664 624 3713 6.
674 3662 717 3727 ⁹)
756 3662 1083 3713 Salmonium
1132 3668 1330 3713 vocant
1376 3660 1546 3723 Mela,
1598 3660 1818 3723 Strabo,
1867 3661 2100 3723 Plinius,
2146 3660 2514 3721 Ptolemaeus,
2560 3656 2704 3723 quod

213 3750 635 3813 promontorium
684 3755 768 3800 est
814 3748 1021 3800 insulae
1072 3747 1262 3799 Cretae
1310 3750 1367 3798 in
1414 3748 1583 3799 latere
1634 3746 1913 3798 Orientali.
1987 3746 2122 3797 Cum
2175 3747 2494 3797 restitissent
2541 3745 2702 3806 venti,

214 3851 387 3901 neque
426 3836 741 3887 brevissima
772 3836 863 3887 via
884 3852 983 3902 per
1017 3836 1273 3886 creticum
1308 3849 1455 3885 mare
1491 3836 1859 3901 permitterent
1893 3833 2098 3883 directo
2134 3848 2356 3899 pergere
2391 3833 2450 3881 in
2473 3830 2701 3893 Italiam,

215 3936 371 3987 aegre
428 3925 785 3988 praetervecti
823 3922 1055 3974 Gnidum
1091 3950 1158 3960 —-
1194 3922 1322 3973 urbs
1372 3922 1561 3973 Cariae
1596 3922 1824 3972 Veneris
1878 3920 2027 3971 cultu
2076 3921 2301 3985 eiusque
2351 3918 2632 3969 simulacro
2669 3930 2704 3966 a

213 4009 483 4060 Praxitele
515 4009 725 4075 sculpto
752 4010 1118 4061 celeberrima.
1159 4009 1239 4061 Cf.
1266 4008 1531 4073 Mannert,
1570 4008 1764 4073 Geogr.
1785 4006 1876 4057 v1.
1902 4008 1950 4069 8,
1977 4008 2096 4057 234.
2121 4021 2164 4056 s.
2187 4032 2249 4042 --
2277 4005 2376 4055 sub
2403 4003 2618 4055 Cretam
2637 4030 2704 4040 —

212 4094 369 4147 hodie
406 4094 619 4147 Candia
653 4096 832 4147 insula
864 4098 918 4147 in
955 4097 1091 4147 mari
1126 4096 1533 4158 mediterraneo,
1574 4096 1625 4145 d.
1665 4112 1717 4161 q.
1745 4111 1795 4144 v.
1821 4094 1874 4145 J.
1901 4094 2211 4154 Mem-sium,
2250 4092 2426 4155 Creta,
2464 4090 2702 4153 Rhodus,

214 4181 427 4249 Cyprus
460 4198 505 4233 s.
544 4181 613 4233 de
648 4182 836 4233 hanam
888 4183 1048 4233 insul.
1098 4184 1263 4249 antiq.
1302 4182 1519 4233 Amstel.
1560 4183 1712 4232 1676.
1750 4208 1816 4217 -
1852 4180 1976 4231 vela
2019 4184 2308 4229 retrorsum
2357 4178 2483 4227 dare
2529 4177 2704 4227 coacti

212 4271 299 4319 vix
334 4270 668 4336 Boniportus
705 4298 771 4307 —
810 4271 1041 4321 eundem
1090 4286 1208 4321 esse
1246 4270 1422 4320 locum
1473 4273 1667 4334 putant
1702 4268 1791 4335 qui
1841 4267 2000 4318 hodie
2035 4267 2285 4317 Limenes
2331 4264 2444 4315 kali
2493 4264 2702 4315 dicitur.

216 4356 293 4407 cf.
330 4356 545 4420 Hoeck,
582 4356 753 4408 Kreta
778 4356 822 4420 1,
848 4358 967 4407 439.
1014 4358 1068 4407 J.
1107 4355 1291 4419 Smith,
1346 4356 1437 4406 the
1490 4370 1698 4422 voyage
1753 4354 1861 4405 and
1916 4353 2259 4419 Schipwreck
2314 4352 2374 4403 of
2423 4350 2500 4401 St.
2549 4351 2703 4402 Paul.

214 4442 385 4494 Loud.
412 4444 569 4495 1848.
596 4460 649 4509 p.
675 4445 759 4494 44.
786 4472 851 4481 -
876 4444 1039 4495 litora
1072 4444 1288 4509 assequi
1323 4448 1547 4509 potuere
1582 4456 1750 4508 prope
1775 4441 2071 4504 Lasaeam3
2109 4440 2260 4509 cuius
2293 4438 2446 4491 nulla
2469 4443 2702 4489 ceterum

216 4530 361 4596 apud
383 4530 725 4597 geographos
750 4528 811 4579 fit
832 4531 1047 4580 mentio.
1086 4528 1167 4580 Cf.
1193 4530 1419 4592 Larsen,
1454 4530 1557 4580 iter
1580 4528 1736 4579 Pauli
1761 4529 2097 4591 maritimum,
2134 4544 2186 4593 p.
2216 4528 2296 4577 19.
2323 4543 2365 4577 s.
2402 4526 2496 4594 qui
2519 4526 2705 4577 urbem

218 4618 451 4677 „hanff
491 4616 675 4680 Plinii,
713 4616 1154 4668 mediterraneam
1188 4614 1335 4667 haud
1369 4615 1557 4683 procul
1594 4630 1629 4665 a
1664 4619 1819 4681 portu
1853 4614 2062 4665 Libeno
2099 4612 2366 4679 intelligit.
