<?xml version="1.0" encoding="UTF-8"?>
<!DOCTYPE html PUBLIC "-//W3C//DTD XHTML 1.0 Transitional//EN"
    "http://www.w3.org/TR/xhtml1/DTD/xhtml1-transitional.dtd">
<html xmlns="http://www.w3.org/1999/xhtml" xml:lang="en" lang="en">
 <head>
  <title>
</title>
<meta http-equiv="Content-Type" content="text/html;charset=utf-8" />
  <meta name='ocr-system' content='tesseract 3.04.00' />
  <meta name='ocr-capabilities' content='ocr_page ocr_carea ocr_par ocr_line ocrx_word'/>
</head>
<body>
  <div class='ocr_page' id='page_1' title='image "./historiarevelat00unkngoog_0282.png"; bbox 0 0 3267 5259; ppageno 0'>
   <div class='ocr_carea' id='block_1_1' title="bbox 566 461 2380 527">
    <p class='ocr_par' dir='ltr' id='par_1_1' title="bbox 566 461 2380 527">
     <span class='ocr_line' id='line_1_1' title="bbox 566 461 2380 527; baseline -0.002 -10"><span class='ocrx_word' id='word_1_1' title='bbox 566 461 690 527; x_wconf 83' lang='lat'><strong>154</strong></span> <span class='ocrx_word' id='word_1_2' title='bbox 1238 475 1354 516; x_wconf 72' lang='lat' dir='ltr'><strong>nist.</strong></span> <span class='ocrx_word' id='word_1_3' title='bbox 1386 474 1492 516; x_wconf 69' lang='lat' dir='ltr'><strong>sev.</strong></span> <span class='ocrx_word' id='word_1_4' title='bbox 1522 473 1611 516; x_wconf 73' lang='lat' dir='ltr'><strong>«liv.</strong></span> <span class='ocrx_word' id='word_1_5' title='bbox 1643 473 1697 516; x_wconf 73' lang='lat' dir='ltr'><strong>s.</strong></span> <span class='ocrx_word' id='word_1_6' title='bbox 1725 473 1774 514; x_wconf 73' lang='lat' dir='ltr'><strong>r.</strong></span> <span class='ocrx_word' id='word_1_7' title='bbox 1806 473 1974 516; x_wconf 70' lang='lat' dir='ltr'><strong>renos.</strong></span> <span class='ocrx_word' id='word_1_8' title='bbox 2003 474 2041 516; x_wconf 89' lang='lat'><strong>1.</strong></span> <span class='ocrx_word' id='word_1_9' title='bbox 2059 484 2152 526; x_wconf 66' lang='grc' dir='ltr'><strong>αι).</strong></span> <span class='ocrx_word' id='word_1_10' title='bbox 2178 472 2380 515; x_wconf 67' lang='lat' dir='ltr'><strong>alterum.</strong></span> 
     </span>
    </p>
   </div>
   <div class='ocr_carea' id='block_1_2' title="bbox 556 629 3052 828">
    <p class='ocr_par' dir='ltr' id='par_1_2' title="bbox 556 629 3052 828">
     <span class='ocr_line' id='line_1_2' title="bbox 560 629 3052 713; baseline -0.002 -17"><span class='ocrx_word' id='word_1_11' title='bbox 560 631 763 696; x_wconf 84' lang='lat' dir='ltr'><strong>literis</strong></span> <span class='ocrx_word' id='word_1_12' title='bbox 812 632 1143 712; x_wconf 84' lang='lat' dir='ltr'><strong>exaravit,</strong></span> <span class='ocrx_word' id='word_1_13' title='bbox 1206 641 1277 695; x_wconf 89' lang='lat' dir='ltr'><strong>ut</strong></span> <span class='ocrx_word' id='word_1_14' title='bbox 1329 630 1372 695; x_wconf 86' lang='lat' dir='ltr'>J</span> <span class='ocrx_word' id='word_1_15' title='bbox 1376 653 1556 696; x_wconf 88' lang='lat' dir='ltr'><strong>esum</strong></span> <span class='ocrx_word' id='word_1_16' title='bbox 1620 653 1776 694; x_wconf 82' lang='lat' dir='ltr'><strong>vere</strong></span> <span class='ocrx_word' id='word_1_17' title='bbox 1841 639 2168 695; x_wconf 86' lang='lat' dir='ltr'><strong>mortuum</strong></span> <span class='ocrx_word' id='word_1_18' title='bbox 2215 653 2358 694; x_wconf 86' lang='lat' dir='ltr'><strong>esse</strong></span> <span class='ocrx_word' id='word_1_19' title='bbox 2407 638 2758 694; x_wconf 84' lang='lat' dir='ltr'><strong>constaret.</strong></span> <span class='ocrx_word' id='word_1_20' title='bbox 2835 629 3052 713; x_wconf 81' lang='lat' dir='ltr'><strong>Atque</strong></span> 
     </span>
     <span class='ocr_line' id='line_1_3' title="bbox 556 741 2731 828; baseline 0 -22"><span class='ocrx_word' id='word_1_21' title='bbox 556 743 662 808; x_wconf 88' lang='lat' dir='ltr'><strong>hic</strong></span> <span class='ocrx_word' id='word_1_22' title='bbox 708 742 988 808; x_wconf 80' lang='lat' dir='ltr'><strong>substitit</strong></span> <span class='ocrx_word' id='word_1_23' title='bbox 1032 743 1279 809; x_wconf 83' lang='lat' dir='ltr'><strong>hostilis</strong></span> <span class='ocrx_word' id='word_1_24' title='bbox 1326 743 1525 827; x_wconf 88' lang='lat' dir='ltr'><strong>furor,</strong></span> <span class='ocrx_word' id='word_1_25' title='bbox 1573 765 1699 807; x_wconf 90' lang='lat' dir='ltr'><strong>nec</strong></span> <span class='ocrx_word' id='word_1_26' title='bbox 1745 741 2118 828; x_wconf 84' lang='lat' dir='ltr'><strong>sepulturae</strong></span> <span class='ocrx_word' id='word_1_27' title='bbox 2165 741 2366 807; x_wconf 90' lang='lat' dir='ltr'><strong>decus</strong></span> <span class='ocrx_word' id='word_1_28' title='bbox 2414 743 2731 828; x_wconf 84' lang='lat' dir='ltr'><strong>corrupit.</strong></span> 
     </span>
    </p>
   </div>
   <div class='ocr_carea' id='block_1_3' title="bbox 555 915 3054 4708">
    <p class='ocr_par' dir='ltr' id='par_1_3' title="bbox 555 915 3054 4708">
     <span class='ocr_line' id='line_1_4' title="bbox 765 915 3054 988; baseline -0.003 -17"><span class='ocrx_word' id='word_1_29' title='bbox 765 919 1030 988; x_wconf 66' lang='lat' dir='ltr'><strong>Biyt-esaie,</strong></span> <span class='ocrx_word' id='word_1_30' title='bbox 1070 920 1128 970; x_wconf 79' lang='lat' dir='ltr'><strong>de</strong></span> <span class='ocrx_word' id='word_1_31' title='bbox 1164 925 1333 988; x_wconf 76' lang='lat' dir='ltr'><strong>aperto</strong></span> <span class='ocrx_word' id='word_1_32' title='bbox 1370 919 1521 971; x_wconf 77' lang='lat' dir='ltr'><strong>latere</strong></span> <span class='ocrx_word' id='word_1_33' title='bbox 1556 919 1779 970; x_wconf 78' lang='lat' dir='ltr'><em>Domini.</em></span> <span class='ocrx_word' id='word_1_34' title='bbox 1841 917 2022 981; x_wconf 79' lang='lat' dir='ltr'>Exigit</span> <span class='ocrx_word' id='word_1_35' title='bbox 2069 917 2154 966; x_wconf 87' lang='lat' dir='ltr'><strong>hic</strong></span> <span class='ocrx_word' id='word_1_36' title='bbox 2199 917 2375 978; x_wconf 89' lang='lat' dir='ltr'><strong>locus,</strong></span> <span class='ocrx_word' id='word_1_37' title='bbox 2425 921 2486 966; x_wconf 88' lang='lat' dir='ltr'><strong>ut</strong></span> <span class='ocrx_word' id='word_1_38' title='bbox 2533 915 2602 966; x_wconf 86' lang='lat' dir='ltr'><strong>de</strong></span> <span class='ocrx_word' id='word_1_39' title='bbox 2657 929 2802 982; x_wconf 80' lang='lat' dir='ltr'><strong>aqua</strong></span> <span class='ocrx_word' id='word_1_40' title='bbox 2849 921 2904 965; x_wconf 81' lang='lat' dir='ltr'><strong>et</strong></span> <span class='ocrx_word' id='word_1_41' title='bbox 2941 931 3054 965; x_wconf 78' lang='lat' dir='ltr'><strong>san-</strong></span> 
     </span>
     <span class='ocr_line' id='line_1_5' title="bbox 556 1002 3045 1071; baseline -0.001 -17"><span class='ocrx_word' id='word_1_42' title='bbox 556 1006 718 1071; x_wconf 79' lang='lat' dir='ltr'><strong>guine</strong></span> <span class='ocrx_word' id='word_1_43' title='bbox 756 1005 1094 1056; x_wconf 86' lang='lat' dir='ltr'><strong>effluentibus</strong></span> <span class='ocrx_word' id='word_1_44' title='bbox 1133 1005 1335 1070; x_wconf 83' lang='lat' dir='ltr'><strong>aliquid</strong></span> <span class='ocrx_word' id='word_1_45' title='bbox 1374 1005 1628 1055; x_wconf 87' lang='lat' dir='ltr'><strong>dicamus.</strong></span> <span class='ocrx_word' id='word_1_46' title='bbox 1671 1005 1736 1054; x_wconf 90' lang='lat' dir='ltr'><strong>In</strong></span> <span class='ocrx_word' id='word_1_47' title='bbox 1773 1003 1876 1053; x_wconf 88' lang='lat' dir='ltr'><strong>hoc</strong></span> <span class='ocrx_word' id='word_1_48' title='bbox 1901 1009 2211 1068; x_wconf 82' lang='lat' dir='ltr'><strong>argumento</strong></span> <span class='ocrx_word' id='word_1_49' title='bbox 2238 1002 2518 1068; x_wconf 73' lang='lat' dir='ltr'><strong>diligenter</strong></span> <span class='ocrx_word' id='word_1_50' title='bbox 2537 1003 2738 1054; x_wconf 78' lang='lat' dir='ltr'><strong>versati</strong></span> <span class='ocrx_word' id='word_1_51' title='bbox 2757 1009 2912 1052; x_wconf 84' lang='lat' dir='ltr'><strong>sunt:</strong></span> <span class='ocrx_word' id='word_1_52' title='bbox 2951 1003 3045 1052; x_wconf 80' lang='lat' dir='ltr'><strong>Th.</strong></span> 
     </span>
     <span class='ocr_line' id='line_1_6' title="bbox 555 1089 3050 1156; baseline -0.001 -15"><span class='ocrx_word' id='word_1_53' title='bbox 555 1091 923 1152; x_wconf 88' lang='lat' dir='ltr'><strong>Bartholinus‚</strong></span> <span class='ocrx_word' id='word_1_54' title='bbox 975 1091 1041 1140; x_wconf 90' lang='lat' dir='ltr'><strong>de</strong></span> <span class='ocrx_word' id='word_1_55' title='bbox 1086 1091 1251 1140; x_wconf 80' lang='lat' dir='ltr'><strong>latere</strong></span> <span class='ocrx_word' id='word_1_56' title='bbox 1291 1090 1490 1142; x_wconf 87' lang='lat' dir='ltr'><strong>Christi</strong></span> <span class='ocrx_word' id='word_1_57' title='bbox 1535 1095 1740 1155; x_wconf 87' lang='lat' dir='ltr'><strong>aperto.</strong></span> <span class='ocrx_word' id='word_1_58' title='bbox 1776 1090 1952 1156; x_wconf 83' lang='lat' dir='ltr'><strong>Lugd.</strong></span> <span class='ocrx_word' id='word_1_59' title='bbox 1987 1091 2106 1140; x_wconf 86' lang='lat' dir='ltr'><strong>Bat.</strong></span> <span class='ocrx_word' id='word_1_60' title='bbox 2145 1093 2294 1142; x_wconf 84' lang='grc'><strong>1646.</strong></span> <span class='ocrx_word' id='word_1_61' title='bbox 2335 1090 2398 1140; x_wconf 78' lang='lat' dir='ltr'><strong>G.</strong></span> <span class='ocrx_word' id='word_1_62' title='bbox 2433 1091 2497 1140; x_wconf 84' lang='lat' dir='ltr'><strong>F.</strong></span> <span class='ocrx_word' id='word_1_63' title='bbox 2523 1089 2741 1156; x_wconf 83' lang='lat' dir='ltr'><strong>Vogler,</strong></span> <span class='ocrx_word' id='word_1_64' title='bbox 2775 1089 3050 1154; x_wconf 77' lang='lat' dir='ltr'><strong>Physiolo-</strong></span> 
     </span>
     <span class='ocr_line' id='line_1_7' title="bbox 557 1175 3052 1244; baseline -0.001 -17"><span class='ocrx_word' id='word_1_65' title='bbox 557 1181 647 1244; x_wconf 85' lang='lat' dir='ltr'><strong>gia</strong></span> <span class='ocrx_word' id='word_1_66' title='bbox 686 1178 963 1228; x_wconf 78' lang='lat' dir='ltr'><strong>Historiae</strong></span> <span class='ocrx_word' id='word_1_67' title='bbox 1004 1178 1295 1228; x_wconf 79' lang='lat' dir='ltr'><strong>PassioniS.</strong></span> <span class='ocrx_word' id='word_1_68' title='bbox 1354 1177 1579 1228; x_wconf 88' lang='lat' dir='ltr'><strong>Helmst.</strong></span> <span class='ocrx_word' id='word_1_69' title='bbox 1617 1179 1769 1227; x_wconf 89' lang='grc'><strong>1693.</strong></span> <span class='ocrx_word' id='word_1_70' title='bbox 1819 1194 1870 1242; x_wconf 91' lang='lat' dir='ltr'><strong>p.</strong></span> <span class='ocrx_word' id='word_1_71' title='bbox 1906 1180 1994 1227; x_wconf 83' lang='lat'><strong>44.</strong></span> <span class='ocrx_word' id='word_1_72' title='bbox 2037 1192 2078 1227; x_wconf 91' lang='lat' dir='ltr'><strong>s.</strong></span> <span class='ocrx_word' id='word_1_73' title='bbox 2133 1177 2192 1228; x_wconf 92' lang='lat' dir='ltr'><strong>C.</strong></span> <span class='ocrx_word' id='word_1_74' title='bbox 2229 1177 2567 1244; x_wconf 72' lang='lat' dir='ltr'><strong>Sagittarius,</strong></span> <span class='ocrx_word' id='word_1_75' title='bbox 2605 1177 2672 1225; x_wconf 90' lang='lat' dir='ltr'><strong>de</strong></span> <span class='ocrx_word' id='word_1_76' title='bbox 2715 1175 2910 1226; x_wconf 81' lang='lat' dir='ltr'><strong>lancea</strong></span> <span class='ocrx_word' id='word_1_77' title='bbox 2955 1193 3052 1241; x_wconf 77' lang='lat' dir='ltr'><strong>qua</strong></span> 
     </span>
     <span class='ocr_line' id='line_1_8' title="bbox 558 1262 3050 1330; baseline -0.001 -16"><span class='ocrx_word' id='word_1_78' title='bbox 558 1265 855 1330; x_wconf 86' lang='lat' dir='ltr'><strong>perfossum</strong></span> <span class='ocrx_word' id='word_1_79' title='bbox 894 1263 1089 1314; x_wconf 80' lang='lat' dir='ltr'><strong>Christi</strong></span> <span class='ocrx_word' id='word_1_80' title='bbox 1127 1264 1283 1327; x_wconf 85' lang='lat' dir='ltr'><strong>latus,</strong></span> <span class='ocrx_word' id='word_1_81' title='bbox 1320 1266 1376 1313; x_wconf 91' lang='lat' dir='ltr'><strong>in</strong></span> <span class='ocrx_word' id='word_1_82' title='bbox 1413 1264 1571 1314; x_wconf 88' lang='lat' dir='ltr'><strong>Thes.</strong></span> <span class='ocrx_word' id='word_1_83' title='bbox 1616 1264 1693 1315; x_wconf 92' lang='lat' dir='ltr'><strong>th.</strong></span> <span class='ocrx_word' id='word_1_84' title='bbox 1727 1263 1816 1330; x_wconf 90' lang='lat' dir='ltr'><strong>ph.</strong></span> <span class='ocrx_word' id='word_1_85' title='bbox 1863 1280 1916 1329; x_wconf 91' lang='lat' dir='ltr'><strong>p.</strong></span> <span class='ocrx_word' id='word_1_86' title='bbox 1951 1263 2069 1314; x_wconf 82' lang='lat'><strong>381.</strong></span> <span class='ocrx_word' id='word_1_87' title='bbox 2117 1281 2157 1314; x_wconf 88' lang='lat' dir='ltr'><strong>s.</strong></span> <span class='ocrx_word' id='word_1_88' title='bbox 2195 1263 2247 1313; x_wconf 88' lang='lat' dir='ltr'><strong>J.</strong></span> <span class='ocrx_word' id='word_1_89' title='bbox 2283 1263 2342 1313; x_wconf 89' lang='lat' dir='ltr'><strong>C.</strong></span> <span class='ocrx_word' id='word_1_90' title='bbox 2377 1263 2632 1325; x_wconf 84' lang='lat' dir='ltr'><strong>Ritterus‚</strong></span> <span class='ocrx_word' id='word_1_91' title='bbox 2681 1262 2750 1312; x_wconf 86' lang='lat' dir='ltr'><strong>de</strong></span> <span class='ocrx_word' id='word_1_92' title='bbox 2797 1277 2946 1328; x_wconf 74' lang='lat' dir='ltr'><strong>aqua</strong></span> <span class='ocrx_word' id='word_1_93' title='bbox 2993 1279 3050 1312; x_wconf 77' lang='lat' dir='ltr'><strong>ex</strong></span> 
     </span>
     <span class='ocr_line' id='line_1_9' title="bbox 559 1348 3048 1417; baseline -0 -18"><span class='ocrx_word' id='word_1_94' title='bbox 559 1351 756 1400; x_wconf 79' lang='lat' dir='ltr'><strong>Christi</strong></span> <span class='ocrx_word' id='word_1_95' title='bbox 792 1351 961 1402; x_wconf 85' lang='lat' dir='ltr'><strong>latere</strong></span> <span class='ocrx_word' id='word_1_96' title='bbox 998 1351 1309 1416; x_wconf 88' lang='lat' dir='ltr'><strong>profluente,</strong></span> <span class='ocrx_word' id='word_1_97' title='bbox 1348 1351 1421 1401; x_wconf 91' lang='lat' dir='ltr'><strong>ib.</strong></span> <span class='ocrx_word' id='word_1_98' title='bbox 1455 1368 1507 1417; x_wconf 88' lang='lat' dir='ltr'><strong>p.</strong></span> <span class='ocrx_word' id='word_1_99' title='bbox 1543 1351 1662 1402; x_wconf 84' lang='lat'><strong>388.</strong></span> <span class='ocrx_word' id='word_1_100' title='bbox 1712 1350 1764 1402; x_wconf 87' lang='lat' dir='ltr'><strong>J.</strong></span> <span class='ocrx_word' id='word_1_101' title='bbox 1801 1350 1863 1400; x_wconf 84' lang='lat' dir='ltr'><strong>A.</strong></span> <span class='ocrx_word' id='word_1_102' title='bbox 1899 1350 2222 1412; x_wconf 82' lang='lat' dir='ltr'><strong>Quenstedt,</strong></span> <span class='ocrx_word' id='word_1_103' title='bbox 2265 1349 2330 1400; x_wconf 87' lang='lat' dir='ltr'><strong>de</strong></span> <span class='ocrx_word' id='word_1_104' title='bbox 2367 1350 2680 1400; x_wconf 75' lang='lat' dir='ltr'><strong>vulneribus</strong></span> <span class='ocrx_word' id='word_1_105' title='bbox 2717 1348 2950 1408; x_wconf 73' lang='lat' dir='ltr'><strong>Christi,</strong></span> <span class='ocrx_word' id='word_1_106' title='bbox 2987 1350 3048 1398; x_wconf 87' lang='lat' dir='ltr'><strong>ib.</strong></span> 
     </span>
     <span class='ocr_line' id='line_1_10' title="bbox 558 1435 3048 1504; baseline -0.001 -17"><span class='ocrx_word' id='word_1_107' title='bbox 558 1453 609 1503; x_wconf 90' lang='lat' dir='ltr'><strong>p.</strong></span> <span class='ocrx_word' id='word_1_108' title='bbox 644 1439 763 1489; x_wconf 86' lang='grc'><strong>394.</strong></span> <span class='ocrx_word' id='word_1_109' title='bbox 822 1438 1103 1500; x_wconf 86' lang='lat' dir='ltr'><strong>Trillerus,</strong></span> <span class='ocrx_word' id='word_1_110' title='bbox 1154 1437 1219 1486; x_wconf 91' lang='lat' dir='ltr'><strong>de</strong></span> <span class='ocrx_word' id='word_1_111' title='bbox 1264 1438 1504 1488; x_wconf 86' lang='lat' dir='ltr'><strong>mirando</strong></span> <span class='ocrx_word' id='word_1_112' title='bbox 1550 1438 1734 1488; x_wconf 82' lang='lat' dir='ltr'><strong>lateris</strong></span> <span class='ocrx_word' id='word_1_113' title='bbox 1780 1437 2062 1504; x_wconf 79' lang='lat' dir='ltr'><strong>cordisque</strong></span> <span class='ocrx_word' id='word_1_114' title='bbox 2111 1437 2304 1487; x_wconf 79' lang='lat' dir='ltr'><strong>Christi</strong></span> <span class='ocrx_word' id='word_1_115' title='bbox 2353 1437 2588 1486; x_wconf 80' lang='lat' dir='ltr'><strong>vulnere.</strong></span> <span class='ocrx_word' id='word_1_116' title='bbox 2633 1437 2744 1490; x_wconf 84' lang='lat' dir='ltr'><strong>Vit.</strong></span> <span class='ocrx_word' id='word_1_117' title='bbox 2800 1439 2956 1486; x_wconf 78' lang='grc'><strong>1775.</strong></span> <span class='ocrx_word' id='word_1_118' title='bbox 2995 1435 3048 1485; x_wconf 88' lang='lat' dir='ltr'><strong>C.</strong></span> 
     </span>
     <span class='ocr_line' id='line_1_11' title="bbox 558 1521 3049 1586; baseline 0 -14"><span class='ocrx_word' id='word_1_119' title='bbox 558 1524 620 1573; x_wconf 86' lang='lat' dir='ltr'><strong>F.</strong></span> <span class='ocrx_word' id='word_1_120' title='bbox 646 1523 707 1573; x_wconf 81' lang='lat' dir='ltr'><strong>F.</strong></span> <span class='ocrx_word' id='word_1_121' title='bbox 744 1523 1035 1585; x_wconf 86' lang='lat' dir='ltr'><strong>Gruncrus,</strong></span> <span class='ocrx_word' id='word_1_122' title='bbox 1074 1541 1260 1574; x_wconf 89' lang='lat' dir='ltr'><strong>comm.</strong></span> <span class='ocrx_word' id='word_1_123' title='bbox 1306 1539 1353 1574; x_wconf 84' lang='lat' dir='ltr'><strong>a.</strong></span> <span class='ocrx_word' id='word_1_124' title='bbox 1380 1541 1447 1574; x_wconf 88' lang='lat' dir='ltr'><strong>m.</strong></span> <span class='ocrx_word' id='word_1_125' title='bbox 1486 1525 1551 1574; x_wconf 87' lang='lat' dir='ltr'><strong>de</strong></span> <span class='ocrx_word' id='word_1_126' title='bbox 1588 1523 1642 1574; x_wconf 88' lang='lat' dir='ltr'><strong>J.</strong></span> <span class='ocrx_word' id='word_1_127' title='bbox 1669 1523 1728 1574; x_wconf 82' lang='lat' dir='ltr'><strong>C.</strong></span> <span class='ocrx_word' id='word_1_128' title='bbox 1755 1530 1924 1574; x_wconf 88' lang='lat' dir='ltr'><strong>morte</strong></span> <span class='ocrx_word' id='word_1_129' title='bbox 1947 1539 2078 1574; x_wconf 81' lang='lat' dir='ltr'><strong>vcra</strong></span> <span class='ocrx_word' id='word_1_130' title='bbox 2101 1541 2210 1572; x_wconf 89' lang='lat' dir='ltr'><strong>non</strong></span> <span class='ocrx_word' id='word_1_131' title='bbox 2247 1523 2522 1586; x_wconf 83' lang='lat' dir='ltr'><strong>simulata3</strong></span> <span class='ocrx_word' id='word_1_132' title='bbox 2561 1537 2676 1572; x_wconf 85' lang='lat' dir='ltr'><strong>acc.</strong></span> <span class='ocrx_word' id='word_1_133' title='bbox 2705 1522 2805 1572; x_wconf 86' lang='lat' dir='ltr'><strong>Ch.</strong></span> <span class='ocrx_word' id='word_1_134' title='bbox 2829 1521 2896 1572; x_wconf 89' lang='lat' dir='ltr'><strong>G.</strong></span> <span class='ocrx_word' id='word_1_135' title='bbox 2925 1522 3049 1572; x_wconf 82' lang='lat' dir='ltr'><strong>Grn-</strong></span> 
     </span>
     <span class='ocr_line' id='line_1_12' title="bbox 558 1609 3054 1675; baseline -0.001 -15"><span class='ocrx_word' id='word_1_136' title='bbox 558 1611 696 1672; x_wconf 88' lang='lat' dir='ltr'><strong>neri,</strong></span> <span class='ocrx_word' id='word_1_137' title='bbox 752 1610 1021 1660; x_wconf 83' lang='lat' dir='ltr'><strong>vindiciae</strong></span> <span class='ocrx_word' id='word_1_138' title='bbox 1073 1613 1255 1660; x_wconf 86' lang='lat' dir='ltr'><strong>mortis</strong></span> <span class='ocrx_word' id='word_1_139' title='bbox 1300 1611 1351 1661; x_wconf 88' lang='lat' dir='ltr'><strong>J.</strong></span> <span class='ocrx_word' id='word_1_140' title='bbox 1391 1611 1451 1661; x_wconf 91' lang='lat' dir='ltr'><strong>C.</strong></span> <span class='ocrx_word' id='word_1_141' title='bbox 1501 1615 1555 1660; x_wconf 87' lang='lat' dir='ltr'><strong>et</strong></span> <span class='ocrx_word' id='word_1_142' title='bbox 1590 1611 1659 1660; x_wconf 82' lang='lat'><strong>11.</strong></span> <span class='ocrx_word' id='word_1_143' title='bbox 1697 1611 1996 1675; x_wconf 75' lang='lat' dir='ltr'><strong>Contingii,</strong></span> <span class='ocrx_word' id='word_1_144' title='bbox 2053 1610 2182 1660; x_wconf 87' lang='lat' dir='ltr'><strong>disc.</strong></span> <span class='ocrx_word' id='word_1_145' title='bbox 2221 1610 2286 1659; x_wconf 90' lang='lat' dir='ltr'><strong>de</strong></span> <span class='ocrx_word' id='word_1_146' title='bbox 2322 1611 2374 1660; x_wconf 87' lang='lat' dir='ltr'><strong>J.</strong></span> <span class='ocrx_word' id='word_1_147' title='bbox 2411 1611 2471 1660; x_wconf 89' lang='lat' dir='ltr'><strong>C.</strong></span> <span class='ocrx_word' id='word_1_148' title='bbox 2509 1615 2735 1660; x_wconf 86' lang='lat' dir='ltr'><strong>cruento</strong></span> <span class='ocrx_word' id='word_1_149' title='bbox 2773 1609 2974 1659; x_wconf 81' lang='lat' dir='ltr'><strong>sudore</strong></span> <span class='ocrx_word' id='word_1_150' title='bbox 3009 1617 3054 1658; x_wconf 83' lang='lat' dir='ltr'><strong>et</strong></span> 
     </span>
     <span class='ocr_line' id='line_1_13' title="bbox 556 1695 3052 1764; baseline -0.001 -18"><span class='ocrx_word' id='word_1_151' title='bbox 556 1703 721 1747; x_wconf 87' lang='lat' dir='ltr'><strong>morte</strong></span> <span class='ocrx_word' id='word_1_152' title='bbox 758 1699 1053 1763; x_wconf 87' lang='lat' dir='ltr'><strong>repentina.</strong></span> <span class='ocrx_word' id='word_1_153' title='bbox 1090 1697 1215 1748; x_wconf 85' lang='lat' dir='ltr'><strong>Hal.</strong></span> <span class='ocrx_word' id='word_1_154' title='bbox 1245 1699 1395 1750; x_wconf 87' lang='lat'><strong>1805.</strong></span> <span class='ocrx_word' id='word_1_155' title='bbox 1434 1715 1485 1764; x_wconf 89' lang='lat' dir='ltr'><strong>p.</strong></span> <span class='ocrx_word' id='word_1_156' title='bbox 1510 1699 1595 1748; x_wconf 93' lang='grc'><strong>47.</strong></span> <span class='ocrx_word' id='word_1_157' title='bbox 1624 1699 1706 1748; x_wconf 84' lang='grc'><strong>73.</strong></span> <span class='ocrx_word' id='word_1_158' title='bbox 1733 1699 1816 1748; x_wconf 90' lang='grc'><strong>80.</strong></span> <span class='ocrx_word' id='word_1_159' title='bbox 1843 1714 1886 1746; x_wconf 86' lang='lat' dir='ltr'><strong>s.</strong></span> <span class='ocrx_word' id='word_1_160' title='bbox 1930 1697 1980 1746; x_wconf 86' lang='lat' dir='ltr'><strong>J.</strong></span> <span class='ocrx_word' id='word_1_161' title='bbox 2009 1697 2070 1746; x_wconf 89' lang='lat' dir='ltr'><strong>L.</strong></span> <span class='ocrx_word' id='word_1_162' title='bbox 2107 1697 2267 1762; x_wconf 64' lang='lat' dir='ltr'><strong>Bag„</strong></span> <span class='ocrx_word' id='word_1_163' title='bbox 2311 1698 2366 1746; x_wconf 90' lang='lat' dir='ltr'><strong>in</strong></span> <span class='ocrx_word' id='word_1_164' title='bbox 2405 1710 2527 1746; x_wconf 84' lang='lat' dir='ltr'><strong>ann.</strong></span> <span class='ocrx_word' id='word_1_165' title='bbox 2555 1697 2611 1744; x_wconf 86' lang='lat' dir='ltr'><strong>Z.</strong></span> <span class='ocrx_word' id='word_1_166' title='bbox 2637 1696 2672 1745; x_wconf 76' lang='lat' dir='ltr'><strong>f.</strong></span> <span class='ocrx_word' id='word_1_167' title='bbox 2702 1695 2755 1745; x_wconf 89' lang='lat' dir='ltr'><strong>d.</strong></span> <span class='ocrx_word' id='word_1_168' title='bbox 2781 1695 2851 1745; x_wconf 82' lang='lat' dir='ltr'><strong>G.</strong></span> <span class='ocrx_word' id='word_1_169' title='bbox 2878 1696 2930 1745; x_wconf 84' lang='lat' dir='ltr'><strong>d.</strong></span> <span class='ocrx_word' id='word_1_170' title='bbox 2957 1697 3052 1745; x_wconf 65' lang='grc' dir='ltr'><strong>ΕΒ.</strong></span> 
     </span>
     <span class='ocr_line' id='line_1_14' title="bbox 560 1782 3050 1849; baseline -0 -16"><span class='ocrx_word' id='word_1_171' title='bbox 560 1784 737 1834; x_wconf 85' lang='lat' dir='ltr'><strong>Freib.</strong></span> <span class='ocrx_word' id='word_1_172' title='bbox 764 1783 863 1848; x_wconf 90' lang='lat'><strong>111,</strong></span> <span class='ocrx_word' id='word_1_173' title='bbox 892 1785 1009 1834; x_wconf 78' lang='lat'><strong>176.</strong></span> <span class='ocrx_word' id='word_1_174' title='bbox 1035 1801 1076 1834; x_wconf 90' lang='lat' dir='ltr'><strong>s.</strong></span> <span class='ocrx_word' id='word_1_175' title='bbox 1128 1785 1191 1835; x_wconf 89' lang='lat' dir='ltr'><strong>N.</strong></span> <span class='ocrx_word' id='word_1_176' title='bbox 1218 1785 1544 1848; x_wconf 68' lang='lat' dir='ltr'><strong>W&#39;isemann,</strong></span> <span class='ocrx_word' id='word_1_177' title='bbox 1584 1783 2046 1849; x_wconf 78' lang='lat' dir='ltr'><strong>zusammenhang</strong></span> <span class='ocrx_word' id='word_1_178' title='bbox 2083 1783 2177 1832; x_wconf 90' lang='lat' dir='ltr'><strong>der</strong></span> <span class='ocrx_word' id='word_1_179' title='bbox 2199 1784 2525 1848; x_wconf 84' lang='lat' dir='ltr'><strong>Ergebnisse</strong></span> <span class='ocrx_word' id='word_1_180' title='bbox 2551 1799 2616 1832; x_wconf 81' lang='lat' dir='ltr'><strong>w.</strong></span> <span class='ocrx_word' id='word_1_181' title='bbox 2639 1782 2968 1848; x_wconf 84' lang='lat' dir='ltr'><strong>Forschung</strong></span> <span class='ocrx_word' id='word_1_182' title='bbox 2989 1799 3050 1832; x_wconf 87' lang='lat' dir='ltr'><strong>m.</strong></span> 
     </span>
     <span class='ocr_line' id='line_1_15' title="bbox 563 1868 3050 1937; baseline -0.001 -17"><span class='ocrx_word' id='word_1_183' title='bbox 563 1870 612 1920; x_wconf 92' lang='lat' dir='ltr'><strong>d.</strong></span> <span class='ocrx_word' id='word_1_184' title='bbox 640 1886 688 1935; x_wconf 82' lang='lat' dir='ltr'><strong>g.</strong></span> <span class='ocrx_word' id='word_1_185' title='bbox 716 1870 831 1921; x_wconf 88' lang='lat' dir='ltr'><strong>Rel.</strong></span> <span class='ocrx_word' id='word_1_186' title='bbox 870 1871 1135 1936; x_wconf 84' lang='lat' dir='ltr'><strong>Regensb.</strong></span> <span class='ocrx_word' id='word_1_187' title='bbox 1165 1873 1317 1921; x_wconf 85' lang='lat'><strong>1840.</strong></span> <span class='ocrx_word' id='word_1_188' title='bbox 1355 1889 1407 1937; x_wconf 89' lang='lat' dir='ltr'><strong>p.</strong></span> <span class='ocrx_word' id='word_1_189' title='bbox 1442 1873 1561 1922; x_wconf 87' lang='grc'><strong>206.</strong></span> <span class='ocrx_word' id='word_1_190' title='bbox 1597 1889 1638 1922; x_wconf 87' lang='lat' dir='ltr'><strong>s.</strong></span> <span class='ocrx_word' id='word_1_191' title='bbox 1687 1871 1978 1934; x_wconf 87' lang='lat' dir='ltr'><strong>Friedlieb,</strong></span> <span class='ocrx_word' id='word_1_192' title='bbox 2014 1870 2264 1921; x_wconf 81' lang='lat' dir='ltr'><strong>Archiiol.</strong></span> <span class='ocrx_word' id='word_1_193' title='bbox 2301 1870 2352 1918; x_wconf 88' lang='lat' dir='ltr'><strong>d.</strong></span> <span class='ocrx_word' id='word_1_194' title='bbox 2387 1868 2807 1934; x_wconf 82' lang='lat' dir='ltr'><strong>Leidensgesch.</strong></span> <span class='ocrx_word' id='word_1_195' title='bbox 2847 1887 2902 1934; x_wconf 91' lang='lat' dir='ltr'><strong>p.</strong></span> <span class='ocrx_word' id='word_1_196' title='bbox 2941 1871 3050 1920; x_wconf 82' lang='grc'><strong>166.</strong></span> 
     </span>
     <span class='ocr_line' id='line_1_16' title="bbox 558 1956 3052 2024; baseline -0 -18"><span class='ocrx_word' id='word_1_197' title='bbox 558 1957 787 2019; x_wconf 85' lang='lat' dir='ltr'><strong>Ebrard‚</strong></span> <span class='ocrx_word' id='word_1_198' title='bbox 826 1959 967 2008; x_wconf 86' lang='lat' dir='ltr'><strong>wiss.</strong></span> <span class='ocrx_word' id='word_1_199' title='bbox 992 1959 1127 2008; x_wconf 86' lang='lat' dir='ltr'><strong>Krit.</strong></span> <span class='ocrx_word' id='word_1_200' title='bbox 1164 1958 1213 2008; x_wconf 88' lang='grc'><strong>(1.</strong></span> <span class='ocrx_word' id='word_1_201' title='bbox 1245 1974 1327 2008; x_wconf 69' lang='grc' dir='ltr'><strong>ον.</strong></span> <span class='ocrx_word' id='word_1_202' title='bbox 1355 1957 1547 2008; x_wconf 84' lang='lat' dir='ltr'><strong>Gesch.</strong></span> <span class='ocrx_word' id='word_1_203' title='bbox 1584 1975 1636 2024; x_wconf 89' lang='lat' dir='ltr'><strong>p.</strong></span> <span class='ocrx_word' id='word_1_204' title='bbox 1664 1960 1782 2008; x_wconf 83' lang='grc'><strong>561.</strong></span> <span class='ocrx_word' id='word_1_205' title='bbox 1819 1973 1861 2009; x_wconf 89' lang='lat' dir='ltr'><strong>s.</strong></span> <span class='ocrx_word' id='word_1_206' title='bbox 1904 1959 2015 2009; x_wconf 83' lang='lat' dir='ltr'><strong>Nos</strong></span> <span class='ocrx_word' id='word_1_207' title='bbox 2051 1959 2227 2007; x_wconf 89' lang='lat' dir='ltr'><strong>missis</strong></span> <span class='ocrx_word' id='word_1_208' title='bbox 2266 1972 2404 2022; x_wconf 88' lang='lat' dir='ltr'><strong>quae</strong></span> <span class='ocrx_word' id='word_1_209' title='bbox 2443 1956 2510 2006; x_wconf 80' lang='lat' dir='ltr'><strong>ad</strong></span> <span class='ocrx_word' id='word_1_210' title='bbox 2549 1971 2810 2021; x_wconf 85' lang='lat' dir='ltr'><strong>praesens</strong></span> <span class='ocrx_word' id='word_1_211' title='bbox 2848 1958 3052 2006; x_wconf 84' lang='lat' dir='ltr'><strong>institu-</strong></span> 
     </span>
     <span class='ocr_line' id='line_1_17' title="bbox 564 2041 3052 2111; baseline 0 -19"><span class='ocrx_word' id='word_1_212' title='bbox 564 2047 675 2093; x_wconf 90' lang='lat' dir='ltr'><strong>tum</strong></span> <span class='ocrx_word' id='word_1_213' title='bbox 712 2045 893 2094; x_wconf 84' lang='lat' dir='ltr'><strong>stricte</strong></span> <span class='ocrx_word' id='word_1_214' title='bbox 930 2044 1107 2094; x_wconf 83' lang='lat' dir='ltr'><strong>facere</strong></span> <span class='ocrx_word' id='word_1_215' title='bbox 1132 2059 1241 2094; x_wconf 88' lang='lat' dir='ltr'><strong>non</strong></span> <span class='ocrx_word' id='word_1_216' title='bbox 1264 2044 1527 2108; x_wconf 69' lang='lat' dir='ltr'><strong>videntur,</strong></span> <span class='ocrx_word' id='word_1_217' title='bbox 1566 2059 1746 2111; x_wconf 84' lang='lat' dir='ltr'><strong>pauca</strong></span> <span class='ocrx_word' id='word_1_218' title='bbox 1780 2044 1846 2094; x_wconf 90' lang='lat' dir='ltr'><strong>de</strong></span> <span class='ocrx_word' id='word_1_219' title='bbox 1882 2046 2000 2110; x_wconf 86' lang='lat' dir='ltr'><strong>ipsa</strong></span> <span class='ocrx_word' id='word_1_220' title='bbox 2025 2061 2081 2094; x_wconf 87' lang='lat' dir='ltr'><strong>re</strong></span> <span class='ocrx_word' id='word_1_221' title='bbox 2120 2045 2372 2094; x_wconf 80' lang='lat' dir='ltr'><strong>dicemus.</strong></span> <span class='ocrx_word' id='word_1_222' title='bbox 2413 2041 2724 2092; x_wconf 77' lang='lat' dir='ltr'><strong>Subiectum</strong></span> <span class='ocrx_word' id='word_1_223' title='bbox 2763 2060 2873 2108; x_wconf 84' lang='lat' dir='ltr'><strong>quo</strong></span> <span class='ocrx_word' id='word_1_224' title='bbox 2913 2041 3052 2092; x_wconf 86' lang='lat' dir='ltr'><strong>Chri·</strong></span> 
     </span>
     <span class='ocr_line' id='line_1_18' title="bbox 558 2129 3052 2196; baseline -0.001 -15"><span class='ocrx_word' id='word_1_225' title='bbox 558 2137 697 2182; x_wconf 85' lang='lat' dir='ltr'><strong>stum</strong></span> <span class='ocrx_word' id='word_1_226' title='bbox 734 2130 1038 2196; x_wconf 83' lang='lat' dir='ltr'><strong>patiebatur</strong></span> <span class='ocrx_word' id='word_1_227' title='bbox 1075 2137 1157 2181; x_wconf 86' lang='lat' dir='ltr'><strong>est</strong></span> <span class='ocrx_word' id='word_1_228' title='bbox 1190 2131 1395 2194; x_wconf 82' lang='lat' dir='ltr'><strong>latus,</strong></span> <span class='ocrx_word' id='word_1_229' title='bbox 1450 2137 1626 2182; x_wconf 88' lang='lat' dir='ltr'><strong>utrum</strong></span> <span class='ocrx_word' id='word_1_230' title='bbox 1663 2147 1792 2181; x_wconf 79' lang='lat' dir='ltr'><strong>vero</strong></span> <span class='ocrx_word' id='word_1_231' title='bbox 1844 2131 2133 2194; x_wconf 84' lang='lat' dir='ltr'><strong>dexterum,</strong></span> <span class='ocrx_word' id='word_1_232' title='bbox 2183 2132 2271 2181; x_wconf 79' lang='lat' dir='ltr'><strong>vel</strong></span> <span class='ocrx_word' id='word_1_233' title='bbox 2308 2132 2598 2192; x_wconf 87' lang='lat' dir='ltr'><strong>sinistrum,</strong></span> <span class='ocrx_word' id='word_1_234' title='bbox 2647 2129 2738 2180; x_wconf 83' lang='lat' dir='ltr'><strong>vel</strong></span> <span class='ocrx_word' id='word_1_235' title='bbox 2773 2135 3052 2196; x_wconf 80' lang='lat' dir='ltr'><strong>utrumque</strong></span> 
     </span>
     <span class='ocr_line' id='line_1_19' title="bbox 560 2213 3048 2285; baseline 0 -19"><span class='ocrx_word' id='word_1_236' title='bbox 560 2217 717 2267; x_wconf 79' lang='lat' dir='ltr'><strong>hasta</strong></span> <span class='ocrx_word' id='word_1_237' title='bbox 753 2247 817 2255; x_wconf 81' lang='lat'><strong>—</strong></span> <span class='ocrx_word' id='word_1_238' title='bbox 860 2213 1101 2285; x_wconf 49' lang='lat' dir='ltr'><strong>„Mis-pst,</strong></span> <span class='ocrx_word' id='word_1_239' title='bbox 1150 2232 1289 2282; x_wconf 86' lang='lat' dir='ltr'><strong>quac</strong></span> <span class='ocrx_word' id='word_1_240' title='bbox 1326 2219 1539 2284; x_wconf 87' lang='lat' dir='ltr'><strong>proprie</strong></span> <span class='ocrx_word' id='word_1_241' title='bbox 1578 2218 1878 2283; x_wconf 77' lang='lat' dir='ltr'><strong>cuspidem,</strong></span> <span class='ocrx_word' id='word_1_242' title='bbox 1929 2225 1982 2268; x_wconf 89' lang='lat' dir='ltr'><strong>et</strong></span> <span class='ocrx_word' id='word_1_243' title='bbox 2017 2217 2403 2284; x_wconf 77' lang='lat' dir='ltr'><strong>synecdochice</strong></span> <span class='ocrx_word' id='word_1_244' title='bbox 2442 2219 2686 2267; x_wconf 85' lang='lat' dir='ltr'><strong>lanceam</strong></span> <span class='ocrx_word' id='word_1_245' title='bbox 2726 2216 2954 2267; x_wconf 80' lang='lat' dir='ltr'><strong>denotat</strong></span> <span class='ocrx_word' id='word_1_246' title='bbox 2989 2244 3048 2252; x_wconf 93' lang='lat'><strong>—</strong></span> 
     </span>
     <span class='ocr_line' id='line_1_20' title="bbox 559 2303 3049 2370; baseline -0.001 -17"><span class='ocrx_word' id='word_1_247' title='bbox 559 2303 852 2370; x_wconf 81' lang='lat' dir='ltr'><strong>perfoderit</strong></span> <span class='ocrx_word' id='word_1_248' title='bbox 886 2303 1064 2366; x_wconf 87' lang='lat' dir='ltr'><strong>miles,</strong></span> <span class='ocrx_word' id='word_1_249' title='bbox 1110 2304 1164 2352; x_wconf 91' lang='lat' dir='ltr'><strong>in</strong></span> <span class='ocrx_word' id='word_1_250' title='bbox 1212 2303 1453 2354; x_wconf 84' lang='lat' dir='ltr'><strong>diversas</strong></span> <span class='ocrx_word' id='word_1_251' title='bbox 1491 2306 1782 2354; x_wconf 81' lang='lat' dir='ltr'><strong>sententias</strong></span> <span class='ocrx_word' id='word_1_252' title='bbox 1820 2306 2020 2354; x_wconf 88' lang='lat' dir='ltr'><strong>abeunt</strong></span> <span class='ocrx_word' id='word_1_253' title='bbox 2056 2306 2386 2370; x_wconf 79' lang='lat' dir='ltr'><strong>interpretes.</strong></span> <span class='ocrx_word' id='word_1_254' title='bbox 2437 2305 2572 2354; x_wconf 85' lang='lat' dir='ltr'><strong>Nam</strong></span> <span class='ocrx_word' id='word_1_255' title='bbox 2611 2320 2653 2354; x_wconf 86' lang='lat' dir='ltr'><strong>s.</strong></span> <span class='ocrx_word' id='word_1_256' title='bbox 2687 2303 2939 2354; x_wconf 84' lang='lat' dir='ltr'><strong>Joanncs</strong></span> <span class='ocrx_word' id='word_1_257' title='bbox 2977 2305 3049 2364; x_wconf 81' lang='grc'><strong>19,</strong></span> 
     </span>
     <span class='ocr_line' id='line_1_21' title="bbox 560 2387 3050 2458; baseline -0.001 -18"><span class='ocrx_word' id='word_1_258' title='bbox 560 2391 641 2440; x_wconf 81' lang='grc'><strong>34.</strong></span> <span class='ocrx_word' id='word_1_259' title='bbox 680 2388 780 2439; x_wconf 90' lang='lat' dir='ltr'><strong>hoc</strong></span> <span class='ocrx_word' id='word_1_260' title='bbox 818 2405 925 2440; x_wconf 88' lang='lat' dir='ltr'><strong>non</strong></span> <span class='ocrx_word' id='word_1_261' title='bbox 964 2387 1146 2440; x_wconf 82' lang='lat' dir='ltr'><strong>definit</strong></span> <span class='ocrx_word' id='word_1_262' title='bbox 1184 2396 1236 2440; x_wconf 87' lang='lat' dir='ltr'><strong>et</strong></span> <span class='ocrx_word' id='word_1_263' title='bbox 1270 2407 1462 2440; x_wconf 88' lang='lat' dir='ltr'><strong>nomen</strong></span> <span class='ocrx_word' id='word_1_264' title='bbox 1503 2389 1776 2458; x_wconf 60' lang='grc' dir='ltr'><strong>9,τι.·λε.υρ(ῑίς“</strong></span> <span class='ocrx_word' id='word_1_265' title='bbox 1817 2391 1882 2440; x_wconf 88' lang='lat' dir='ltr'><strong>de</strong></span> <span class='ocrx_word' id='word_1_266' title='bbox 1908 2397 2134 2457; x_wconf 84' lang='lat' dir='ltr'><strong>utraque</strong></span> <span class='ocrx_word' id='word_1_267' title='bbox 2172 2390 2353 2440; x_wconf 83' lang='lat' dir='ltr'><strong>lateris</strong></span> <span class='ocrx_word' id='word_1_268' title='bbox 2390 2396 2542 2456; x_wconf 83' lang='lat' dir='ltr'><strong>parte</strong></span> <span class='ocrx_word' id='word_1_269' title='bbox 2581 2391 2718 2440; x_wconf 85' lang='lat' dir='ltr'><strong>sumi</strong></span> <span class='ocrx_word' id='word_1_270' title='bbox 2759 2391 3050 2440; x_wconf 75' lang='lat' dir='ltr'><strong>consuevit.</strong></span> 
     </span>
     <span class='ocr_line' id='line_1_22' title="bbox 558 2475 3050 2542; baseline -0.001 -17"><span class='ocrx_word' id='word_1_271' title='bbox 558 2476 777 2526; x_wconf 85' lang='lat' dir='ltr'><strong>Interim</strong></span> <span class='ocrx_word' id='word_1_272' title='bbox 813 2491 909 2541; x_wconf 92' lang='lat' dir='ltr'><strong>pro</strong></span> <span class='ocrx_word' id='word_1_273' title='bbox 948 2475 1165 2526; x_wconf 86' lang='lat' dir='ltr'><strong>dextero</strong></span> <span class='ocrx_word' id='word_1_274' title='bbox 1204 2477 1371 2527; x_wconf 84' lang='lat' dir='ltr'><strong>latere</strong></span> <span class='ocrx_word' id='word_1_275' title='bbox 1406 2477 1587 2542; x_wconf 85' lang='lat' dir='ltr'><strong>plures</strong></span> <span class='ocrx_word' id='word_1_276' title='bbox 1624 2483 1882 2542; x_wconf 82' lang='lat' dir='ltr'><strong>pugnant,</strong></span> <span class='ocrx_word' id='word_1_277' title='bbox 1921 2505 1987 2513; x_wconf 93' lang='lat'><strong>—</strong></span> <span class='ocrx_word' id='word_1_278' title='bbox 2027 2494 2074 2528; x_wconf 86' lang='lat' dir='ltr'><strong>e.</strong></span> <span class='ocrx_word' id='word_1_279' title='bbox 2101 2494 2146 2527; x_wconf 91' lang='lat' dir='ltr'><strong>c.</strong></span> <span class='ocrx_word' id='word_1_280' title='bbox 2171 2493 2216 2526; x_wconf 87' lang='lat' dir='ltr'><strong>s.</strong></span> <span class='ocrx_word' id='word_1_281' title='bbox 2241 2477 2567 2538; x_wconf 83' lang='lat' dir='ltr'><strong>Bernardus‚</strong></span> <span class='ocrx_word' id='word_1_282' title='bbox 2591 2478 2648 2527; x_wconf 87' lang='lat' dir='ltr'><strong>in</strong></span> <span class='ocrx_word' id='word_1_283' title='bbox 2674 2477 2766 2526; x_wconf 73' lang='lat' dir='ltr'><strong>Pa.</strong></span> <span class='ocrx_word' id='word_1_284' title='bbox 2785 2479 2876 2527; x_wconf 89' lang='grc'><strong>90.</strong></span> <span class='ocrx_word' id='word_1_285' title='bbox 2901 2492 3050 2526; x_wconf 82' lang='lat' dir='ltr'><strong>serm.</strong></span> 
     </span>
     <span class='ocr_line' id='line_1_23' title="bbox 557 2563 3046 2630; baseline 0 -18"><span class='ocrx_word' id='word_1_286' title='bbox 557 2563 675 2624; x_wconf 87' lang='lat' dir='ltr'><strong>VII,</strong></span> <span class='ocrx_word' id='word_1_287' title='bbox 704 2565 787 2612; x_wconf 83' lang='lat'><strong>15.</strong></span> <span class='ocrx_word' id='word_1_288' title='bbox 824 2578 876 2628; x_wconf 88' lang='lat' dir='ltr'><strong>p.</strong></span> <span class='ocrx_word' id='word_1_289' title='bbox 906 2564 1020 2614; x_wconf 82' lang='grc'><strong>163.</strong></span> <span class='ocrx_word' id='word_1_290' title='bbox 1072 2563 1345 2624; x_wconf 87' lang='lat' dir='ltr'><strong>„dextrum</strong></span> <span class='ocrx_word' id='word_1_291' title='bbox 1392 2564 1494 2613; x_wconf 86' lang='lat' dir='ltr'><strong>sibi</strong></span> <span class='ocrx_word' id='word_1_292' title='bbox 1544 2569 1762 2629; x_wconf 86' lang='lat' dir='ltr'><strong>propter</strong></span> <span class='ocrx_word' id='word_1_293' title='bbox 1797 2579 1880 2612; x_wconf 88' lang='lat' dir='ltr'><strong>me</strong></span> <span class='ocrx_word' id='word_1_294' title='bbox 1919 2579 2108 2630; x_wconf 85' lang='lat' dir='ltr'><strong>passus</strong></span> <span class='ocrx_word' id='word_1_295' title='bbox 2145 2571 2228 2613; x_wconf 85' lang='lat' dir='ltr'><strong>est</strong></span> <span class='ocrx_word' id='word_1_296' title='bbox 2263 2564 2404 2614; x_wconf 88' lang='lat' dir='ltr'><strong>latus</strong></span> <span class='ocrx_word' id='word_1_297' title='bbox 2442 2563 2604 2613; x_wconf 75' lang='lat' dir='ltr'><strong>fodi.“</strong></span> <span class='ocrx_word' id='word_1_298' title='bbox 2646 2592 2713 2600; x_wconf 97' lang='lat'>—</span> <span class='ocrx_word' id='word_1_299' title='bbox 2753 2577 2920 2628; x_wconf 76' lang='lat' dir='ltr'><strong>quam</strong></span> <span class='ocrx_word' id='word_1_300' title='bbox 2955 2579 3046 2628; x_wconf 88' lang='lat' dir='ltr'><strong>pro</strong></span> 
     </span>
     <span class='ocr_line' id='line_1_24' title="bbox 559 2649 3049 2716; baseline 0 -17"><span class='ocrx_word' id='word_1_301' title='bbox 559 2651 799 2710; x_wconf 88' lang='lat' dir='ltr'><strong>sinistr0‚</strong></span> <span class='ocrx_word' id='word_1_302' title='bbox 848 2653 1008 2715; x_wconf 85' lang='lat' dir='ltr'><strong>atque</strong></span> <span class='ocrx_word' id='word_1_303' title='bbox 1054 2651 1359 2714; x_wconf 78' lang='lat' dir='ltr'><strong>paucissimi</strong></span> <span class='ocrx_word' id='word_1_304' title='bbox 1406 2649 1650 2699; x_wconf 78' lang='lat' dir='ltr'><strong>lanceam</strong></span> <span class='ocrx_word' id='word_1_305' title='bbox 1697 2651 1909 2700; x_wconf 86' lang='lat' dir='ltr'><strong>sinistro</strong></span> <span class='ocrx_word' id='word_1_306' title='bbox 1947 2650 2102 2700; x_wconf 85' lang='lat' dir='ltr'><strong>lateri</strong></span> <span class='ocrx_word' id='word_1_307' title='bbox 2139 2651 2424 2715; x_wconf 77' lang='lat' dir='ltr'><strong>impactam</strong></span> <span class='ocrx_word' id='word_1_308' title='bbox 2461 2667 2558 2716; x_wconf 84' lang='lat' dir='ltr'><strong>per</strong></span> <span class='ocrx_word' id='word_1_309' title='bbox 2593 2650 2738 2700; x_wconf 85' lang='lat' dir='ltr'><strong>latus</strong></span> <span class='ocrx_word' id='word_1_310' title='bbox 2777 2651 3049 2700; x_wconf 81' lang='lat' dir='ltr'><strong>dexterum</strong></span> 
     </span>
     <span class='ocr_line' id='line_1_25' title="bbox 557 2735 3048 2803; baseline 0 -17"><span class='ocrx_word' id='word_1_311' title='bbox 557 2737 833 2786; x_wconf 75' lang='lat' dir='ltr'><strong>transiisse</strong></span> <span class='ocrx_word' id='word_1_312' title='bbox 882 2741 1175 2786; x_wconf 84' lang='lat' dir='ltr'><strong>autumant.</strong></span> <span class='ocrx_word' id='word_1_313' title='bbox 1227 2735 1309 2786; x_wconf 82' lang='lat' dir='ltr'><strong>cf.</strong></span> <span class='ocrx_word' id='word_1_314' title='bbox 1348 2735 1709 2802; x_wconf 79' lang='lat' dir='ltr'><strong>Sagittarium,</strong></span> <span class='ocrx_word' id='word_1_315' title='bbox 1747 2737 1781 2786; x_wconf 92' lang='lat' dir='ltr'><strong>l.</strong></span> <span class='ocrx_word' id='word_1_316' title='bbox 1807 2753 1852 2786; x_wconf 93' lang='lat' dir='ltr'><strong>c.</strong></span> <span class='ocrx_word' id='word_1_317' title='bbox 1893 2755 1944 2803; x_wconf 88' lang='lat' dir='ltr'><strong>p.</strong></span> <span class='ocrx_word' id='word_1_318' title='bbox 1973 2739 2090 2787; x_wconf 83' lang='lat'><strong>385.</strong></span> <span class='ocrx_word' id='word_1_319' title='bbox 2155 2736 2262 2787; x_wconf 85' lang='lat' dir='ltr'><strong>Sed</strong></span> <span class='ocrx_word' id='word_1_320' title='bbox 2297 2738 2466 2788; x_wconf 85' lang='lat' dir='ltr'><strong>satius</strong></span> <span class='ocrx_word' id='word_1_321' title='bbox 2505 2743 2588 2788; x_wconf 82' lang='lat' dir='ltr'><strong>est</strong></span> <span class='ocrx_word' id='word_1_322' title='bbox 2623 2737 3048 2788; x_wconf 74' lang='lat' dir='ltr'><strong>animadvertere</strong></span> 
     </span>
     <span class='ocr_line' id='line_1_26' title="bbox 558 2822 3048 2890; baseline 0.001 -20"><span class='ocrx_word' id='word_1_323' title='bbox 558 2822 753 2872; x_wconf 78' lang='lat' dir='ltr'><strong>vulnus</strong></span> <span class='ocrx_word' id='word_1_324' title='bbox 790 2824 1015 2872; x_wconf 86' lang='lat' dir='ltr'><strong>ubertim</strong></span> <span class='ocrx_word' id='word_1_325' title='bbox 1065 2825 1375 2886; x_wconf 83' lang='lat' dir='ltr'><strong>sanguinem</strong></span> <span class='ocrx_word' id='word_1_326' title='bbox 1415 2829 1468 2873; x_wconf 87' lang='lat' dir='ltr'><strong>et</strong></span> <span class='ocrx_word' id='word_1_327' title='bbox 1505 2839 1698 2889; x_wconf 85' lang='lat' dir='ltr'><strong>aquam</strong></span> <span class='ocrx_word' id='word_1_328' title='bbox 1745 2823 1948 2874; x_wconf 76' lang='lat' dir='ltr'><strong>fudisse</strong></span> <span class='ocrx_word' id='word_1_329' title='bbox 1985 2841 2014 2873; x_wconf 88' lang='lat' dir='ltr'><strong>e</strong></span> <span class='ocrx_word' id='word_1_330' title='bbox 2052 2824 2264 2873; x_wconf 79' lang='lat' dir='ltr'><strong>divinae</strong></span> <span class='ocrx_word' id='word_1_331' title='bbox 2313 2825 2712 2874; x_wconf 82' lang='lat' dir='ltr'><strong>misericordiae</strong></span> <span class='ocrx_word' id='word_1_332' title='bbox 2751 2825 2922 2887; x_wconf 82' lang='lat' dir='ltr'><strong>fonte,</strong></span> <span class='ocrx_word' id='word_1_333' title='bbox 2959 2840 3048 2890; x_wconf 87' lang='lat' dir='ltr'><strong>pro</strong></span> 
     </span>
     <span class='ocr_line' id='line_1_27' title="bbox 560 2908 3050 2976; baseline 0.001 -19"><span class='ocrx_word' id='word_1_334' title='bbox 560 2908 801 2958; x_wconf 83' lang='lat' dir='ltr'><strong>eluendis</strong></span> <span class='ocrx_word' id='word_1_335' title='bbox 822 2909 1128 2960; x_wconf 84' lang='lat' dir='ltr'><strong>criminibus</strong></span> <span class='ocrx_word' id='word_1_336' title='bbox 1154 2911 1351 2960; x_wconf 82' lang='lat' dir='ltr'><strong>nostris</strong></span> <span class='ocrx_word' id='word_1_337' title='bbox 1370 2909 1556 2959; x_wconf 88' lang='lat' dir='ltr'><strong>ultimo</strong></span> <span class='ocrx_word' id='word_1_338' title='bbox 1576 2911 1682 2959; x_wconf 91' lang='lat' dir='ltr'><strong>hoc</strong></span> <span class='ocrx_word' id='word_1_339' title='bbox 1699 2912 1812 2960; x_wconf 81' lang='lat' dir='ltr'><strong>rivo</strong></span> <span class='ocrx_word' id='word_1_340' title='bbox 1833 2915 2150 2973; x_wconf 83' lang='lat' dir='ltr'><strong>manantem,</strong></span> <span class='ocrx_word' id='word_1_341' title='bbox 2173 2915 2332 2976; x_wconf 82' lang='lat' dir='ltr'><strong>atque</strong></span> <span class='ocrx_word' id='word_1_342' title='bbox 2357 2926 2493 2975; x_wconf 85' lang='lat' dir='ltr'><strong>sym</strong></span> <span class='ocrx_word' id='word_1_343' title='bbox 2509 2911 2542 2959; x_wconf 89' lang='lat' dir='ltr'><strong>b</strong></span> <span class='ocrx_word' id='word_1_344' title='bbox 2557 2911 2688 2961; x_wconf 85' lang='lat' dir='ltr'><strong>olis</strong></span> <span class='ocrx_word' id='word_1_345' title='bbox 2711 2912 2968 2962; x_wconf 79' lang='lat' dir='ltr'><strong>salutis</strong></span> <span class='ocrx_word' id='word_1_346' title='bbox 2991 2913 3050 2960; x_wconf 88' lang='lat' dir='ltr'><strong>in</strong></span> 
     </span>
     <span class='ocr_line' id='line_1_28' title="bbox 560 2995 3052 3064; baseline 0.001 -20"><span class='ocrx_word' id='word_1_347' title='bbox 560 2995 902 3060; x_wconf 85' lang='lat' dir='ltr'><strong>Baptismo</strong></span> <span class='ocrx_word' id='word_1_348' title='bbox 940 3003 1003 3044; x_wconf 84' lang='lat' dir='ltr'><strong>et</strong></span> <span class='ocrx_word' id='word_1_349' title='bbox 1039 2997 1477 3046; x_wconf 87' lang='lat' dir='ltr'><strong>Eucharistia</strong></span> <span class='ocrx_word' id='word_1_350' title='bbox 1514 2999 1848 3048; x_wconf 79' lang='lat' dir='ltr'><strong>serviturum.</strong></span> <span class='ocrx_word' id='word_1_351' title='bbox 1887 2999 2038 3059; x_wconf 82' lang='lat' dir='ltr'><strong>Quae</strong></span> <span class='ocrx_word' id='word_1_352' title='bbox 2073 3003 2325 3048; x_wconf 82' lang='lat' dir='ltr'><strong>constans</strong></span> <span class='ocrx_word' id='word_1_353' title='bbox 2349 2997 2701 3064; x_wconf 78' lang='lat' dir='ltr'><strong>Ant-iquitatis</strong></span> <span class='ocrx_word' id='word_1_354' title='bbox 2727 2998 3052 3050; x_wconf 72' lang='lat' dir='ltr'><strong>orthodoxae</strong></span> 
     </span>
     <span class='ocr_line' id='line_1_29' title="bbox 563 3080 3050 3150; baseline 0.001 -20"><span class='ocrx_word' id='word_1_355' title='bbox 563 3085 645 3130; x_wconf 85' lang='lat' dir='ltr'><strong>cst</strong></span> <span class='ocrx_word' id='word_1_356' title='bbox 664 3081 923 3132; x_wconf 85' lang='lat' dir='ltr'><strong>doctrina.</strong></span> <span class='ocrx_word' id='word_1_357' title='bbox 952 3080 1033 3132; x_wconf 85' lang='lat' dir='ltr'><strong>Cf.</strong></span> <span class='ocrx_word' id='word_1_358' title='bbox 1058 3081 1123 3132; x_wconf 82' lang='lat' dir='ltr'><strong>R..</strong></span> <span class='ocrx_word' id='word_1_359' title='bbox 1148 3083 1473 3145; x_wconf 84' lang='lat' dir='ltr'><strong>Bellarmini,</strong></span> <span class='ocrx_word' id='word_1_360' title='bbox 1502 3084 1565 3133; x_wconf 87' lang='lat' dir='ltr'><strong>de</strong></span> <span class='ocrx_word' id='word_1_361' title='bbox 1588 3083 1770 3134; x_wconf 86' lang='lat' dir='ltr'><strong>Contr.</strong></span> <span class='ocrx_word' id='word_1_362' title='bbox 1796 3085 1864 3134; x_wconf 92' lang='lat'><strong>11.</strong></span> <span class='ocrx_word' id='word_1_363' title='bbox 1889 3101 1932 3135; x_wconf 90' lang='lat' dir='ltr'><strong>c.</strong></span> <span class='ocrx_word' id='word_1_364' title='bbox 1959 3087 2044 3135; x_wconf 90' lang='grc'><strong>27.</strong></span> <span class='ocrx_word' id='word_1_365' title='bbox 2069 3085 2137 3134; x_wconf 88' lang='lat' dir='ltr'><strong>de</strong></span> <span class='ocrx_word' id='word_1_366' title='bbox 2163 3084 2355 3135; x_wconf 84' lang='lat' dir='ltr'><strong>effectu</strong></span> <span class='ocrx_word' id='word_1_367' title='bbox 2379 3083 2614 3134; x_wconf 85' lang='lat' dir='ltr'><strong>Sacram.</strong></span> <span class='ocrx_word' id='word_1_368' title='bbox 2641 3085 2678 3135; x_wconf 95' lang='grc'><strong>1.</strong></span> <span class='ocrx_word' id='word_1_369' title='bbox 2699 3085 2772 3134; x_wconf 91' lang='lat'><strong>11.</strong></span> <span class='ocrx_word' id='word_1_370' title='bbox 2797 3103 2850 3150; x_wconf 89' lang='lat' dir='ltr'><strong>p.</strong></span> <span class='ocrx_word' id='word_1_371' title='bbox 2878 3088 2996 3136; x_wconf 74' lang='grc'><strong>294.</strong></span> <span class='ocrx_word' id='word_1_372' title='bbox 3013 3101 3050 3132; x_wconf 81' lang='lat' dir='ltr'><strong>s.</strong></span> 
     </span>
     <span class='ocr_line' id='line_1_30' title="bbox 558 3167 3052 3237; baseline 0 -19"><span class='ocrx_word' id='word_1_373' title='bbox 558 3169 645 3218; x_wconf 88' lang='lat' dir='ltr'><strong>An</strong></span> <span class='ocrx_word' id='word_1_374' title='bbox 680 3167 914 3218; x_wconf 85' lang='lat' dir='ltr'><strong>distincti</strong></span> <span class='ocrx_word' id='word_1_375' title='bbox 949 3168 1147 3219; x_wconf 84' lang='lat' dir='ltr'><strong>fuerint</strong></span> <span class='ocrx_word' id='word_1_376' title='bbox 1170 3169 1223 3218; x_wconf 92' lang='lat' dir='ltr'><strong>hi</strong></span> <span class='ocrx_word' id='word_1_377' title='bbox 1248 3171 1507 3235; x_wconf 83' lang='lat' dir='ltr'><strong>liquores,</strong></span> <span class='ocrx_word' id='word_1_378' title='bbox 1548 3185 1617 3220; x_wconf 86' lang='lat' dir='ltr'><strong>an</strong></span> <span class='ocrx_word' id='word_1_379' title='bbox 1655 3171 1899 3221; x_wconf 82' lang='lat' dir='ltr'><strong>confusi?</strong></span> <span class='ocrx_word' id='word_1_380' title='bbox 1935 3186 2104 3237; x_wconf 83' lang='lat' dir='ltr'><strong>aeque</strong></span> <span class='ocrx_word' id='word_1_381' title='bbox 2130 3187 2164 3220; x_wconf 82' lang='lat' dir='ltr'><strong>a</strong></span> <span class='ocrx_word' id='word_1_382' title='bbox 2187 3173 2348 3221; x_wconf 83' lang='lat' dir='ltr'><strong>variis</strong></span> <span class='ocrx_word' id='word_1_383' title='bbox 2377 3171 2707 3237; x_wconf 82' lang='lat' dir='ltr'><strong>disputatum</strong></span> <span class='ocrx_word' id='word_1_384' title='bbox 2745 3173 2865 3222; x_wconf 83' lang='lat' dir='ltr'><strong>fuit.</strong></span> <span class='ocrx_word' id='word_1_385' title='bbox 2904 3171 3052 3232; x_wconf 78' lang='lat' dir='ltr'><strong>Quod</strong></span> 
     </span>
     <span class='ocr_line' id='line_1_31' title="bbox 564 3244 3052 3323; baseline 0 -19"><span class='ocrx_word' id='word_1_386' title='bbox 564 3244 719 3323; x_wconf 59' lang='lat' dir='ltr'><strong>„aina</strong></span> <span class='ocrx_word' id='word_1_387' title='bbox 754 3253 835 3304; x_wconf 77' lang='grc' dir='ltr'><strong>καὶ</strong></span> <span class='ocrx_word' id='word_1_388' title='bbox 870 3253 1036 3323; x_wconf 63' lang='lat' dir='ltr'><strong>Gomp‘⁴</strong></span> <span class='ocrx_word' id='word_1_389' title='bbox 1096 3258 1284 3306; x_wconf 86' lang='lat' dir='ltr'><strong>exiisse</strong></span> <span class='ocrx_word' id='word_1_390' title='bbox 1333 3256 1566 3320; x_wconf 86' lang='lat' dir='ltr'><strong>dicatur,</strong></span> <span class='ocrx_word' id='word_1_391' title='bbox 1624 3257 1859 3307; x_wconf 83' lang='lat' dir='ltr'><strong>iudicare</strong></span> <span class='ocrx_word' id='word_1_392' title='bbox 1917 3259 2126 3307; x_wconf 82' lang='lat' dir='ltr'><strong>videtur</strong></span> <span class='ocrx_word' id='word_1_393' title='bbox 2169 3274 2276 3308; x_wconf 88' lang='lat' dir='ltr'><strong>non</strong></span> <span class='ocrx_word' id='word_1_394' title='bbox 2325 3257 2582 3322; x_wconf 82' lang='lat' dir='ltr'><strong>obscure3</strong></span> <span class='ocrx_word' id='word_1_395' title='bbox 2640 3259 2960 3323; x_wconf 81' lang='lat' dir='ltr'><strong>sanguinem</strong></span> <span class='ocrx_word' id='word_1_396' title='bbox 3005 3263 3052 3306; x_wconf 73' lang='lat' dir='ltr'><strong>et</strong></span> 
     </span>
     <span class='ocr_line' id='line_1_32' title="bbox 560 3343 3048 3410; baseline 0 -18"><span class='ocrx_word' id='word_1_397' title='bbox 560 3357 753 3409; x_wconf 86' lang='lat' dir='ltr'><strong>aquam</strong></span> <span class='ocrx_word' id='word_1_398' title='bbox 792 3344 865 3393; x_wconf 86' lang='lat' dir='ltr'><strong>sic</strong></span> <span class='ocrx_word' id='word_1_399' title='bbox 902 3343 1234 3408; x_wconf 81' lang='lat' dir='ltr'><strong>profluxisse,</strong></span> <span class='ocrx_word' id='word_1_400' title='bbox 1276 3349 1337 3393; x_wconf 90' lang='lat' dir='ltr'><strong>ut</strong></span> <span class='ocrx_word' id='word_1_401' title='bbox 1372 3343 1621 3395; x_wconf 85' lang='lat' dir='ltr'><strong>distincte</strong></span> <span class='ocrx_word' id='word_1_402' title='bbox 1659 3346 1930 3410; x_wconf 87' lang='lat' dir='ltr'><strong>potuerint</strong></span> <span class='ocrx_word' id='word_1_403' title='bbox 1953 3345 2209 3410; x_wconf 79' lang='lat' dir='ltr'><strong>dignosci.</strong></span> <span class='ocrx_word' id='word_1_404' title='bbox 2245 3344 2443 3409; x_wconf 80' lang='lat' dir='ltr'><strong>Aperte</strong></span> <span class='ocrx_word' id='word_1_405' title='bbox 2473 3345 2642 3395; x_wconf 83' lang='lat' dir='ltr'><strong>latere</strong></span> <span class='ocrx_word' id='word_1_406' title='bbox 2671 3343 2872 3395; x_wconf 84' lang='lat' dir='ltr'><strong>Christi</strong></span> <span class='ocrx_word' id='word_1_407' title='bbox 2897 3360 3048 3394; x_wconf 76' lang='lat' dir='ltr'><strong>verus</strong></span> 
     </span>
     <span class='ocr_line' id='line_1_33' title="bbox 559 3431 3046 3497; baseline 0.001 -18"><span class='ocrx_word' id='word_1_408' title='bbox 559 3431 775 3494; x_wconf 74' lang='lat' dir='ltr'><strong>sanguis</strong></span> <span class='ocrx_word' id='word_1_409' title='bbox 812 3445 1047 3495; x_wconf 82' lang='lat' dir='ltr'><strong>veraque</strong></span> <span class='ocrx_word' id='word_1_410' title='bbox 1084 3443 1229 3496; x_wconf 88' lang='lat' dir='ltr'><strong>aqua</strong></span> <span class='ocrx_word' id='word_1_411' title='bbox 1262 3431 1437 3494; x_wconf 86' lang='lat' dir='ltr'><strong>fluxit,</strong></span> <span class='ocrx_word' id='word_1_412' title='bbox 1486 3431 1629 3497; x_wconf 89' lang='lat' dir='ltr'><strong>quod</strong></span> <span class='ocrx_word' id='word_1_413' title='bbox 1668 3431 1996 3481; x_wconf 83' lang='lat' dir='ltr'><strong>demonstrat</strong></span> <span class='ocrx_word' id='word_1_414' title='bbox 2028 3431 2374 3481; x_wconf 81' lang='lat' dir='ltr'><strong>Innocentius</strong></span> <span class='ocrx_word' id='word_1_415' title='bbox 2409 3431 2524 3492; x_wconf 84' lang='grc' dir='ltr'><strong>ΙΙΙ.,</strong></span> <span class='ocrx_word' id='word_1_416' title='bbox 2561 3432 2628 3481; x_wconf 89' lang='lat' dir='ltr'><strong>de</strong></span> <span class='ocrx_word' id='word_1_417' title='bbox 2666 3446 2826 3481; x_wconf 83' lang='lat' dir='ltr'><strong>sacro</strong></span> <span class='ocrx_word' id='word_1_418' title='bbox 2865 3432 3046 3482; x_wconf 72' lang='lat' dir='ltr'><strong>almis</strong></span> 
     </span>
     <span class='ocr_line' id='line_1_34' title="bbox 561 3516 3050 3585; baseline 0 -19"><span class='ocrx_word' id='word_1_419' title='bbox 561 3518 811 3581; x_wconf 84' lang='lat' dir='ltr'><strong>mysterio</strong></span> <span class='ocrx_word' id='word_1_420' title='bbox 847 3516 939 3579; x_wconf 92' lang='lat' dir='ltr'><strong>IV,</strong></span> <span class='ocrx_word' id='word_1_421' title='bbox 968 3519 1049 3566; x_wconf 84' lang='lat'><strong>29.</strong></span> <span class='ocrx_word' id='word_1_422' title='bbox 1078 3535 1128 3582; x_wconf 90' lang='lat' dir='ltr'><strong>p.</strong></span> <span class='ocrx_word' id='word_1_423' title='bbox 1156 3519 1273 3568; x_wconf 89' lang='grc'><strong>268.</strong></span> <span class='ocrx_word' id='word_1_424' title='bbox 1324 3517 1654 3568; x_wconf 82' lang='lat' dir='ltr'><strong>Naturaliter</strong></span> <span class='ocrx_word' id='word_1_425' title='bbox 1691 3523 1868 3567; x_wconf 86' lang='lat' dir='ltr'><strong>autem</strong></span> <span class='ocrx_word' id='word_1_426' title='bbox 1905 3518 2006 3568; x_wconf 91' lang='lat' dir='ltr'><strong>hoc</strong></span> <span class='ocrx_word' id='word_1_427' title='bbox 2042 3517 2158 3567; x_wconf 82' lang='lat' dir='ltr'><strong>fieri</strong></span> <span class='ocrx_word' id='word_1_428' title='bbox 2195 3534 2304 3568; x_wconf 90' lang='lat' dir='ltr'><strong>non</strong></span> <span class='ocrx_word' id='word_1_429' title='bbox 2352 3520 2547 3583; x_wconf 85' lang='lat' dir='ltr'><strong>potuit,</strong></span> <span class='ocrx_word' id='word_1_430' title='bbox 2596 3524 2710 3568; x_wconf 88' lang='lat' dir='ltr'><strong>tnm</strong></span> <span class='ocrx_word' id='word_1_431' title='bbox 2757 3520 2892 3585; x_wconf 80' lang='lat' dir='ltr'><strong>quia</strong></span> <span class='ocrx_word' id='word_1_432' title='bbox 2937 3533 3050 3568; x_wconf 79' lang='lat' dir='ltr'><strong>san-</strong></span> 
     </span>
     <span class='ocr_line' id='line_1_35' title="bbox 562 3603 3052 3670; baseline 0 -19"><span class='ocrx_word' id='word_1_433' title='bbox 562 3603 679 3668; x_wconf 78' lang='lat' dir='ltr'><strong>guis</strong></span> <span class='ocrx_word' id='word_1_434' title='bbox 710 3603 767 3651; x_wconf 89' lang='lat' dir='ltr'><strong>in</strong></span> <span class='ocrx_word' id='word_1_435' title='bbox 790 3607 997 3652; x_wconf 87' lang='lat' dir='ltr'><strong>mortuo</strong></span> <span class='ocrx_word' id='word_1_436' title='bbox 1036 3603 1366 3667; x_wconf 81' lang='lat' dir='ltr'><strong>coagulatur,</strong></span> <span class='ocrx_word' id='word_1_437' title='bbox 1406 3603 1545 3653; x_wconf 87' lang='lat' dir='ltr'><strong>unde</strong></span> <span class='ocrx_word' id='word_1_438' title='bbox 1570 3604 1734 3653; x_wconf 87' lang='lat' dir='ltr'><strong>fluere</strong></span> <span class='ocrx_word' id='word_1_439' title='bbox 1775 3606 1986 3669; x_wconf 84' lang='lat' dir='ltr'><strong>nequit3</strong></span> <span class='ocrx_word' id='word_1_440' title='bbox 2025 3609 2133 3653; x_wconf 89' lang='lat' dir='ltr'><strong>tum</strong></span> <span class='ocrx_word' id='word_1_441' title='bbox 2173 3604 2302 3669; x_wconf 85' lang='lat' dir='ltr'><strong>quia</strong></span> <span class='ocrx_word' id='word_1_442' title='bbox 2337 3618 2468 3653; x_wconf 82' lang='lat' dir='ltr'><strong>vera</strong></span> <span class='ocrx_word' id='word_1_443' title='bbox 2505 3619 2648 3670; x_wconf 84' lang='lat' dir='ltr'><strong>aqua</strong></span> <span class='ocrx_word' id='word_1_444' title='bbox 2675 3604 2816 3656; x_wconf 79' lang='lat' dir='ltr'><strong>haec</strong></span> <span class='ocrx_word' id='word_1_445' title='bbox 2853 3607 2968 3665; x_wconf 76' lang='lat' dir='ltr'><strong>suit,</strong></span> <span class='ocrx_word' id='word_1_446' title='bbox 3005 3611 3052 3654; x_wconf 80' lang='lat' dir='ltr'><strong>et</strong></span> 
     </span>
     <span class='ocr_line' id='line_1_36' title="bbox 561 3689 3050 3758; baseline 0.002 -19"><span class='ocrx_word' id='word_1_447' title='bbox 561 3704 671 3739; x_wconf 92' lang='lat' dir='ltr'><strong>non</strong></span> <span class='ocrx_word' id='word_1_448' title='bbox 706 3689 909 3740; x_wconf 86' lang='lat' dir='ltr'><strong>bilosus</strong></span> <span class='ocrx_word' id='word_1_449' title='bbox 948 3689 1163 3754; x_wconf 81' lang='lat' dir='ltr'><strong>quidam</strong></span> <span class='ocrx_word' id='word_1_450' title='bbox 1200 3689 1403 3740; x_wconf 89' lang='lat' dir='ltr'><strong>humor.</strong></span> <span class='ocrx_word' id='word_1_451' title='bbox 1442 3689 1640 3739; x_wconf 85' lang='lat' dir='ltr'><strong>Omnes</strong></span> <span class='ocrx_word' id='word_1_452' title='bbox 1679 3689 1731 3738; x_wconf 83' lang='lat' dir='ltr'><strong>S.</strong></span> <span class='ocrx_word' id='word_1_453' title='bbox 1759 3691 1817 3739; x_wconf 91' lang='lat' dir='ltr'><strong>P.</strong></span> <span class='ocrx_word' id='word_1_454' title='bbox 1857 3696 1911 3740; x_wconf 85' lang='lat' dir='ltr'><strong>et</strong></span> <span class='ocrx_word' id='word_1_455' title='bbox 1947 3689 1998 3739; x_wconf 79' lang='lat' dir='ltr'><strong>S.</strong></span> <span class='ocrx_word' id='word_1_456' title='bbox 2027 3691 2089 3739; x_wconf 80' lang='lat' dir='ltr'><strong>E.</strong></span> <span class='ocrx_word' id='word_1_457' title='bbox 2129 3692 2181 3739; x_wconf 88' lang='lat' dir='ltr'><strong>in</strong></span> <span class='ocrx_word' id='word_1_458' title='bbox 2220 3691 2320 3738; x_wconf 90' lang='lat' dir='ltr'><strong>hoc</strong></span> <span class='ocrx_word' id='word_1_459' title='bbox 2359 3692 2690 3740; x_wconf 82' lang='lat' dir='ltr'><strong>conveniunt</strong></span> <span class='ocrx_word' id='word_1_460' title='bbox 2712 3693 2786 3742; x_wconf 86' lang='lat' dir='ltr'><strong>ad</strong></span> <span class='ocrx_word' id='word_1_461' title='bbox 2811 3707 3050 3758; x_wconf 74' lang='lat' dir='ltr'><strong>mag-uum</strong></span> 
     </span>
     <span class='ocr_line' id='line_1_37' title="bbox 562 3775 3049 3842; baseline 0 -16"><span class='ocrx_word' id='word_1_462' title='bbox 562 3777 869 3841; x_wconf 79' lang='lat' dir='ltr'><strong>mysterium</strong></span> <span class='ocrx_word' id='word_1_463' title='bbox 905 3775 1311 3840; x_wconf 83' lang='lat' dir='ltr'><strong>significandum</strong></span> <span class='ocrx_word' id='word_1_464' title='bbox 1358 3791 1553 3842; x_wconf 83' lang='lat' dir='ltr'><strong>aquam</strong></span> <span class='ocrx_word' id='word_1_465' title='bbox 1599 3781 1652 3826; x_wconf 88' lang='lat' dir='ltr'><strong>et</strong></span> <span class='ocrx_word' id='word_1_466' title='bbox 1698 3777 2012 3841; x_wconf 82' lang='lat' dir='ltr'><strong>sanguinem</strong></span> <span class='ocrx_word' id='word_1_467' title='bbox 2051 3793 2116 3825; x_wconf 81' lang='lat' dir='ltr'><strong>ex</strong></span> <span class='ocrx_word' id='word_1_468' title='bbox 2153 3775 2320 3826; x_wconf 83' lang='lat' dir='ltr'><strong>latere</strong></span> <span class='ocrx_word' id='word_1_469' title='bbox 2357 3775 2558 3824; x_wconf 84' lang='lat' dir='ltr'><strong>Christi</strong></span> <span class='ocrx_word' id='word_1_470' title='bbox 2592 3779 2790 3826; x_wconf 87' lang='lat' dir='ltr'><strong>mortui</strong></span> <span class='ocrx_word' id='word_1_471' title='bbox 2828 3779 3049 3828; x_wconf 76' lang='lat' dir='ltr'><strong>fluxisse.</strong></span> 
     </span>
     <span class='ocr_line' id='line_1_38' title="bbox 563 3862 3052 3929; baseline -0 -17"><span class='ocrx_word' id='word_1_472' title='bbox 563 3863 648 3913; x_wconf 82' lang='lat' dir='ltr'><strong>Ita</strong></span> <span class='ocrx_word' id='word_1_473' title='bbox 684 3879 725 3914; x_wconf 89' lang='lat' dir='ltr'><strong>s.</strong></span> <span class='ocrx_word' id='word_1_474' title='bbox 760 3862 1166 3925; x_wconf 86' lang='lat' dir='ltr'><strong>Ambrosius,</strong></span> <span class='ocrx_word' id='word_1_475' title='bbox 1207 3865 1296 3928; x_wconf 89' lang='lat' dir='ltr'><strong>qui</strong></span> <span class='ocrx_word' id='word_1_476' title='bbox 1336 3879 1515 3929; x_wconf 87' lang='lat' dir='ltr'><strong>expos.</strong></span> <span class='ocrx_word' id='word_1_477' title='bbox 1542 3864 1643 3913; x_wconf 83' lang='lat' dir='ltr'><strong>Ev.</strong></span> <span class='ocrx_word' id='word_1_478' title='bbox 1671 3879 1711 3912; x_wconf 87' lang='lat' dir='ltr'><strong>s.</strong></span> <span class='ocrx_word' id='word_1_479' title='bbox 1739 3863 1872 3913; x_wconf 86' lang='lat' dir='ltr'><strong>Luc.</strong></span> <span class='ocrx_word' id='word_1_480' title='bbox 1897 3863 1932 3913; x_wconf 92' lang='lat' dir='ltr'><strong>l.</strong></span> <span class='ocrx_word' id='word_1_481' title='bbox 1957 3864 2022 3924; x_wconf 88' lang='lat' dir='ltr'><strong>X,</strong></span> <span class='ocrx_word' id='word_1_482' title='bbox 2053 3866 2167 3914; x_wconf 83' lang='lat'><strong>135.</strong></span> <span class='ocrx_word' id='word_1_483' title='bbox 2205 3864 2392 3913; x_wconf 88' lang='lat' dir='ltr'><strong>scribit</strong></span> <span class='ocrx_word' id='word_1_484' title='bbox 2433 3863 2650 3927; x_wconf 84' lang='lat' dir='ltr'><strong>„utique</strong></span> <span class='ocrx_word' id='word_1_485' title='bbox 2689 3868 2817 3927; x_wconf 84' lang='lat' dir='ltr'><strong>post</strong></span> <span class='ocrx_word' id='word_1_486' title='bbox 2841 3869 3052 3912; x_wconf 80' lang='lat' dir='ltr'><strong>mortem</strong></span> 
     </span>
     <span class='ocr_line' id='line_1_39' title="bbox 564 3947 3052 4016; baseline -0 -17"><span class='ocrx_word' id='word_1_487' title='bbox 564 3952 781 4016; x_wconf 81' lang='lat' dir='ltr'><strong>sanguis</strong></span> <span class='ocrx_word' id='word_1_488' title='bbox 815 3951 871 3999; x_wconf 88' lang='lat' dir='ltr'><strong>in</strong></span> <span class='ocrx_word' id='word_1_489' title='bbox 908 3951 1104 4000; x_wconf 87' lang='lat' dir='ltr'><strong>nostris</strong></span> <span class='ocrx_word' id='word_1_490' title='bbox 1144 3952 1456 4016; x_wconf 82' lang='lat' dir='ltr'><strong>corporibus</strong></span> <span class='ocrx_word' id='word_1_491' title='bbox 1493 3951 1846 4015; x_wconf 79' lang='lat' dir='ltr'><strong>congelascit3</strong></span> <span class='ocrx_word' id='word_1_492' title='bbox 1887 3967 1952 4000; x_wconf 86' lang='lat' dir='ltr'><strong>ex</strong></span> <span class='ocrx_word' id='word_1_493' title='bbox 1987 3950 2080 4001; x_wconf 89' lang='lat' dir='ltr'><strong>illo</strong></span> <span class='ocrx_word' id='word_1_494' title='bbox 2120 3957 2296 4000; x_wconf 87' lang='lat' dir='ltr'><strong>autem</strong></span> <span class='ocrx_word' id='word_1_495' title='bbox 2332 3951 2637 4016; x_wconf 87' lang='lat' dir='ltr'><strong>incorrupto</strong></span> <span class='ocrx_word' id='word_1_496' title='bbox 2665 3947 2798 3999; x_wconf 86' lang='lat' dir='ltr'><strong>licet</strong></span> <span class='ocrx_word' id='word_1_497' title='bbox 2823 3965 3052 4015; x_wconf 75' lang='lat' dir='ltr'><strong>corpore.</strong></span> 
     </span>
     <span class='ocr_line' id='line_1_40' title="bbox 564 4035 3052 4104; baseline 0 -18"><span class='ocrx_word' id='word_1_498' title='bbox 564 4037 660 4086; x_wconf 88' lang='lat' dir='ltr'><strong>sed</strong></span> <span class='ocrx_word' id='word_1_499' title='bbox 696 4037 947 4086; x_wconf 88' lang='lat' dir='ltr'><strong>defuncto</strong></span> <span class='ocrx_word' id='word_1_500' title='bbox 976 4037 1205 4086; x_wconf 88' lang='lat' dir='ltr'><strong>omnium</strong></span> <span class='ocrx_word' id='word_1_501' title='bbox 1232 4039 1343 4086; x_wconf 80' lang='lat' dir='ltr'><strong>vita</strong></span> <span class='ocrx_word' id='word_1_502' title='bbox 1366 4037 1635 4087; x_wconf 83' lang='lat' dir='ltr'><strong>manabat.</strong></span> <span class='ocrx_word' id='word_1_503' title='bbox 1684 4038 1841 4104; x_wconf 87' lang='lat' dir='ltr'><strong>Aqua</strong></span> <span class='ocrx_word' id='word_1_504' title='bbox 1867 4040 2006 4087; x_wconf 92' lang='lat' dir='ltr'><strong>enim</strong></span> <span class='ocrx_word' id='word_1_505' title='bbox 2033 4043 2086 4087; x_wconf 84' lang='lat' dir='ltr'><strong>et</strong></span> <span class='ocrx_word' id='word_1_506' title='bbox 2111 4039 2326 4102; x_wconf 72' lang='lat' dir='ltr'><strong>sang-uis</strong></span> <span class='ocrx_word' id='word_1_507' title='bbox 2352 4039 2542 4101; x_wconf 77' lang='lat' dir='ltr'><strong>exivit3</strong></span> <span class='ocrx_word' id='word_1_508' title='bbox 2579 4037 2675 4086; x_wconf 85' lang='lat' dir='ltr'><strong>illa</strong></span> <span class='ocrx_word' id='word_1_509' title='bbox 2703 4051 2849 4103; x_wconf 65' lang='lat' dir='ltr'><strong>quac</strong></span> <span class='ocrx_word' id='word_1_510' title='bbox 2877 4035 3052 4086; x_wconf 81' lang='lat' dir='ltr'><strong>diluat.</strong></span> 
     </span>
     <span class='ocr_line' id='line_1_41' title="bbox 564 4123 3050 4190; baseline -0.001 -18"><span class='ocrx_word' id='word_1_511' title='bbox 564 4125 664 4172; x_wconf 81' lang='lat' dir='ltr'><strong>iste</strong></span> <span class='ocrx_word' id='word_1_512' title='bbox 690 4124 779 4188; x_wconf 88' lang='lat' dir='ltr'><strong>qui</strong></span> <span class='ocrx_word' id='word_1_513' title='bbox 806 4123 1079 4172; x_wconf 84' lang='lat' dir='ltr'><strong>redimat.“</strong></span> <span class='ocrx_word' id='word_1_514' title='bbox 1107 4123 1149 4184; x_wconf 91' lang='lat'><strong>1,</strong></span> <span class='ocrx_word' id='word_1_515' title='bbox 1180 4125 1329 4172; x_wconf 84' lang='lat'><strong>1534.</strong></span> <span class='ocrx_word' id='word_1_516' title='bbox 1368 4123 1714 4176; x_wconf 84' lang='lat' dir='ltr'><strong>Innocentius</strong></span> <span class='ocrx_word' id='word_1_517' title='bbox 1740 4125 1856 4187; x_wconf 91' lang='grc' dir='ltr'><strong>ΙΙΙ.,</strong></span> <span class='ocrx_word' id='word_1_518' title='bbox 1887 4125 1920 4174; x_wconf 93' lang='grc'><strong>1.</strong></span> <span class='ocrx_word' id='word_1_519' title='bbox 1943 4141 1986 4174; x_wconf 93' lang='lat' dir='ltr'><strong>c.</strong></span> <span class='ocrx_word' id='word_1_520' title='bbox 2015 4141 2067 4190; x_wconf 91' lang='lat' dir='ltr'><strong>p.</strong></span> <span class='ocrx_word' id='word_1_521' title='bbox 2094 4126 2211 4174; x_wconf 87' lang='grc'><strong>260.</strong></span> <span class='ocrx_word' id='word_1_522' title='bbox 2250 4127 2326 4174; x_wconf 85' lang='lat' dir='ltr'><strong>ait</strong></span> <span class='ocrx_word' id='word_1_523' title='bbox 2363 4123 2542 4189; x_wconf 82' lang='lat' dir='ltr'><strong>„quod</strong></span> <span class='ocrx_word' id='word_1_524' title='bbox 2573 4124 2642 4172; x_wconf 85' lang='lat' dir='ltr'><strong>de</strong></span> <span class='ocrx_word' id='word_1_525' title='bbox 2667 4124 2842 4174; x_wconf 80' lang='lat' dir='ltr'><strong>latere</strong></span> <span class='ocrx_word' id='word_1_526' title='bbox 2863 4123 3050 4173; x_wconf 80' lang='lat' dir='ltr'><strong>Christi</strong></span> 
     </span>
     <span class='ocr_line' id='line_1_42' title="bbox 566 4209 3050 4276; baseline 0 -18"><span class='ocrx_word' id='word_1_527' title='bbox 566 4209 670 4259; x_wconf 89' lang='lat' dir='ltr'><strong>duo</strong></span> <span class='ocrx_word' id='word_1_528' title='bbox 708 4211 1001 4276; x_wconf 84' lang='lat' dir='ltr'><strong>praecipua</strong></span> <span class='ocrx_word' id='word_1_529' title='bbox 1037 4210 1315 4259; x_wconf 84' lang='lat' dir='ltr'><strong>Ecclesiae</strong></span> <span class='ocrx_word' id='word_1_530' title='bbox 1352 4217 1690 4261; x_wconf 83' lang='lat' dir='ltr'><strong>sacramenta</strong></span> <span class='ocrx_word' id='word_1_531' title='bbox 1727 4212 2004 4272; x_wconf 85' lang='lat' dir='ltr'><strong>fluxerunt,</strong></span> <span class='ocrx_word' id='word_1_532' title='bbox 2044 4211 2296 4260; x_wconf 79' lang='lat' dir='ltr'><strong>videlicet</strong></span> <span class='ocrx_word' id='word_1_533' title='bbox 2329 4216 2384 4260; x_wconf 83' lang='lat' dir='ltr'><strong>et</strong></span> <span class='ocrx_word' id='word_1_534' title='bbox 2420 4217 2818 4260; x_wconf 82' lang='lat' dir='ltr'><strong>sacramentum</strong></span> <span class='ocrx_word' id='word_1_535' title='bbox 2857 4210 3050 4260; x_wconf 81' lang='lat' dir='ltr'><strong>redem-</strong></span> 
     </span>
     <span class='ocr_line' id='line_1_43' title="bbox 565 4295 3050 4362; baseline -0 -17"><span class='ocrx_word' id='word_1_536' title='bbox 565 4297 725 4346; x_wconf 91' lang='lat' dir='ltr'><strong>tionis</strong></span> <span class='ocrx_word' id='word_1_537' title='bbox 762 4298 817 4346; x_wconf 91' lang='lat' dir='ltr'><strong>in</strong></span> <span class='ocrx_word' id='word_1_538' title='bbox 854 4298 1145 4362; x_wconf 78' lang='lat' dir='ltr'><strong>sanguino,</strong></span> <span class='ocrx_word' id='word_1_539' title='bbox 1184 4301 1236 4345; x_wconf 87' lang='lat' dir='ltr'><strong>et</strong></span> <span class='ocrx_word' id='word_1_540' title='bbox 1272 4302 1662 4347; x_wconf 82' lang='lat' dir='ltr'><strong>sacramentum</strong></span> <span class='ocrx_word' id='word_1_541' title='bbox 1699 4299 2120 4362; x_wconf 85' lang='lat' dir='ltr'><strong>regenerationis</strong></span> <span class='ocrx_word' id='word_1_542' title='bbox 2157 4300 2210 4346; x_wconf 89' lang='lat' dir='ltr'><strong>in</strong></span> <span class='ocrx_word' id='word_1_543' title='bbox 2249 4301 2442 4362; x_wconf 85' lang='lat' dir='ltr'><strong>aqua“.</strong></span> <span class='ocrx_word' id='word_1_544' title='bbox 2504 4295 2653 4346; x_wconf 85' lang='lat' dir='ltr'><strong>Idem</strong></span> <span class='ocrx_word' id='word_1_545' title='bbox 2705 4298 2869 4346; x_wconf 82' lang='lat' dir='ltr'><strong>etiam</strong></span> <span class='ocrx_word' id='word_1_546' title='bbox 2915 4297 3050 4347; x_wconf 71' lang='lat' dir='ltr'><strong>clare</strong></span> 
     </span>
     <span class='ocr_line' id='line_1_44' title="bbox 567 4381 3050 4450; baseline 0.001 -19"><span class='ocrx_word' id='word_1_547' title='bbox 567 4381 723 4432; x_wconf 88' lang='lat' dir='ltr'><strong>docet</strong></span> <span class='ocrx_word' id='word_1_548' title='bbox 759 4381 811 4432; x_wconf 82' lang='lat' dir='ltr'><strong>S.</strong></span> <span class='ocrx_word' id='word_1_549' title='bbox 849 4383 1293 4448; x_wconf 86' lang='lat' dir='ltr'><strong>Augustinus,</strong></span> <span class='ocrx_word' id='word_1_550' title='bbox 1333 4385 1388 4434; x_wconf 88' lang='lat' dir='ltr'><strong>in</strong></span> <span class='ocrx_word' id='word_1_551' title='bbox 1424 4385 1621 4434; x_wconf 83' lang='lat' dir='ltr'><strong>Joann.</strong></span> <span class='ocrx_word' id='word_1_552' title='bbox 1658 4388 1720 4433; x_wconf 88' lang='lat' dir='ltr'><strong>tr.</strong></span> <span class='ocrx_word' id='word_1_553' title='bbox 1763 4387 1877 4446; x_wconf 89' lang='grc'><strong>120,</strong></span> <span class='ocrx_word' id='word_1_554' title='bbox 1917 4388 1964 4434; x_wconf 92' lang='grc'><strong>2.</strong></span> <span class='ocrx_word' id='word_1_555' title='bbox 2003 4401 2054 4450; x_wconf 91' lang='lat' dir='ltr'><strong>p.</strong></span> <span class='ocrx_word' id='word_1_556' title='bbox 2081 4387 2199 4435; x_wconf 88' lang='grc'><strong>804.</strong></span> <span class='ocrx_word' id='word_1_557' title='bbox 2255 4383 2533 4445; x_wconf 82' lang='lat' dir='ltr'><strong>Quomodo</strong></span> <span class='ocrx_word' id='word_1_558' title='bbox 2585 4387 2764 4433; x_wconf 82' lang='lat' dir='ltr'><strong>autem</strong></span> <span class='ocrx_word' id='word_1_559' title='bbox 2814 4399 2848 4433; x_wconf 85' lang='lat' dir='ltr'><strong>a</strong></span> <span class='ocrx_word' id='word_1_560' title='bbox 2891 4383 3050 4433; x_wconf 64' lang='lat' dir='ltr'><strong>latere</strong></span> 
     </span>
     <span class='ocr_line' id='line_1_45' title="bbox 568 4467 3048 4537; baseline 0 -20"><span class='ocrx_word' id='word_1_561' title='bbox 568 4467 763 4520; x_wconf 87' lang='lat' dir='ltr'><strong>Christi</strong></span> <span class='ocrx_word' id='word_1_562' title='bbox 796 4475 1130 4520; x_wconf 82' lang='lat' dir='ltr'><strong>sacramenta</strong></span> <span class='ocrx_word' id='word_1_563' title='bbox 1164 4471 1412 4521; x_wconf 80' lang='lat' dir='ltr'><strong>fluxerint</strong></span> <span class='ocrx_word' id='word_1_564' title='bbox 1446 4471 1727 4537; x_wconf 81' lang='lat' dir='ltr'><strong>figurative</strong></span> <span class='ocrx_word' id='word_1_565' title='bbox 1755 4486 1824 4521; x_wconf 85' lang='lat' dir='ltr'><strong>an</strong></span> <span class='ocrx_word' id='word_1_566' title='bbox 1849 4473 2112 4522; x_wconf 86' lang='lat' dir='ltr'><strong>meritorie</strong></span> <span class='ocrx_word' id='word_1_567' title='bbox 2152 4471 2397 4536; x_wconf 86' lang='lat' dir='ltr'><strong>disquirit</strong></span> <span class='ocrx_word' id='word_1_568' title='bbox 2429 4470 2483 4519; x_wconf 79' lang='lat' dir='ltr'><strong>J.</strong></span> <span class='ocrx_word' id='word_1_569' title='bbox 2511 4469 2584 4518; x_wconf 85' lang='lat' dir='ltr'><strong>da</strong></span> <span class='ocrx_word' id='word_1_570' title='bbox 2609 4469 2874 4534; x_wconf 46' lang='lat' dir='ltr'><strong>Sylveirg</strong></span> <span class='ocrx_word' id='word_1_571' title='bbox 2901 4469 3048 4534; x_wconf 79' lang='lat' dir='ltr'><strong>Com·</strong></span> 
     </span>
     <span class='ocr_line' id='line_1_46' title="bbox 566 4555 3050 4622; baseline 0.002 -20"><span class='ocrx_word' id='word_1_572' title='bbox 566 4559 725 4605; x_wconf 87' lang='lat' dir='ltr'><strong>ment.</strong></span> <span class='ocrx_word' id='word_1_573' title='bbox 759 4557 813 4605; x_wconf 91' lang='lat' dir='ltr'><strong>in</strong></span> <span class='ocrx_word' id='word_1_574' title='bbox 846 4559 972 4605; x_wconf 83' lang='lat' dir='ltr'><strong>text.</strong></span> <span class='ocrx_word' id='word_1_575' title='bbox 1007 4557 1212 4620; x_wconf 84' lang='lat' dir='ltr'><strong>Evang.</strong></span> <span class='ocrx_word' id='word_1_576' title='bbox 1240 4562 1275 4605; x_wconf 92' lang='lat' dir='ltr'><strong>t.</strong></span> <span class='ocrx_word' id='word_1_577' title='bbox 1303 4558 1367 4605; x_wconf 89' lang='lat' dir='ltr'><strong>V.</strong></span> <span class='ocrx_word' id='word_1_578' title='bbox 1405 4556 1439 4606; x_wconf 94' lang='lat'><strong>1.</strong></span> <span class='ocrx_word' id='word_1_579' title='bbox 1466 4560 1515 4608; x_wconf 85' lang='lat'><strong>8.</strong></span> <span class='ocrx_word' id='word_1_580' title='bbox 1552 4574 1602 4622; x_wconf 91' lang='lat' dir='ltr'><strong>q.</strong></span> <span class='ocrx_word' id='word_1_581' title='bbox 1629 4559 1712 4607; x_wconf 90' lang='grc'><strong>12.</strong></span> <span class='ocrx_word' id='word_1_582' title='bbox 1747 4574 1798 4622; x_wconf 89' lang='lat' dir='ltr'><strong>p.</strong></span> <span class='ocrx_word' id='word_1_583' title='bbox 1826 4558 1946 4606; x_wconf 87' lang='grc'><strong>496.</strong></span> <span class='ocrx_word' id='word_1_584' title='bbox 1999 4559 2246 4622; x_wconf 89' lang='lat' dir='ltr'><strong>Denique</strong></span> <span class='ocrx_word' id='word_1_585' title='bbox 2292 4573 2401 4606; x_wconf 87' lang='lat' dir='ltr'><strong>non</strong></span> <span class='ocrx_word' id='word_1_586' title='bbox 2437 4555 2728 4606; x_wconf 83' lang='lat' dir='ltr'><strong>diffitemur</strong></span> <span class='ocrx_word' id='word_1_587' title='bbox 2778 4557 3050 4622; x_wconf 78' lang='lat' dir='ltr'><strong>disputari.</strong></span> 
     </span>
     <span class='ocr_line' id='line_1_47' title="bbox 568 4641 3052 4708; baseline 0 -18"><span class='ocrx_word' id='word_1_588' title='bbox 568 4657 633 4690; x_wconf 84' lang='lat' dir='ltr'><strong>ex</strong></span> <span class='ocrx_word' id='word_1_589' title='bbox 670 4657 779 4705; x_wconf 84' lang='lat' dir='ltr'><strong>qua</strong></span> <span class='ocrx_word' id='word_1_590' title='bbox 815 4646 965 4705; x_wconf 82' lang='lat' dir='ltr'><strong>parte</strong></span> <span class='ocrx_word' id='word_1_591' title='bbox 1002 4641 1153 4689; x_wconf 84' lang='lat' dir='ltr'><strong>laesa</strong></span> <span class='ocrx_word' id='word_1_592' title='bbox 1186 4644 1404 4704; x_wconf 84' lang='lat' dir='ltr'><strong>sanguis</strong></span> <span class='ocrx_word' id='word_1_593' title='bbox 1442 4649 1495 4691; x_wconf 74' lang='lat' dir='ltr'><strong>et</strong></span> <span class='ocrx_word' id='word_1_594' title='bbox 1532 4657 1674 4708; x_wconf 86' lang='lat' dir='ltr'><strong>aqua</strong></span> <span class='ocrx_word' id='word_1_595' title='bbox 1714 4643 2045 4692; x_wconf 77' lang='lat' dir='ltr'><strong>effluxerint?</strong></span> <span class='ocrx_word' id='word_1_596' title='bbox 2099 4644 2283 4694; x_wconf 84' lang='lat' dir='ltr'><strong>Militis</strong></span> <span class='ocrx_word' id='word_1_597' title='bbox 2329 4643 2538 4692; x_wconf 80' lang='lat' dir='ltr'><strong>hastam</strong></span> <span class='ocrx_word' id='word_1_598' title='bbox 2589 4643 2658 4692; x_wconf 85' lang='lat' dir='ltr'><strong>ad</strong></span> <span class='ocrx_word' id='word_1_599' title='bbox 2703 4641 3052 4707; x_wconf 84' lang='lat' dir='ltr'><strong>pericardium</strong></span> 
     </span>
    </p>
   </div>
  </div>
 </body>
</html>
