3267 5259
560 432 690 497 332
904 418 911 423 ι
1296 446 1411 489 mst.
1441 446 1548 489 Rev.
1578 446 1666 488 div.
1695 448 1859 490 Period.
1889 448 1944 488 11.
1966 460 2072 500 cap.
2101 448 2301 500 primum.

720 728 779 807 ἓ.
831 729 934 794 66.
1028 725 1335 791 Saulus
1382 726 1678 791 caedis
1723 729 2066 813 spirans
2113 726 2213 791 ad
2259 725 2524 791 fidem
2573 727 2910 792 Christi

1512 834 2095 897 convertitur.

770 1020 1266 1085 Excedentibus
1310 1020 1772 1105 Hierosolyma
1815 1020 2136 1103 fidelibus,
2184 1021 2414 1086 deerat
2442 1020 2688 1085 ibidem
2719 1022 3070 1087 saeviendi

562 1134 629 1197 in
673 1134 850 1218 ipsos
897 1135 1157 1198 occasio
1184 1135 1225 1195 ¹.
1318 1132 1553 1197 Saulus
1610 1142 1867 1198 tumens
1911 1134 2300 1198 Pharisaeus
2319 1136 2364 1215 ²,
2423 1156 2570 1198 cum
2627 1133 2960 1199 audiisset
3011 1136 3072 1195 iu

566 1244 707 1309 aliis
768 1244 1137 1309 civitatibus
1196 1244 1633 1330 Evangelium
1679 1244 2083 1331 praedicari3
2155 1256 2222 1309 et
2277 1222 2660 1331 praesertim
2707 1246 3074 1311 Damasci-'⁶

569 1380 711 1421 esse
729 1357 772 1422 J
774 1356 1040 1439 udanS,
1068 1356 1465 1444 quiMosaici
1499 1359 1770 1422 instituti
1801 1360 1960 1422 ritus
1990 1357 2418 1443 negligerent,
2445 1380 2523 1422 eo
2549 1360 2888 1425 concessit
2905 1364 2958 1423 ⁴.
2987 1359 3072 1423 Ut

568 1471 1155 1556 appropinquavit5
1182 1469 1514 1534 Damasco
1530 1473 1574 1553 (⁵,
1608 1480 1806 1555 atque
1833 1470 1914 1534 de
1941 1469 2282 1535 conatibus
2310 1472 2442 1535 suis
2467 1492 2743 1555 magnos
2767 1484 3074 1557 speraret

567 1592 839 1645 eventus
861 1585 901 1663 ⁷,
929 1583 1263 1668 inopinato
1290 1582 1835 1667 circumfulgente
1862 1582 2104 1647 lumine
2129 1592 2491 1669 prostratus
2510 1606 2593 1646 ex
2611 1605 2814 1668 eque,
2841 1582 3072 1647 didicit

565 1694 690 1758 hac
739 1694 1155 1780 expeditione
1202 1718 1336 1760 non
1380 1694 1675 1759 homines
1721 1694 1836 1759 sed
1882 1694 2098 1758 Deum
2147 1697 2360 1780 ipsum
2403 1698 2554 1781 peti.
2603 1694 2875 1759 Etenim
2917 1719 3068 1761 con-

564 1808 744 1872 tinuo
792 1806 997 1871 oculis
1044 1817 1273 1893 captus
1295 1811 1337 1891 3,
1384 1808 1615 1873 Jesum
1660 1808 1784 1873 hac
1831 1830 1996 1871 voce
2043 1807 2518 1893 alloquentem:
2581 1807 2808 1891 Saule,
2843 1808 3070 1891 Saule,

566 1920 722 2004 quid
788 1942 893 1983 me
952 1921 1399 2007 persequeris!
1470 1922 1732 2006 excepit
1759 1924 1801 1984 9.
1893 1920 2181 1985 Comites
2237 1930 2458 1985 autem
2515 1922 2652 1984 eius
2699 1923 3066 2007 stupefacti

565 2030 907 2096 confusum
950 2033 1213 2118 quidem
1251 2035 1433 2097 vocis
1472 2056 1702 2097 sonum
1743 2032 2151 2115 audiverunt,
2189 2030 2397 2097 verba
2433 2056 2589 2097 vero
2629 2056 2764 2097 non
2815 2034 3072 2099 intelle-

564 2156 803 2209 xerunt
826 2148 891 2210 ¹⁰.
938 2144 1135 2211 Saulo
1188 2144 1514 2230 obrigenti
1546 2155 1741 2232 atquc
1793 2146 1878 2209 ad
1910 2147 2128 2209 omnia
2168 2168 2236 2209 se
2269 2156 2568 2232 paratum
2597 2148 2908 2231 professo
2945 2148 3066 2211 hoc

570 2288 708 2295 ἡ
731 2288 914 2295 ——a—
935 2290 979 2293 --

776 2357 813 2423 ¹)
853 2357 1149 2422 Explicatis
1188 2356 1449 2407 hactenus
1487 2372 1627 2423 quae
1665 2356 1734 2407 ad
1770 2358 2036 2409 Historias
2072 2358 2230 2407 Pauli
2271 2357 2618 2407 illustrandas
2655 2358 2886 2421 faciunt,
2927 2375 3070 2408 nunc

564 2460 882 2495 conversum
907 2442 1144 2505 Saulum,
1182 2459 1303 2493 cum
1338 2446 1512 2509 gratia
1546 2450 1794 2495 naturam
1830 2443 2153 2508 perficiente,
2191 2444 2412 2494 intentis
2444 2458 2604 2510 quam
2627 2446 2868 2495 maxime
2895 2446 3068 2495 oeulis

562 2532 879 2581 intueamur.
939 2530 1066 2581 Fuit
1102 2545 1233 2581 sane
1271 2530 1421 2580 Sauli
1458 2533 1737 2581 conversio
1783 2530 2156 2592 illustrissima,
2195 2532 2309 2581 sive
2355 2530 2718 2581 conditionem
2753 2533 2878 2581 eius
2917 2540 3066 2581 ante-

566 2616 883 2679 cedammm,
930 2619 1043 2668 sive
1088 2617 1303 2667 modum
1348 2619 1489 2681 eins,
1538 2620 1652 2667 sive
1698 2632 1940 2668 connexa
1987 2622 2302 2683 spectemus.
2378 2616 2421 2682 ²)
2469 2617 2604 2667 Cum
2648 2634 2747 2683 per
2781 2618 3068 2668 biennium

562 2705 672 2753 iam
706 2703 1006 2754 Ecclesiam
1042 2706 1147 2755 Dei
1182 2705 1532 2770 «Isi-osolymis
1568 2707 1826 2755 acerrime
1861 2708 2143 2755 vastasset.
2194 2686 2362 2754 chJ,
2388 2705 2448 2754 P.
2471 2704 2734 2769 Mynster‚
2769 2706 3066 2755 Annalium

564 2791 913 2841 Paulinorurn
949 2792 1301 2842 adumbratim
1351 2792 1526 2843 Havn.
1556 2795 1706 2843 1845.
1739 2808 1789 2857 p.
1817 2791 1865 2841 7.
1923 2790 1960 2857 ³)
1999 2792 2298 2841 Damascus
2333 2792 2472 2858 Ρῒξᾯῑ
2507 2787 2790 2859 Δαμασκός,
2825 2793 2962 2843 urbs
2987 2798 3068 2841 est

566 2886 934 2950 antiquissima
954 2887 1073 2937 coll.
1089 2887 1221 2938 Gen.
1238 2890 1433 2951 14,15.‚
1452 2890 1732 2939 notissima
1749 2888 2067 2953 metropolin
2077 2886 2264 2951 Syriae
2283 2885 2442 2949 iliius,
2465 2902 2604 2953 quae
2621 2887 2768 2936 inter
2788 2888 3064 2937 Libanum

566 2978 621 3021 et
642 2971 1009 3022 Antilibanum
1034 2976 1359 3039 continetur-3
1397 2980 1559 3040 atque
1592 2974 1786 3040 Syria
1818 2974 2228 3024 Damascena
2259 2972 2579 3037 adpellatur.
2627 2972 2862 3023 Adsidet
2887 2975 3056 3025 monti

564 3058 817 3121 Hermon,
856 3076 887 3109 e
912 3076 1017 3125 qno
1056 3061 1389 3111 descendunt
1420 3062 1567 3111 fluvii
1605 3061 1820 3111 Barada
1843 3067 1898 3112 et
1921 3060 2184 3121 Avadsch,
2224 3059 2348 3109 coll.
2368 3060 2463 3109 ·1V.
2489 3060 2622 3125 Reg.
2649 3062 2702 3122 6,
2733 3062 2818 3110 12.
2871 3062 3064 3109 Aliana

568 3150 621 3194 et
654 3145 962 3211 Pharphaz,
1012 3162 1197 3213 agrum
1232 3148 1628 3199 Damascenum
1663 3148 1968 3213 irrigantes.
2029 3146 2172 3197 Urbs
2218 3145 2318 3195 fuit
2363 3146 2804 3211 frequentissima
2843 3152 2900 3196 et
2933 3162 3064 3213 opu—

564 3231 877 3295 lentissima,
913 3234 1009 3283 sed
1046 3249 1185 3300 quae
1209 3234 1285 3285 uti
1313 3236 1489 3285 varias
1528 3238 1748 3300 experta
1783 3250 1958 3284 rernm
1993 3232 2404 3293 vicissitudines,
2435 3234 2514 3281 ita
2549 3238 2606 3282 et
2627 3247 2799 3297 saepe
2837 3236 3064 3283 mutavit

566 3318 822 3371 dominos.
870 3320 1023 3370 Pauli
1050 3326 1227 3371 aetate
1250 3336 1447 3387 magna
1470 3322 1547 3371 ibi
1568 3322 1606 3371 J
1609 3322 1901 3372 udaeorum
1927 3321 2084 3385 copia
2109 3324 2224 3369 erat
2260 3319 2381 3369 coil.
2406 3319 2664 3385 Joaepho,
2705 3319 2774 3368 de
2801 3320 2950 3369 bello
2991 3320 3060 3368 11.

567 3408 650 3466 20,
677 3409 725 3456 2.
752 3424 803 3472 p.
828 3409 946 3457 206.
1009 3408 1051 3473 ⁴)
1090 3409 1380 3473 Impetrata
1416 3409 1744 3473 amplissima
1771 3424 1804 3457 a
1829 3406 2079 3471 pontifice
2115 3412 2384 3472 potestate
2421 3405 2490 3454 ad
2515 3406 2640 3454 illos
2677 3407 3062 3471 opprimendos

566 3493 889 3543 Damascum
934 3496 1220 3559 pergebat3
1270 3500 1329 3545 ut
1365 3496 1409 3545 si
1448 3510 1581 3560 quos
1618 3496 1694 3543 ibi
1729 3495 1993 3543 inveniret
2036 3493 2360 3543 christianae
2403 3490 2528 3541 fidei
2571 3497 2873 3543 sectatores
2906 3494 3061 3543 Jeru-

568 3578 800 3643 solymas
834 3581 1043 3631 vinctos
1080 3581 1372 3631 adduceret
1408 3596 1442 3631 a
1478 3580 1738 3646 Synedrio
1774 3580 2104 3631 iudicandos.
2168 3579 2207 3645 ⁵)
2245 3580 2502 3629 Terror-es
2534 3593 2600 3628 ac
2635 3580 2864 3629 caedem
2897 3580 3062 3629 medi-

567 3670 725 3715 tatus.
798 3665 839 3732 ὅ)
876 3668 1049 3729 Quam
1095 3668 1277 3718 urbem
1324 3682 1502 3717 coram
1550 3668 1873 3717 intuebatur.
1951 3668 1992 3731 7)
2029 3667 2092 3715 In
2137 3667 2354 3732 publica
2391 3668 2504 3728 via,
2552 3666 2707 3716 locus
2752 3666 2846 3715 ille
2893 3683 3060 3731 prope

566 3753 751 3803 urbem
775 3754 883 3803 iam
919 3758 1095 3804 aetate
1128 3770 1169 3805 s.
1188 3755 1487 3819 Augustini,
1526 3755 1646 3804 coll.
1675 3752 1838 3804 Serm.
1859 3756 1978 3816 278,
2001 3755 2046 3802 1.
2072 3769 2124 3818 p.
2148 3754 2298 3802 1123.
2338 3752 2407 3801 ob
2435 3757 2618 3803 tantae
2643 3754 2726 3801 rei
2751 3754 3060 3802 memoriam

568 3838 796 3889 ecclesia
840 3847 1059 3891 ornatus
1106 3846 1235 3891 erat.
1296 3841 1458 3890 Notat
1507 3856 1547 3890 s.
1581 3842 1760 3891 Lucas
1806 3841 1970 3889 fuisse
2014 3838 2068 3889 id
2113 3841 2258 3888 circa
2301 3843 2554 3904 tempus
2601 3839 3060 3888 meridianum.

568 3925 609 3992 ⁸)
647 3926 728 3976 Cf.
754 3925 807 3976 J.
836 3926 897 3976 G.
924 3926 1119 3989 Baieri,
1158 3927 1225 3977 de
1262 3918 1527 3977 coecitate
1558 3927 1730 3989 Pauli,
1767 3928 1824 3975 in
1859 3926 2016 3976 Thes.
2042 3942 2164 3975 ιιον.
2201 3942 2252 3991 p.
2279 3926 2398 3975 604.
2424 3940 2466 3974 s.
2515 3924 2568 3974 J.
2595 3926 2658 3974 P.
2685 3925 2950 3987 Battum-i,
2993 3925 3059 3974 de

568 4013 732 4063 Saulo
778 4013 1075 4064 illuminato
1124 4019 1177 4063 et
1223 4030 1319 4079 per
1367 4014 1601 4063 triduiun
1648 4014 1816 4064 oculis
1865 4013 2120 4063 destituto
2167 4012 2289 4061 Jen.
2331 4013 2482 4061 1702.
2555 4012 2600 4071 ⁹)
2653 4012 2790 4061 Visa
2835 4014 3058 4077 primum

566 4101 735 4151 Panlo
774 4100 863 4150 lux
900 4104 1005 4162 est,
1041 4100 1157 4149 Act.
1192 4102 1249 4161 9,
1287 4103 1334 4150 3.
1384 4102 1474 4160 26,
1514 4102 1594 4149 13.
1645 4114 1752 4165 qua
1785 4099 2126 4149 indicabatur
2171 4099 2342 4163 gloria
2378 4100 2690 4163 apparentis
2731 4098 2942 4149 Christi.
2981 4100 3058 4147 ib.

568 4189 615 4249 9,
644 4188 725 4236 17.
764 4190 847 4249 22,
878 4189 957 4236 14.
1010 4186 1257 4237 Ceterum
1294 4186 1408 4236 Act.
1436 4189 1484 4249 9,
1512 4188 1558 4235 7.
1597 4202 1718 4236 cum
1754 4188 1836 4247 22,
1865 4188 1912 4235 9.
1949 4186 2164 4235 minime
2199 4191 2419 4249 pugnat,
2458 4185 2603 4250 prior
2637 4185 2795 4234 locus
2835 4184 2898 4235 de
2923 4200 3059 4233 voce

568 4267 775 4339 ἂσήμω,
826 4274 960 4323 alter
996 4274 1063 4323 de
1100 4273 1381 4323 articulato
1418 4288 1663 4323 sermone
1701 4272 2007 4338 capiendus.
2069 4270 2202 4321 Coll.
2239 4272 2436 4321 Joann.
2476 4274 2560 4333 12,
2597 4274 2683 4320 28.
2725 4273 2810 4321 29.
2886 4272 2942 4335 Ιῠ)
2983 4270 3058 4321 151

566 4346 737 4409 victas
776 4359 985 4410 Christo
1022 4375 1211 4409 manus
1246 4360 1390 4409 illico
1428 4360 1699 4425 praebuit,
1739 4364 1792 4409 et
1827 4374 1985 4424 quem
2021 4358 2178 4408 modo
2214 4358 2643 4422 persequebatur
2677 4358 2896 4419 hostem,
2929 4373 3060 4407 mox

566 4445 790 4494 tremulo
830 4462 919 4495 ore
956 4446 1270 4508 Dominum,
1322 4447 1413 4511 qui
1452 4461 1573 4495 eum
1608 4446 1678 4495 ab
1727 4450 1878 4495 utero
1930 4446 2114 4495 matris
2162 4444 2230 4493 ad
2279 4444 2740 4510 praedicationem
2775 4445 3062 4508 Evangelii

570 4532 872 4596 segregavit
908 4532 1026 4582 Gal.
1067 4535 1111 4595 1,
1148 4534 1228 4582 15.
1268 4534 1510 4597 agnovit3
1550 4538 1601 4582 et
1639 4531 1784 4597 quod
1819 4532 1894 4581 rei
1933 4538 2098 4595 caput
2133 4535 2214 4580 est
2247 4536 2362 4581 toto
2399 4532 2578 4581 animo
2619 4531 2690 4581 ad
2727 4532 3062 4596 obiurgantis

570 4630 629 4667 se
664 4612 817 4667 offert
850 4618 984 4668 Jesu
1022 4618 1217 4668 Christi
1256 4619 1587 4684 obsequium.
1945 4613 1951 4620 ’
