3267 5259
612 418 737 485 188
1360 430 1555 473 nouem
1586 431 1954 483 Diuquiaitionum
1984 432 2338 485 ιιιοοιοςιωηιιι.

609 610 777 669 Certe
830 610 869 668 J
870 612 1019 669 osias
1064 610 1103 668 J
1104 610 1409 671 echoniam
1462 630 1578 669 non
1639 613 1878 689 physice
1937 618 1998 670 et
2057 611 2392 671 immediate
2457 614 2692 687 genuit3
2765 614 2866 671 sed
2911 634 3068 691 aeque
3184 688 3185 703 ἢ

607 720 833 773 certum
864 720 951 773 est
980 717 1227 775 verbum
1258 714 1579 792 ,,γεννάω“,
1612 718 1708 775 cui
1749 718 2058 792 respondet
2087 717 2492 775 Hebraeorum
2522 712 2628 792 4:22,
2662 717 2730 775 in
2758 717 2817 775 S.
2849 718 2905 775 S.
2933 718 3070 775 haud
3184 712 3185 721 ’

610 838 743 876 raro
788 818 985 877 latiori
1032 820 1461 894 significatione
1500 821 1686 891 sumi3
1733 820 1864 879 coll.
1899 820 2039 881 Isai.
2076 826 2152 879 39
2174 867 2189 894 ,
2230 826 2285 879 7.
2319 826 2622 896 praeterea
2649 824 2834 879 etiam
2859 828 3070 897 nepotes

609 923 673 979 in
708 924 929 981 divinis
960 925 1191 999 paginis
1220 924 1506 1001 appellari
1535 924 1726 983 solent
1747 922 1864 981 υἱοί.
1906 925 2074 983 Idem
2103 925 2262 983 valet
2291 926 2360 982 de
2385 927 2694 1001 postremis
2723 926 2954 984 vocibus
2975 920 3071 999 ,καὶ

606 1022 729 1093 τοὺς
774 1021 1043 1102 ἀδελφοὺς
1088 1025 1301 1103 αὺτοῦίς
1348 1028 1633 1086 nimirum
1677 1028 1892 1086 fratres
1934 1030 2002 1087 hi
2037 1029 2352 1087 Jechoniae
2395 1030 2643 1087 fuerunt
2679 1031 2877 1087 eodem
2903 1032 3066 1095 mod0‚
3184 1098 3185 1105 ἵ

606 1148 721 1207 quo
752 1131 875 1205 ipse
896 1130 931 1187 J
934 1132 1204 1189 echonias
1233 1131 1271 1189 J
1272 1131 1425 1189 osiae
1456 1132 1635 1190 filius.
1699 1133 1758 1189 N
1759 1138 1934 1191 atura
1973 1133 2074 1191 hic
2111 1134 2306 1191 minus
2353 1135 2683 1192 attenditur
2703 1180 2717 1205 ,
2755 1153 2926 1212 quam
2951 1154 3070 1190 usus
3184 1134 3185 1145 ¹

606 1232 908 1311 loquendi,
943 1236 1007 1293 in
1036 1254 1151 1313 quo
1180 1254 1377 1293 omnes
1420 1242 1686 1311 respect-u
1719 1236 1758 1294 J
1759 1238 1912 1295 osiae
1957 1257 2125 1313 pares
2143 1282 2158 1309 ,
2191 1237 2306 1295 filii
2335 1238 2488 1308 eius,
2523 1244 2584 1295 et
2611 1238 2896 1311 singulari
2923 1258 3070 1295 sensu

606 1338 767 1395 inter
802 1358 863 1395 se
904 1338 1119 1397 fratres
1164 1338 1281 1399 dici
1324 1344 1665 1415 potuerunt.
1725 1340 1814 1399 Cf.
1850 1341 1939 1398 IV
1971 1342 2112 1415 Reg.
2151 1346 2249 1412 24,
2293 1347 2388 1399 15.
2430 1348 2526 1399 17.
2575 1341 2708 1399 coll.
2743 1342 2864 1399 Jer.
2898 1346 2989 1409 37,
3025 1348 3069 1397 1.
3184 1334 3185 1385 ἶ

604 1440 739 1499 Jam
769 1441 957 1515 igitur
986 1444 1059 1501 ad
1090 1464 1135 1501 s.
1169 1444 1389 1502 Lucam
1420 1445 1740 1503 redeamus.

814 1546 949 1605 Non
994 1546 1207 1605 ultima
1252 1549 1426 1605 huius
1478 1548 1730 1607 illustris
1783 1550 2218 1625 disceptationis
2263 1552 2664 1609 controversia
2711 1534 2974 1607 vematur
3019 1552 3072 1605 in
3184 1616 3185 1619 Ἴ

608 1650 953 1724 detegendO,
988 1670 1093 1709 cur
1122 1652 1227 1711 illo
1256 1672 1302 1711 s.
1320 1653 1610 1711 Matthaei
1643 1652 1905 1727 catalogo
1935 1653 2106 1728 longe
2129 1656 2318 1711 maior
2339 1654 2494 1729 apud
2515 1674 2563 1710 s.
2589 1653 2812 1710 Lucam
2841 1658 3072 1711 exstaret
3184 1678 3185 1733 j

606 1756 1053 1828 generationum
1082 1756 1397 1815 numerus?
1442 1756 1505 1813 Si
1528 1758 1926 1815 coniecturam
1955 1759 2214 1833 experiri
2239 1758 2326 1815 fas
2349 1763 2454 1829 est,
2479 1759 2768 1833 suspicari
2793 1758 2942 1814 haud
2963 1758 3072 1813 sine
3184 1830 3185 1841 ἵ

606 1859 735 1917 veri
781 1863 967 1934 specie
1013 1860 1219 1929 liceat3
1268 1862 1405 1918 inde
1448 1866 1640 1919 ortam
1671 1860 1838 1918 illam
1883 1863 2336 1937 discrepantiam
2353 1908 2368 1934 ,
2417 1863 2569 1939 quod
2611 1861 2896 1919 Hebraeis
2925 1860 3076 1917 valde
3184 1938 3185 1953 χ

608 1964 819 2021 tritum
862 1964 1060 2023 fuerat
1102 1963 1168 2022 in
1214 1964 1581 2039 Genealogiis
1634 1985 1752 2023 non
1805 1966 2002 2023 omnia
2045 1972 2104 2023 et
2148 1965 2494 2040 singulatim
2549 1966 2833 2023 exhibere
2883 1964 3075 2039 capita.
3184 1954 3185 1957 ¹

607 2067 793 2145 quue
838 2087 903 2135 eo
948 2068 1143 2127 minus
1188 2068 1523 2127 offensionis
1566 2070 1782 2127 habere
1829 2074 2087 2145 poterat,
2135 2071 2288 2147 quod
2319 2071 2418 2127 avi
2450 2070 2630 2127 etiam
2674 2074 2851 2147 atque
2891 2068 3075 2144 proavi

608 2172 759 2247 apud
792 2172 1089 2231 Hebraeos
1120 2179 1313 2247 patres
1344 2178 1716 2231 vocarentur.
1765 2174 2000 2231 Talium
2029 2174 2406 2231 omissionum
2435 2174 2710 2249 exempla
2739 2178 3072 2231 cernuntur:
3184 2186 3185 2197 ¹

606 2275 789 2333 Ruth.
827 2280 883 2345 4,
922 2281 1020 2334 20.
1068 2276 1196 2335 coll.
1230 2278 1409 2335 Num.
1447 2283 1513 2348 2,
1552 2282 1606 2335 3.
1653 2278 1870 2336 Matth.
1911 2284 1974 2348 1,
2013 2284 2069 2334 8.
2117 2277 2246 2335 coll.
2281 2278 2369 2336 ΙΙ.
2403 2278 2539 2335 Par.
2575 2283 2684 2347 26,
2729 2283 2782 2335 1.
2847 2276 3074 2334 Interim

608 2380 664 2437 d.
698 2380 884 2438 Lucas
928 2400 1047 2441 non
1090 2380 1279 2439 solum
1323 2382 1497 2456 plura
1539 2400 1718 2459 quam
1761 2402 1806 2439 s.
1841 2382 2212 2451 Matthaeus3
2259 2382 2356 2439 sed
2389 2384 2568 2439 etiam
2599 2383 2836 2440 diversa
2862 2382 3076 2439 nomina

605 2483 641 2541 J
644 2504 744 2542 esu
776 2485 1069 2543 Maiorum
1113 2485 1373 2559 catalogo
1408 2505 1511 2543 suo
1540 2485 1812 2543 inseruit.
1878 2485 2105 2543 Deinde
2135 2487 2238 2543 ubi
2279 2506 2326 2543 s.
2359 2486 2696 2543 Matthaeus
2727 2486 2874 2543 dicit
2905 2492 2956 2555 1,
2991 2488 3075 2541 16.

609 2588 805 2657 ,Jacob
852 2594 1049 2647 autem
1093 2592 1299 2664 genuit
1326 2589 1541 2665 Joseph
1584 2588 1788 2654 virum
1817 2590 2042 2647 Mariae
2061 2635 2075 2660 ,
2123 2590 2194 2647 de
2237 2608 2356 2667 qua
2399 2594 2574 2647 natus
2617 2594 2706 2645 aet
2749 2589 2786 2645 J
2789 2608 2942 2659 esne,
2983 2588 3074 2663 qui

607 2699 852 2750 vocatur
881 2692 1201 2763 Christus‘3
1252 2694 1439 2751 Lucas
1470 2698 1676 2751 contra
1706 2698 1762 2763 3,
1801 2698 1900 2751 23.
1935 2694 2134 2771 inquit
2179 2694 2279 2765 ,Et
2307 2693 2430 2769 ipse
2457 2693 2495 2751 J
2497 2712 2625 2750 esus
2655 2699 2788 2751 erat
2816 2692 3077 2767 incipiens

606 2798 773 2874 quasi
804 2816 1095 2855 annorum
1124 2798 1393 2872 triginta,
1426 2802 1495 2855 ut
1524 2799 1846 2874 putabatur
1877 2798 2037 2855 filius
2065 2797 2104 2855 J
2105 2799 2298 2873 oseph,
2333 2798 2437 2875 qui
2465 2797 2584 2854 fuit
2617 2829 2684 2839 —-
2715 2796 2810 2861 τοῦ
2835 2828 2909 2839 -
2933 2796 3075 2863 Heli,
3184 2824 3185 2833 κ

606 2902 711 2977 qui
740 2900 859 2959 fuit
887 2902 1160 2959 Mathat.‘
1220 2902 1285 2959 Si
1314 2901 1504 2976 igitur
1532 2901 1802 2959 Christus
1835 2901 2007 2959 iuxta
2037 2922 2083 2959 s.
2116 2902 2484 2959 Matthaeum
2529 2902 2766 2975 genitus
2809 2906 2896 2959 est
2929 2910 3076 2976 pat-re
3184 2908 3185 2979 J

606 3003 851 3075 Jacob0,
898 3024 1015 3083 qua
1060 3006 1286 3064 ratione
1316 3006 1386 3063 dc
1416 3024 1482 3063 eo
1514 3010 1670 3063 recte
1712 3006 1830 3063 dici
1879 3009 2067 3081 potest
2112 3006 2224 3081 ,τοῦ
2270 3001 2419 3061 ‘ms
2437 3003 2464 3060 ?
2523 3004 2604 3062 Et
2634 3006 2734 3061 hic
2763 3010 2852 3063 est
2877 3024 3018 3061 unus
3045 3023 3072 3059 e

608 3109 935 3184 praecipuis
966 3108 1269 3180 arietibus,
1301 3109 1515 3186 quibus
1546 3109 1870 3167 adversarii
1894 3129 2016 3167 non
2041 3109 2230 3167 solum
2252 3108 2653 3182 Genealogias,
2683 3110 2782 3166 sed
2813 3114 2872 3167 et
2899 3109 3073 3166 Evan-

608 3211 765 3286 gelia
786 3213 843 3270 S.
868 3213 1155 3271 Matthaei
1180 3220 1239 3271 et
1260 3213 1317 3270 S.
1343 3213 1536 3271 Lucae
1568 3212 1972 3289 impetierunt.
2033 3214 2397 3289 Responsum
2419 3214 2494 3270 ad
2523 3213 2678 3271 hanc
2699 3215 3073 3291 quaestionem

608 3336 805 3374 omnes
856 3316 1135 3391 fatigavit
1186 3316 1244 3375 S.
1290 3316 1349 3373 S.
1398 3316 1784 3392 interpretes;
1847 3317 2225 3393 reperiuntur
2281 3317 2454 3375 hodie
2501 3336 2758 3395 quoque,
2813 3316 2914 3395 qui
2967 3335 3074 3373 eam

609 3422 869 3478 nondum
921 3420 1171 3479 solutam
1230 3423 1593 3479 existimant.
1679 3422 1800 3479 Nos
1860 3424 2056 3479 varias
2108 3426 2168 3479 et
2221 3422 2480 3481 diversas
2539 3421 2605 3479 in
2665 3420 3076 3479 commentariis

610 3523 858 3602 aliisque
903 3524 963 3581 id
1012 3545 1194 3599 genus
1242 3524 1477 3601 scriptis
1522 3524 1810 3600 dispersas
1853 3526 2172 3583 sententias
2201 3544 2318 3583 non
2360 3525 2796 3599 recolligamus;
2845 3527 2940 3583 sed
2967 3543 3076 3581 eam
3184 3578 3185 3589 2

608 3647 757 3705 quae
796 3629 1135 3688 melioribus
1175 3629 1395 3687 nititur
1444 3628 1772 3687 rationibus
1815 3629 2096 3703 elegimus
2115 3674 2130 3701 ‚
2181 3634 2242 3693 et
2271 3631 2426 3707 quod
2475 3630 2550 3686 ad
2579 3648 2708 3686 eam
2746 3629 3076 3687 fulciendam

609 3733 866 3791 occurrit
908 3734 1284 3809 proferemus.
1346 3731 1493 3791 Cum
1526 3733 1591 3789 in
1622 3739 1870 3810 utraque
1913 3732 2266 3807 Genealogia
2303 3734 2407 3791 ubi
2449 3732 2764 3793 diversitas
2794 3736 3074 3791 nominum

610 3837 837 3913 incipit,
871 3838 956 3896 ibi
988 3839 1167 3895 etiam
1198 3836 1503 3894 manifeste
1534 3836 1846 3894 diversitas
1877 3856 2260 3912 personarum
2287 3835 2564 3911 incipiat3
2598 3838 2964 3895 consecutive
2989 3836 3076 3913 qui

608 3944 765 4017 apud
813 3963 860 3999 s.
894 3942 1263 3999 Matthaeum
1314 3940 1533 3998 dicitur
1586 3943 1852 4013 genuisse
1902 3940 1938 3997 J
1940 3942 2220 4016 osephum
2267 3941 2307 3998 J
2309 3944 2517 4000 acobus
2535 3986 2550 4012 ,
2615 3943 2689 4000 ab
2743 3942 2886 3999 Heli
2943 3940 3076 4016 apud
3184 4014 3185 4017 Ἴ

608 4068 653 4103 s,
686 4047 909 4104 Lucam
925 4091 940 4118 ‚
986 4046 1151 4104 cuius
1180 4044 1341 4103 filius
1371 4044 1591 4103 dicitur
1620 4044 1657 4101 J
1659 4045 1904 4119 osephus
1935 4043 2382 4117 distinguendus
2425 4050 2530 4103 est.
2593 4046 2812 4121 Opinio
2843 4045 3075 4103 maxime

608 4156 841 4226 recepta
886 4152 960 4209 ad
1004 4148 1475 4209 conciliationem
1526 4147 1836 4225 utriusque
1885 4148 2300 4222 Evangelistae
2351 4155 2473 4207 est:
2529 4152 2683 4227 quod
2735 4172 2783 4209 s.
2816 4151 2852 4208 J
2854 4152 3076 4226 osephus

608 4256 750 4313 duos
779 4254 1057 4313 habuerit
1086 4259 1302 4331 patres,
1337 4272 1524 4310 unum
1550 4254 1864 4307 naturalem
1907 4270 1982 4309 sc.
2020 4254 2317 4323 Jacobum‚
2361 4255 2432 4312 de
2461 4274 2576 4332 quo
2617 4255 2838 4313 Matth.
2878 4260 2929 4326 1,
2966 4258 3076 4318 16.;

610 4358 862 4417 alterum
906 4361 1133 4431 leqalem
1178 4378 1253 4415 sc.
1290 4359 1447 4426 Heli,
1494 4376 1597 4431 per
1649 4375 1824 4433 quem
1867 4356 2054 4414 Lucas
2103 4358 2287 4433 ipsius
2333 4376 2517 4435 usque
2557 4360 2629 4416 ad
2673 4358 2872 4434 ipsum
2909 4359 3077 4415 Deum

610 4463 851 4520 reduxit
878 4462 1185 4537 originem.
1248 4462 1368 4519 Ofr.
1402 4461 1560 4519 Deut
1594 4466 1692 4531 25,
1730 4466 1789 4517 5.
1849 4460 1930 4518 H.
1965 4462 2036 4519 R.
2070 4461 2144 4518 D.
2180 4462 2252 4519 V.
2285 4462 2351 4519 T.
2385 4482 2444 4537 p.
2483 4468 2622 4520 169.
2686 4463 2922 4521 Placuit
2956 4464 3080 4518 haec

608 4566 903 4627 sententia
948 4568 1005 4624 S.
1039 4566 1403 4642 AugustinO,
1449 4564 1555 4642 qui
1608 4566 1678 4622 de
1723 4583 1878 4623 cone.
1925 4565 2036 4623 Ev.
2079 4566 2167 4623 II.
2205 4570 2261 4636 3,
2301 4571 2356 4623 7.
2399 4565 2666 4641 scripsit:
2731 4567 2850 4637 ,Sic
2893 4563 3079 4640 genuit
3184 4642 3185 4645 Ἴ
