3267 5259
574 384 703 447 516
1230 374 1237 383 ’
1307 395 1423 436 nint.
1458 395 1563 435 Rev.
1596 394 1685 437 div.
1715 394 1882 436 Period.
1913 394 1967 435 11.
1987 406 2082 446 cap.
2111 394 2312 434 alterum.

574 576 861 654 quidquid
891 576 948 633 d.
982 576 1236 633 Joannes
1268 576 1557 633 teterrimi
1590 574 1867 633 describit
1896 576 2084 631 eidem
2113 573 2402 631 Ecclesiae
2444 578 2661 630 temere
2707 571 3062 647 appingunt.

574 681 686 738 Sed
718 682 826 737 hae
860 679 1367 755 interpretationes
1392 700 1427 737 a
1449 679 1700 737 veritate
1733 680 1818 737 ita
1847 680 2182 749 abhorrent,
2209 684 2278 736 ut
2298 677 2392 736 vel
2426 678 2500 736 ab
2531 678 2770 735 illorum
2805 678 3063 751 pruden-

574 786 825 843 tioribus
847 791 907 841 et
930 786 1112 859 magis
1136 786 1334 863 aequis
1366 786 1776 859 improbentur
1799 782 1838 841 ¹.
1883 784 2003 841 Nos
2028 784 2092 841 in
2121 783 2468 859 explicando
2491 781 2673 839 Libro
2699 784 2811 839 hoe
2835 785 3061 855 Apoca-

576 890 816 965 lypticO‚
844 891 1101 947 maxime
1126 889 1424 947 colendam
1448 888 1778 947 censuimus
1805 889 1964 947 viam
1991 908 2058 946 ac
2081 891 2367 946 rationem
2391 906 2536 959 eam,
2562 906 2738 965 quam
2765 886 3066 960 ingressus

575 1000 661 1051 est
704 994 1109 1067 sagacissimus
1146 994 1551 1053 Ludovicus
1594 996 1676 1052 ab
1723 994 1984 1051 Alcasa
1997 1015 2052 1065 r,
2105 991 2472 1068 Hispalensis
2519 1011 2550 1047 e
2593 991 2886 1049 Societate
2925 990 3066 1047 Jesu

786 1271 823 1337 ¹)
861 1271 951 1320 Sic
988 1270 1114 1320 olim
1150 1272 1254 1320 iam
1292 1270 1451 1336 Hugo
1491 1270 1724 1333 Grotius,
1765 1269 1828 1319 de
1865 1268 2188 1319 Antichristo
2235 1272 2620 1319 commentatus
2667 1270 2860 1331 sensit3
2907 1271 3068 1319 euius

574 1360 741 1408 verba
790 1358 951 1423 digna
998 1363 1144 1422 sunt,
1184 1362 1243 1408 ut
1278 1372 1311 1407 a
1346 1358 1501 1408 nobis
1550 1356 1600 1407 h.
1641 1357 1674 1407 l.
1714 1359 2030 1406 recitentur:
2086 1357 2341 1418 „Em-um,
2383 1357 2482 1417 ait,
2521 1358 2614 1421 qui
2661 1356 2894 1405 schisma
2943 1372 3069 1405 esse

574 1451 887 1513 perpetuum
924 1444 1127 1506 volunt,
1166 1446 1257 1510 qui
1296 1445 1365 1493 ad
1400 1446 1575 1510 ipsum
1613 1445 1833 1494 unitatis
1859 1444 2138 1493 Ecclesiae
2177 1450 2230 1492 et
2265 1443 2584 1493 concordiae
2621 1459 2818 1493 nomen
2852 1452 3068 1493 contre-

574 1534 817 1594 miscunt,
856 1533 1077 1581 interest
1113 1533 1316 1597 Papam
1354 1531 1497 1580 credi
1522 1529 1921 1593 Antichristum,
1961 1545 2024 1580 ac
2063 1546 2169 1580 non
2207 1544 2366 1595 posse
2401 1545 2510 1579 non
2547 1546 2665 1579 esse
2701 1529 2863 1579 talem
2890 1547 3070 1595 usque

574 1620 643 1669 ad
680 1620 895 1669 Domini
932 1619 1234 1669 adventum.
1282 1620 1361 1669 Ni
1398 1618 1684 1669 schisma
1721 1623 1899 1669 esset
1933 1633 2058 1667 non
2095 1617 2417 1667 haberent
2451 1618 2638 1667 multi
2675 1616 2850 1667 unde
2885 1620 3066 1667 vive-

574 1712 742 1767 rent,
794 1712 847 1756 et
883 1723 1002 1757 cum
1047 1708 1149 1771 ipsi
1200 1708 1313 1755 sine
1363 1722 1459 1773 spe
1506 1706 1767 1755 mercedis
1819 1704 1886 1755 de
1935 1707 2102 1755 sacris
2151 1705 2348 1754 Literis
2395 1720 2462 1753 ne
2511 1706 2798 1769 cogitaturi
2845 1705 3068 1769 quidem

572 1794 795 1856 fuerint,
851 1793 987 1843 alios
1035 1793 1101 1843 de
1151 1808 1209 1842 se
1262 1794 1601 1841 metiuntur“.
1665 1791 1765 1857 Op.
1804 1792 1876 1842 th.
1915 1792 2014 1853 IV,
2052 1794 2172 1841 475.
2211 1809 2252 1842 s.
2313 1790 2667 1841 Nihilominus
2724 1808 2832 1841 non
2885 1792 3068 1841 solum

574 1881 918 1945 antiquiores,
952 1896 996 1929 e.
1030 1896 1074 1929 e.
1114 1878 1173 1929 C.
1199 1880 1459 1944 Vitringa,
1502 1873 1666 1946 ἀνακρ.
1704 1878 1927 1953 qpocal.
1961 1878 2158 1928 Joann.
2183 1879 2281 1943 Ap.
2319 1878 2550 1943 Praneq.
2591 1880 2741 1928 1705.
2781 1896 2831 1943 p.
2871 1879 2992 1927 785.
3018 1896 3070 1929 s.

572 1968 669 2017 sed
724 1973 777 2016 et
826 1968 1303 2017 recentissimomm
1358 1971 1832 2015 commentatorum
1889 1965 2304 2016 acatholicorum
2337 1994 2402 2001 -
2445 1965 2715 2025 (hussen,
2765 1966 2962 2015 Daniel
3011 1966 3070 2015 le

574 2054 830 2119 prophete
866 2054 934 2117 11,
962 2056 1044 2103 ⁶26.
1070 2070 1112 2104 s.
1158 2053 1341 2115 Effiot,
1378 2053 1543 2103 horae
1580 2052 2007 2119 apocalypticae.
2043 2053 2216 2104 Lond.
2258 2053 2408 2102 1851.
2447 2052 2528 2101 ed.
2561 2052 2657 2101 IV.
2692 2052 2792 2114 111,
2821 2056 2869 2101 5.
2893 2068 2940 2102 s.
2967 2053 3068 2113 lv,

578 2143 656 2191 18.
694 2158 737 2190 s.
799 2140 857 2190 C.
895 2141 956 2191 A.
993 2140 1288 2201 Auberlen,
1338 2140 1433 2189 der
1469 2141 1705 2205 Prophet
1738 2140 1950 2189 Daniel.
1995 2139 2106 2189 und
2152 2139 2238 2189 die
2286 2138 2652 2205 Offenbarung
2695 2138 2964 2189 Johannis
3007 2141 3072 2188 in

573 2228 737 2278 ihrem
776 2229 1175 2293 gegcnseitigen
1212 2227 1542 2277 Verhiiltniss
1582 2227 1892 2277 betrachtet.
1931 2227 2109 2277 Basel.
2137 2227 2286 2276 1857.
2325 2244 2375 2292 p.
2403 2228 2520 2275 316.
2569 2227 2796 2289 Ebrard,
2835 2226 2920 2275 die
2958 2226 3070 2276 Off.

572 2315 695 2366 Joh.
730 2315 987 2380 Konigsb.
1017 2318 1165 2365 1853.
1202 2332 1254 2381 p.
1284 2317 1363 2365 19.
1390 2330 1429 2364 s.
1459 2344 1525 2351 ——-
1550 2314 1694 2364 haud
1731 2315 1915 2380 pauci;
1953 2330 2062 2364 non
2087 2314 2232 2363 aliud
2258 2320 2425 2378 agunt
2458 2315 2517 2363 in
2553 2313 2654 2363 hoe
2688 2314 2852 2363 Libro
2891 2314 3082 2381 expli--

573 2403 771 2464 cando,
822 2418 981 2467 quam
1027 2408 1085 2453 ut
1121 2403 1499 2469 Apocalypsim
1546 2403 1804 2452 inservire
1842 2402 2044 2452 faciant
2079 2401 2423 2467 blasphemiis
2469 2406 2658 2451 contra
2702 2400 2754 2450 S.
2791 2401 3068 2451 Romano·

574 2488 905 2540 Catholicam
944 2490 1257 2553 Ecclesiam,
1298 2506 1522 2555 quorum
1558 2489 1990 2539 cavillationibus
2027 2494 2263 2539 attamen
2287 2488 2418 2539 nihil
2443 2492 2525 2539 est
2547 2490 2719 2553 magis
2751 2488 3067 2553 insipidum.

572 2577 743 2638 Quam
770 2579 823 2627 in
850 2594 959 2627 rem
984 2577 1113 2627 illud
1140 2577 1309 2627 solum
1334 2582 1595 2627 notamus.
1636 2576 1900 2627 Constans
1927 2582 1980 2626 et
2007 2580 2266 2643 perpetua
2289 2576 2504 2626 traditio
2532 2575 2688 2625 docet
2713 2576 2878 2641 Apoe.
2909 2576 2974 2626 C.
3001 2576 3066 2625 C.

576 2666 655 2713 17.
683 2670 735 2713 et
762 2667 841 2714 18.
869 2664 988 2713 coll.
1020 2666 1099 2713 13.
1138 2664 1239 2713 sub
1266 2666 1479 2713 nomine
1504 2664 1796 2729 Babylonis
1821 2665 2042 2713 Romam
2079 2664 2332 2729 gentilem
2361 2678 2478 2713 esse
2505 2664 2840 2727 descriptam.
2879 2664 3064 2713 Deuo—

572 2753 789 2801 minatio
830 2752 961 2801 haec
1000 2752 1400 2801 fundamentum
1436 2766 1589 2801 suum
1625 2751 1790 2801 habet
1823 2753 1878 2800 in
1917 2754 2192 2816 utriusque
2221 2750 2461 2816 perfecta
2495 2750 2872 2813 similitudine3
2915 2752 3064 2815 quod

572 2838 641 2888 ad
678 2838 1106 2905 magnitudinem,
1146 2839 1465 2904 superbiam,
1506 2838 1934 2905 adpellationem,
1971 2838 2169 2899 luxum,
2219 2836 2594 2898 idololatriam,
2635 2838 3062 2901 persecutionem

573 2924 903 2985 Sanctorum,
942 2930 996 2974 et
1032 2941 1185 2975 omne
1234 2941 1401 2991 genus
1448 2924 1921 2975 abominationum.
1976 2924 2089 2973 Nec
2125 2940 2284 2989 porro
2322 2940 2430 2973 non
2466 2928 2646 2989 potest
2679 2940 2786 2973 non
2835 2926 3062 2989 agnosci

571 3013 817 3073 Romam,
868 3027 1025 3077 qnam
1072 3017 1274 3077 septem
1326 3011 1549 3061 collibus
1584 3040 1650 3048 —-
1686 3016 1837 3061 erant
1880 3011 1986 3060 illi:
2040 3011 2362 3071 Aventinus,
2410 3009 2766 3077 Capitolinus,
2819 3011 3058 3071 Coelius,

572 3099 898 3164 Esquilinus,
936 3099 1229 3161 Palatinus,
1269 3098 1573 3160 Quirinalis,
1610 3097 1904 3160 viminalis,
1951 3126 2008 3133 —-
2049 3096 2457 3159 inaedificatam,
2505 3103 2668 3162 atque
2715 3098 2838 3147 inde
2885 3100 3048 3165 septi-

572 3186 723 3235 collis
757 3202 949 3235 nomen
987 3186 1247 3249 retulisse,
1286 3187 1455 3236 omnis
1480 3186 1656 3250 prodit
1680 3186 2000 3251 Antiquitas.
2037 3184 2335 3235 Exhibetur
2361 3185 2486 3234 urbs
2512 3185 2718 3235 famosa
2743 3186 2842 3235 sub
2869 3187 3050 3250 specie

572 3274 863 3323 meretricis
902 3288 1140 3338 magnae,
1184 3288 1321 3338 quae
1370 3273 1523 3322 sedet
1556 3288 1717 3338 super
1766 3272 2006 3333 bestiam,
2057 3287 2272 3321 suorum
2309 3272 2704 3337 imperatorum,
2758 3288 3054 3338 procerum,

573 3366 891 3423 senatorum,
932 3361 1167 3424 equitum
1215 3375 1453 3425 purpura
1498 3366 1797 3425 ornatuque
1834 3359 2064 3424 superbe
2102 3360 2360 3423 gestiens3
2405 3364 2564 3423 atque
2604 3376 2820 3409 suorum
2855 3361 3050 3407 civium

572 3447 826 3495 immenso
852 3447 981 3496 luxu
1006 3446 1279 3509 diffluens3
1319 3462 1456 3511 quae
1484 3448 1627 3495 omni
1654 3446 1814 3512 impio
1843 3446 2005 3507 cultu,
2032 3447 2196 3495 nimia
2221 3446 2614 3511 superstitione,
2643 3462 2764 3496 cum
2791 3452 3056 3511 apparatu

574 3548 737 3599 supra
774 3533 984 3583 modum
1013 3535 1272 3599 exquisito
1305 3534 1574 3582 serviebat
1596 3534 1860 3599 mysteriis
1885 3534 2106 3598 impuris
2131 3534 2443 3598 paganismi.
2486 3533 2566 3593 17,-
2597 3536 2644 3581 1.
2671 3536 2720 3582 3.
2746 3536 2796 3582 4.
2819 3536 2864 3581 5.
2891 3536 2940 3582 9.
2969 3536 3050 3582 15.

574 3620 669 3669 Isti
716 3626 839 3669 sunt
884 3621 1243 3681 characteres,
1296 3622 1386 3686 qui
1430 3622 1790 3671 vastissimum
1835 3622 2112 3685 imperium
2146 3619 2542 3669 idololatr-icum
2578 3619 2852 3669 evidenter
2887 3620 3049 3684 signi-

574 3706 761 3771 ficant3
800 3709 1111 3773 praesertim
1160 3714 1335 3757 autem
1381 3708 1525 3773 quod
1574 3708 1900 3757 dominatum
1949 3702 2220 3757 exerceret
2253 3708 2308 3755 in
2344 3722 2496 3771 reges
2547 3713 2748 3768 terrae,
2795 3722 2856 3756 ac
2901 3708 3058 3755 ebria

574 3796 643 3843 sit
696 3795 763 3843 de
819 3796 1077 3859 sanguine
1134 3794 1449 3844 Sanctorum
1504 3798 1557 3843 et
1610 3794 1678 3843 de
1732 3795 1992 3859 sanguine
2047 3799 2336 3859 martyrum
2383 3794 2533 3842 Jesu.
2574 3794 2656 3854 17,
2709 3796 2755 3843 6.
2795 3795 2872 3843 18.
2931 3794 3053 3841 Hoc

574 3884 842 3946 gnorisma
866 3883 1070 3931 notorie
1098 3881 1228 3930 nulli
1256 3882 1405 3931 alteri
1432 3883 1684 3946 competit
1707 3881 1858 3943 Urbi,
1887 3882 2026 3930 sicut
2049 3882 2251 3931 Romae
2275 3895 2546 3946 paganae3
2585 3882 2737 3931 cuius
2763 3880 3053 3929 destnietio

572 3968 839 4033 plenaque
878 3970 1031 4018 ruina
1066 3970 1191 4017 item
1229 3970 1343 4018 cius
1379 3970 1610 4034 imperii,
1658 3970 1890 4017 omnium
1940 3983 2079 4033 quae
2129 3968 2342 4017 fuerant
2390 3968 2515 4017 olim
2567 3969 2778 4017 maximi
2827 3968 3050 4015 fortissi-

570 4058 747 4120 mique
786 4055 964 4105 totalis
1002 4070 1160 4105 casus
1209 4056 1588 4121 praedicuntur
1628 4058 1709 4118 17,
1750 4058 1861 4120 16.;
1919 4062 1972 4105 et
2007 4061 2262 4120 tanquam
2309 4054 2529 4121 impleta
2575 4056 2744 4105 oculis
2793 4056 3052 4103 sistuntur

571 4148 682 4193 toto
722 4159 765 4192 c.
808 4145 885 4193 18.
938 4142 992 4191 Si
1030 4143 1163 4192 haec
1201 4159 1327 4208 ergo
1366 4149 1447 4193 est
1494 4144 1698 4193 bestiae
1736 4142 2080 4207 significatio,
2128 4144 2244 4192 iure
2282 4148 2336 4192 et
2370 4144 2558 4192 merito
2597 4143 2736 4193 falsa
2772 4149 2824 4191 et
2855 4142 3048 4189 insana

570 4231 955 4295 interpretandi
981 4232 1114 4280 ratio
1141 4232 1453 4293 revincitur3
1492 4244 1629 4296 quae
1657 4230 1778 4280 odio
1819 4245 1882 4279 ac
1919 4230 2084 4279 furori
2107 4244 2204 4279 suo
2245 4230 2298 4278 in
2328 4228 2519 4279 Sedem
2544 4229 2897 4295 Apostolicam
2919 4234 3044 4276 tan-

572 4322 755 4381 topere
781 4317 1035 4382 indulget,
1074 4323 1133 4367 ut
1157 4317 1380 4367 bestiam
1406 4318 1831 4383 apocalypticam
1858 4334 1966 4367 non
1991 4334 2087 4382 pro
2113 4317 2339 4381 Imperio
2365 4316 2607 4366 Romano
2636 4315 2827 4366 Christi
2849 4329 3040 4363 nomen

571 4404 909 4453 acerbissime
946 4405 1267 4467 insectante3
1307 4404 1400 4453 sed
1444 4420 1540 4469 pro
1580 4404 1776 4453 Christi
1812 4404 2040 4455 Vicariis
2075 4408 2310 4469 usurpet.
2366 4403 2562 4451 Verum
2611 4402 2738 4466 quid
2782 4416 2902 4466 opus
2953 4406 3044 4450 eat

572 4489 769 4538 diutius
813 4492 865 4539 in
910 4490 991 4540 his
1038 4490 1237 4540 delitiis
1284 4490 1575 4541 refutandis
1620 4492 1912 4552 immorari,
1964 4492 2086 4541 olim
2131 4492 2240 4540 iam
2288 4489 2532 4539 refutatis
2582 4488 2652 4537 ab
2698 4486 3044 4538 eruditissimo

570 4575 843 4639 AlcasarO,
882 4594 932 4642 p.
960 4578 1077 4626 669.
1106 4594 1147 4627 s.
1200 4576 1445 4642 Guyaux,
1482 4578 1650 4644 praef.
1687 4593 1736 4626 n.
1765 4581 1812 4627 8.
1849 4595 1900 4643 p.
1927 4580 1975 4627 4.
1999 4592 2044 4627 s.
2081 4578 2326 4643 aliisque.
