3267 5259
1063 434 1283 477 matoria
1309 436 1354 475 s,
1373 435 1556 477 somnis
1590 436 1832 487 Baptistae.
2396 410 2406 415 ’
2614 428 2689 490 21

215 606 489 671 Joannes
557 605 926 671 Zachariae
985 607 1152 673 filius
1218 608 1524 695 idemque
1591 609 1859 675 Domini
1924 632 2342 696 praecursor,
2412 635 2695 697 superno

213 720 424 805 spiritu
451 718 724 783 illustris
751 722 820 783 in
852 720 1138 785 medium
1169 722 1426 808 prodiit.
1481 722 1560 785 In
1589 732 1779 787 vasta
1808 722 2105 787 Judaeae
2140 746 2359 788 eremo
2392 734 2697 809 receptus

213 834 396 895 vitam
441 842 680 917 egerat
723 832 896 918 frugi
941 833 1184 920 oppido
1234 844 1300 899 et
1344 845 1691 917 austeram,
1760 837 2002 922 quippe
2052 838 2159 922 qui
2197 844 2380 900 veste
2424 860 2509 901 ex
2553 837 2698 922 pilis

214 944 530 1009 camelinis
579 956 930 1027 contexta,
995 957 1060 1011 et
1106 948 1408 1012 coriacea
1463 971 1630 1013 zona
1692 951 1941 1013 cinctus
1958 998 1975 1031 ,
2036 947 2303 1013 locustis
2363 971 2441 1012 ac
2504 950 2697 1014 melle

213 1060 433 1142 agresti
479 1058 915 1141 vescebatur,
961 1062 1150 1146 panis
1196 1071 1262 1124 et
1302 1062 1437 1125 vini
1483 1060 1841 1125 abstemius
1866 1066 1901 1124 ¹.
1994 1063 2289 1147 Regione
2337 1083 2506 1147 quae
2553 1061 2697 1127 Jor-

213 1170 348 1234 dani
409 1170 610 1237 fluvio
685 1194 964 1237 amoeno
1035 1181 1101 1237 et
1142 1174 1306 1238 vicis
1374 1182 1693 1259 consepta
1759 1175 2179 1241 circumiacet
2199 1176 2255 1257 ²,
2324 1184 2693 1261 peragrata,

211 1285 620 1347 ministerium
701 1307 892 1349 suum
966 1260 1342 1371 auspicatus
1421 1295 1537 1351 est.
1642 1286 1951 1351 Messiam
2026 1296 2208 1351 tanta
2282 1288 2696 1353 saeculorum

213 1400 698 1483 exspectatione
747 1396 1207 1482 desideratum,
1249 1398 1574 1463 Christum
1619 1401 1870 1463 aeterni
1914 1398 2127 1464 Patris
2170 1398 2393 1482 filium,
2436 1402 2503 1464 in
2546 1423 2695 1486 pro-

213 1511 436 1595 pinquo
475 1532 626 1576 esse
668 1511 1010 1594 inclamat,
1067 1534 1370 1576 severum
1407 1511 1691 1576 iudicem
1730 1534 1770 1575 a
1809 1513 2179 1577 contumaci
2210 1522 2407 1596 gente
2446 1536 2695 1600 poenas

211 1631 573 1706 sumturum,
621 1626 696 1689 ni
741 1634 1108 1711 opportune
1154 1625 1512 1709 resipiscat,
1561 1608 1643 1687 et·
1670 1624 1903 1709 dignos
1956 1626 2399 1709 poenitentiae
2445 1625 2695 1690 fructus

213 1734 412 1799 facere
437 1738 730 1801 enitatur
748 1740 790 1800 3.
811 1737 978 1801 Tum
1003 1736 1357 1801 Salvatoris
1373 1738 1651 1821 gratiam
1674 1736 2083 1823 praedicans,
2111 1759 2256 1800 eam
2282 1740 2533 1802 cunctis
2556 1737 2692 1823 pol-

211 1845 438 1929 licetur,
467 1850 580 1933 qui
605 1871 798 1914 sacro
826 1850 1006 1913 fonte
1031 1848 1204 1932 eluti,
1225 1851 1424 1913 vitam
1451 1848 1866 1913 emendatam
1890 1849 2143 1914 actibus
2169 1850 2692 1935 comprobarent.

212 1958 496 2046 Undique
545 1960 908 2026 currebant
949 1962 1175 2048 populi
1219 1961 1305 2027 ad
1349 1962 1715 2045 Joannem,
1765 1983 1927 2047 quos
1982 1984 2101 2025 sua
2158 1972 2439 2047 peccata
2498 1962 2692 2025 confi-

213 2082 402 2137 tentes
445 2076 513 2137 in
559 2074 863 2141 Jordane
907 2074 1290 2160 baptizabat
1305 2079 1348 2139 4.
1428 2075 1594 2141 Cum
1640 2074 1907 2160 reliquis
1960 2074 2286 2139 admixtos
2334 2097 2419 2138 ex
2472 2074 2693 2138 Phari-

211 2400 328 2448 rium
361 2402 572 2450 maximi
600 2417 716 2450 rem
753 2416 870 2451 esse
894 2402 1158 2449 momenti.
1197 2400 1272 2449 Ac
1297 2404 1614 2465 potestatem
1640 2401 1808 2465 primo
1834 2400 2043 2447 civilem
2069 2414 2293 2464 eamque
2318 2399 2682 2464 multiplicem,

213 2484 382 2536 deinde
418 2487 816 2537 sacerdotalem
854 2486 1104 2536 describit
1127 2487 1490 2551 Evangelista.
1529 2487 1612 2535 Dc
1659 2486 1853 2550 quibus
1890 2486 2045 2535 sicuti
2072 2491 2125 2535 et
2162 2486 2227 2535 de
2266 2502 2447 2534 eorum
2485 2486 2693 2551 epocha

211 2574 323 2623 satis
369 2590 642 2641 superque
699 2574 922 2625 diximus
974 2576 1030 2624 in
1075 2573 1470 2639 Prolegomenis
1516 2574 1727 2636 nostris,
1766 2572 1835 2622 ad
1881 2588 2019 2637 quae
2074 2573 2137 2622 L.
2191 2573 2255 2621 B.
2315 2573 2692 2622 humanissime

215 2661 520 2712 remittimus.

401 2781 436 2849 ¹)
486 2783 571 2833 cf.
605 2783 665 2833 J.
700 2783 767 2832 fr.
803 2780 1052 2845 Sculteti,
1099 2782 1166 2833 de
1212 2782 1424 2836 Joanne
1469 2782 1533 2831 B.
1568 2781 1791 2831 Witteb.
1828 2782 1978 2831 1656.
2022 2798 2073 2829 n.
2120 2783 2201 2831 18.
2242 2798 2287 2831 s.
2332 2781 2395 2830 A.
2438 2782 2686 2846 wittigii.

211 2867 426 2919 Joannes
462 2870 524 2919 B.
569 2871 649 2920 ib.
686 2872 838 2921 1686.
871 2873 918 2931 §-
955 2871 1000 2919 7.
1037 2886 1079 2919 s.
1123 2870 1246 2919 Not.
1283 2874 1319 2919 t.
1352 2886 1394 2919 s.
1428 2884 1607 2934 geogr.
1643 2885 1695 2934 p.
1732 2868 2031 2917 XXXVIII.
2074 2868 2321 2917 XXXIX.
2377 2867 2417 2934 ²)
2456 2869 2518 2918 V.
2557 2869 2680 2917 Not.

217 2964 246 3001 t.
269 2972 305 3002 s.
331 2972 505 3022 geogr.
529 2974 582 3022 p.
612 2956 837 3006 XXVII.
877 2954 916 3022 ³)
956 2955 1036 3005 cf.
1062 2955 1114 3005 J.
1141 2955 1193 3005 S.
1221 2954 1662 3016 Schurzfleischii,
1698 2954 1938 3005 Joannes
1978 2950 2251 3022 ἐρημάζων,
2289 2954 2449 3005 Thes.
2486 2956 2559 3004 th.
2598 2955 2686 3021 ph.

211 3056 254 3104 p.
279 3044 353 3091 79.
410 3041 452 3109 ⁴)
487 3044 534 3093 A
571 3042 909 3093 Judaeorum
944 3044 1050 3092 ritu
1087 3042 1386 3093 desumtum
1421 3042 1587 3091 fuisse
1623 3042 1853 3091 Joannis
1890 3041 2227 3107 baptismum,
2254 3041 2413 3092 huius
2438 3041 2689 3108 illiusque

213 3128 478 3180 similitudo
515 3131 843 3181 documento
882 3134 978 3180 est.
1037 3130 1280 3193 Materia,
1310 3130 1548 3199 nomine,
1587 3129 1879 3181 ablutionis
1924 3128 2081 3177 modo
2120 3130 2259 3178 inter
2312 3145 2371 3179 se
2407 3130 2687 3179 convenie-

212 3214 340 3276 bant,
373 3216 476 3266 fine
515 3217 903 3282 discrepabant
939 3220 994 3265 et
1027 3232 1154 3279 usu3
1199 3221 1259 3265 ut
1293 3216 1438 3265 facta
1483 3215 1552 3266 ad
1589 3214 1920 3265 Judaeorum
1968 3216 2287 3280 baptismum
2335 3217 2688 3280 oppositione,

216 3300 472 3355 Joannis
509 3305 886 3369 baptismus
913 3306 1134 3353 vocatus
1159 3303 1343 3365 fuerit3
1369 3302 1556 3351 Matth.
1583 3304 1665 3363 21,
1694 3304 1776 3350 25.
1800 3301 1934 3351 Luc.
1964 3302 2010 3361 7,
2038 3303 2121 3349 29.
2145 3300 2398 3350 Actorum
2427 3304 2507 3363 19,
2533 3304 2599 3363 4.,
2638 3306 2691 3351 et

212 3388 270 3436 ab
293 3390 398 3439 eius
423 3390 886 3441 administratione
910 3390 1150 3440 Joannes
1175 3388 1527 3454 Baptistae
1564 3403 1757 3439 nomen
1795 3387 2058 3437 habuerit.
2086 3386 2167 3436 cf.
2194 3387 2257 3437 G.
2284 3387 2535 3450 Richteri,
2564 3388 2688 3439 diss.

214 3473 270 3523 de
300 3476 501 3527 Joanne
555 3477 969 3544 protobaptista.
1029 3476 1178 3541 Lips.
1231 3477 1381 3527 1729.
1428 3493 1480 3541 p.
1523 3478 1604 3525 13.
1640 3492 1682 3525 s.
1718 3476 1788 3524 H.
1826 3475 1889 3525 R.
1924 3476 1993 3524 D.
2028 3475 2091 3523 V.
2126 3475 2188 3524 '1⁸.
2223 3491 2275 3539 p.
2312 3476 2432 3525 587.
2484 3480 2539 3525 et
2560 3491 2613 3525 n.
2638 3478 2688 3525 5.

215 3560 358 3612 Porro
391 3566 496 3614 vim
533 3565 792 3629 baptismi
827 3563 1056 3613 Joannis
1091 3563 1272 3612 verbis
1308 3562 1735 3627 significantibus
1772 3561 2079 3627 complexus
2118 3568 2199 3612 est
2236 3578 2277 3612 s.
2320 3562 2535 3611 Marcus
2565 3566 2610 3624 1,
2636 3564 2685 3611 4.

212 3646 328 3705 „fuit
357 3650 596 3702 ,Ioannes
635 3651 916 3716 baptizans
941 3654 995 3699 et
1017 3648 1334 3715 praedicans
1359 3650 1681 3715 baptismum
1716 3649 2139 3714 poenitentiae“;
2184 3650 2311 3713 quia
2338 3650 2421 3699 sui
2458 3650 2683 3714 cupidis,

214 3737 458 3797 praeviam
525 3738 848 3803 iniungebat
907 3738 1350 3802 resipiscentiam,
1406 3736 1558 3787 cuius
1617 3735 1891 3801 publicum
1946 3741 2060 3785 erat
2126 3737 2501 3786 testimonium.
2570 3737 2683 3785 Nec

211 3819 337 3870 aliud
369 3822 498 3874 haec
533 3825 644 3875 sibi
678 3824 894 3873 volunt:
928 3824 966 3873 l.
991 3839 1039 3873 c.
1062 3840 1114 3873 v.
1141 3824 1190 3872 5.
1228 3828 1318 3885 „et
1353 3823 1768 3889 baptizabantur
1804 3823 1874 3873 ab
1910 3822 2005 3872 illo
2050 3824 2107 3872 in
2154 3822 2409 3873 Jordanis
2445 3822 2677 3885 flumine,

215 3910 496 3962 confitentes
522 3915 752 3978 peccata
775 3912 925 3972 sua,“
952 3923 1113 3975 quam
1137 3914 1198 3959 ut
1221 3910 1610 3960 confessionem
1631 3910 1901 3974 exciperet
1934 3910 2251 3975 baptismus.
2278 3910 2457 3960 Unum
2497 3924 2681 3959 omnes

215 3996 624 4049 animadvertunt
657 3998 974 4063 interpretes
1011 4012 1119 4046 non
1167 3997 1390 4047 eandem
1428 4012 1546 4047 esse
1583 4002 1639 4045 et
1670 3996 1899 4047 Joannis
1938 4002 1991 4045 et
2028 3996 2225 4047 Christi
2266 3997 2532 4062 baptismo
2571 3994 2681 4044 effi·

217 4084 410 4133 eseiam.
467 4084 876 4135 Praelucentem
921 4084 1116 4149 quippe
1153 4084 1210 4133 in
1247 4098 1314 4133 ea
1348 4100 1404 4134 re
1451 4088 1506 4133 et
1549 4082 1603 4133 S.
1640 4082 1969 4148 Scripturam
2012 4083 2209 4133 Joann.
2247 4084 2301 4144 7,
2340 4084 2423 4131 39.
2472 4084 2562 4143 14,
2603 4084 2685 4130 16.

215 4167 319 4217 coll.
343 4170 486 4221 Rom.
512 4174 562 4234 6,
589 4173 640 4221 3.
667 4176 722 4221 et
755 4170 1118 4221 Traditionem
1155 4169 1432 4221 habemus.
1483 4169 1730 4234 Longum
1768 4170 1905 4219 soret
1942 4174 1995 4219 et
2030 4184 2167 4235 pene
2206 4168 2531 4233 superfluum
2569 4169 2685 4218 eius

218 4254 282 4301 rei
329 4272 390 4307 ex
439 4259 772 4323 Antiquitate
825 4256 1080 4307 adhibere
1115 4260 1294 4307 testes.
1368 4255 1448 4306 Cf.
1497 4256 1912 4317 Tertullianum,
1950 4254 2017 4304 de
2067 4255 2260 4319 baptis.
2300 4270 2345 4303 e.
2386 4258 2466 4304 11.
2503 4271 2555 4320 p.
2597 4256 2683 4305 40.

218 4337 490 4407 origenem,
515 4346 572 4393 in
595 4343 864 4393 Joannem
887 4348 961 4392 to.
986 4342 1088 4406 VI,
1113 4358 1165 4393 n.
1195 4344 1276 4393 15.
1301 4360 1353 4409 p.
1380 4345 1499 4392 222.
1523 4358 1566 4393 s.
1593 4358 1635 4392 s.
1664 4341 1921 4407 cyrillum
1946 4341 2095 4402 hier„
2122 4340 2325 4389 catech.
2350 4340 2456 4403 111,
2484 4344 2532 4391 6.
2558 4359 2601 4392 s.
2628 4358 2681 4407 p.

133 4482 152 4507 ι
220 4428 290 4475 43.
321 4444 358 4479 s.
403 4448 444 4481 s.
483 4430 762 4482 Basiliam.
797 4430 851 4492 1,
886 4432 933 4479 2.
967 4428 1106 4479 hom.
1139 4430 1289 4480 XIII.
1325 4429 1584 4480 exhor-tat.
1619 4428 1689 4478 ad
1726 4444 1767 4479 s.
1804 4428 1953 4493 bapt.
1988 4443 2039 4477 n.
2078 4430 2124 4477 1.
2158 4427 2239 4490 11,
2276 4428 2391 4478 114.
2428 4444 2470 4478 s.
2518 4426 2683 4493 Chry-

220 4520 500 4581 sostomum,
553 4518 698 4568 hom.
743 4518 824 4567 12.
871 4515 1216 4567 inMatth.n.
1269 4519 1318 4566 3.
1365 4532 1416 4581 p.
1462 4517 1579 4566 164.
1634 4532 1680 4565 s.
1716 4514 2087 4579 Augustinum,
2132 4514 2199 4563 de
2244 4515 2391 4579 bapt.
2432 4514 2504 4577 V,
2548 4516 2597 4565 9.
2640 4530 2685 4564 s.

224 4613 259 4647 8·
299 4599 540 4667 Cyrillmn
571 4604 675 4668 AL,
719 4605 777 4653 in
809 4603 1006 4653 Joann.
1040 4607 1086 4666 1,
1121 4605 1204 4653 26.
1229 4620 1282 4669 p.
1310 4604 1426 4653 110.
1453 4604 1502 4666 2,
1527 4604 1610 4653 25.
1648 4618 1700 4668 p.
1730 4602 1845 4651 157.
1894 4617 1938 4653 s.
1965 4600 2277 4667 Gregorium
2302 4601 2391 4664 M„
2416 4601 2451 4649 l.
2476 4600 2520 4650 I.
2545 4600 2685 4650 hom.
