3267 5259
512 463 744 512 XXVIII
1340 481 1584 530 Apparatus
1611 479 1829 520 nistorico
1848 503 1899 510 —
1918 479 2165 522 Chronicus.

1207 755 1746 822 Chronotaxis
1792 755 2300 841 Evangelica.

722 955 806 1010 21.
841 953 1110 1006 Monitum
1157 955 1221 1007 de
1262 971 1396 1007 vera
1449 952 1650 1008 Christi
1694 960 1889 1009 aetate.
1983 952 2277 1010 Historias
2318 951 2561 1010 Domini
2607 953 2813 1010 Nostri
2860 952 2899 1009 J
2900 972 3001 1009 esu

514 1055 736 1112 Christi
766 1057 1155 1114 scribentibus
1185 1056 1478 1114 incumbit
1507 1057 1848 1113 necessitas:
1895 1075 2043 1133 quae
2084 1057 2154 1112 de
2186 1058 2359 1114 rebus
2398 1056 2758 1115 divinissimi
2791 1055 2998 1114 Salva-

515 1163 656 1218 toris
687 1162 998 1218 memoriae
1030 1160 1247 1218 tradita
1268 1165 1424 1230 sunt,
1460 1179 1592 1218 cum
1615 1159 1860 1238 reliquis
1883 1161 2164 1218 Historiis
2195 1161 2371 1218 huius
2400 1161 2608 1218 mundi
2642 1160 2730 1218 ita
2752 1179 2999 1218 connec-

513 1269 663 1334 tere,
727 1267 796 1321 ut
855 1263 976 1321 illis
1021 1266 1087 1321 in
1147 1265 1294 1322 serie
1339 1269 1669 1339 temporum
1710 1264 1901 1322 iustus
1947 1259 2275 1340 assignetur
2316 1264 2494 1322 locus.
2564 1263 2733 1321 Unde
2777 1265 3001 1340 duplex

515 1367 773 1425 nascitur
819 1367 862 1424 C
881 1368 1020 1424 hro
1038 1387 1078 1424 n
1096 1367 1215 1426 olo
1235 1369 1312 1442 gi
1335 1387 1396 1424 a:
1444 1366 1799 1426 relativa
1841 1386 1896 1445 q.
1930 1369 2006 1439 d.,
2056 1387 2173 1445 qua
2210 1368 2444 1443 singula
2486 1367 2889 1426 Historiarum
2924 1369 2999 1428 D.

514 1472 589 1528 N.
621 1471 678 1529 J.
712 1471 774 1528 C.
807 1477 1100 1528 momenta
1129 1473 1622 1541 determinantur3
1672 1473 1879 1530 deinde
1925 1491 2063 1530 vero
2106 1475 2239 1531 abs
2260 1473 2387 1531 olu
2406 1479 2499 1544 ta,
2547 1492 2661 1550 quo
2690 1472 2795 1530 ille
2826 1493 3001 1550 quem

514 1575 766 1634 relativa
812 1595 946 1633 cum
989 1576 1314 1635 universali
1355 1576 1747 1651 chronologia
1788 1578 2001 1634 habeat
2044 1595 2231 1634 nexus
2281 1577 2579 1635 definitur.
2658 1577 2777 1634 Ubi
2823 1576 3000 1634 semel

515 1685 721 1737 notum
752 1685 855 1751 est,
897 1680 1060 1737 intra
1088 1699 1230 1758 quos
1261 1682 1544 1738 terminos
1572 1682 1874 1738 Historiae
1904 1682 1978 1738 D.
2012 1682 2088 1739 N.
2121 1681 2175 1738 J.
2207 1681 2268 1738 C.
2302 1681 2647 1739 coercendae
2676 1681 2829 1750 sint3
2878 1683 3001 1739 sive

513 1803 628 1860 quo
658 1803 813 1842 anno
843 1789 1014 1841 natus
1045 1789 1104 1842 et
1132 1803 1246 1862 quo
1277 1791 1572 1842 mortuus:
1620 1784 1807 1843 multo
1844 1785 2077 1842 facilius
2115 1791 2203 1843 est
2231 1787 2487 1843 diversos
2519 1787 2643 1842 eius
2673 1790 2835 1842 actus
2867 1804 3002 1842 con-

513 1890 822 1962 stringere,
858 1893 916 1946 et
945 1889 1064 1945 suis
1098 1890 1456 1964 temporibus
1487 1889 1749 1963 singulos
1780 1891 2037 1947 reddere.
2078 1889 2115 1946 J
2118 1908 2213 1946 am
2242 1887 2292 1946 si
2324 1893 2685 1965 compertum
2716 1895 2997 1960 tenemu8‚

515 2011 628 2070 quo
657 2011 812 2050 anno
843 1992 1114 2052 Salvator
1147 1994 1549 2051 divinissimus
1581 1999 1754 2051 natus
1784 1993 1983 2064 fuerit,
2011 1995 2190 2052 etiam
2220 1993 2394 2067 fugae
2425 1993 2549 2050 eius
2573 1995 2636 2051 in
2664 1996 3003 2070 Aegyptum

518 2102 578 2153 et
600 2097 823 2155 reditus
846 2097 911 2154 in
937 2097 1262 2156 Galilaeam
1291 2103 1520 2174 tempus
1553 2099 2063 2174 deprehendemus.
2096 2101 2341 2156 Annum
2362 2117 2592 2175 quoque
2615 2098 2865 2156 sciemus
2887 2118 3001 2175 quo

513 2201 550 2258 J
553 2221 680 2258 esus
710 2201 902 2258 adhuc
932 2221 1076 2277 puer
1105 2202 1408 2260 duodecim
1439 2221 1620 2260 annos
1652 2207 1825 2259 natus
1856 2207 2123 2277 repertus
2154 2207 2241 2260 est
2270 2203 2335 2260 in
2366 2202 2583 2278 templo
2613 2203 2815 2260 sedens
2844 2203 3005 2260 inter

517 2305 793 2364 doctores.
843 2304 1118 2383 Reliquos
1161 2307 1302 2363 item
1343 2308 1504 2365 vitae
1534 2309 1659 2363 eius
1690 2313 1870 2378 actus,
1919 2325 2060 2383 quos
2092 2307 2359 2365 referunt
2404 2305 2835 2381 Evangelistae,
2885 2306 3004 2363 suis

517 2409 842 2482 digeremus
889 2411 1271 2484 temporibus;
1327 2411 1367 2468 i.
1417 2431 1466 2469 e.
1515 2409 1901 2468 intervallum
1949 2412 2243 2486 praeconii
2302 2417 2360 2468 et
2404 2411 2721 2468 ministerii
2778 2409 2999 2468 Christi

518 2513 740 2589 publici
772 2535 808 2571 a
837 2514 1128 2589 baptismo
1159 2535 1260 2572 suo
1293 2515 1364 2572 ad
1396 2521 1644 2573 mortem
1681 2535 1866 2572 suam.
1914 2515 2296 2578 Quaerendae
2341 2516 2527 2589 igitur
2572 2519 2659 2572 est
2703 2514 3001 2572 Historia-

519 2637 653 2676 rum
683 2619 756 2676 D.
791 2619 866 2675 N.
897 2619 952 2677 J.
986 2618 1048 2677 C.
1083 2619 1318 2677 citimus
1348 2625 1406 2676 et
1435 2619 1685 2676 ultimus
1715 2621 2021 2690 terminus,
2070 2620 2233 2677 intra
2261 2639 2403 2697 quos
2432 2617 2785 2677 neccessario
2814 2623 3003 2676 statu-

519 2723 668 2780 enda
711 2727 800 2780 est
841 2743 1009 2782 vera
1054 2723 1334 2781 Christi
1380 2728 1594 2780 aetas.

730 2830 827 2884 22.
876 2828 964 2882 De
1010 2846 1146 2882 aera
1191 2829 1450 2898 Dionysii
1490 2835 1540 2883 et
1579 2845 1708 2883 vero
1763 2827 1965 2883 Christi
1994 2830 2210 2884 Natali.
2302 2827 2383 2884 Ut
2424 2827 2497 2884 ab
2542 2826 2720 2884 Urbis
2762 2827 3005 2884 conditu

519 2950 700 2988 annos
731 2931 872 2988 olim
901 2908 1047 2988 suosl
1063 2931 1312 2989 Romani
1345 2935 1551 3007 putare
1581 2938 2033 3002 consueverunt3
2082 2934 2169 2989 ita
2199 2950 2300 2990 nos
2331 2931 2652 2988 Christiani
2684 2932 2758 2988 ab
2795 2931 3000 2988 Incar-

520 3035 758 3092 natione
786 3034 884 3094 vel
914 3033 1246 3094 Nativitate
1277 3035 1519 3094 Domini
1551 3041 1819 3113 tempora
1849 3042 2049 3095 nostra
2078 3055 2472 3095 numeramus.
2514 3035 2710 3092 Huius
2742 3034 3005 3093 instituti

522 3139 918 3216 Dionysius
949 3145 1327 3214 cognomento
1357 3142 1606 3214 exiguus
1636 3138 1653 3177 ¹
1684 3141 1917 3219 quidem
1964 3159 2337 3216 perperam
2367 3145 2571 3197 auctor
2607 3139 2787 3196 fuisse
2822 3139 3003 3196 tradi-

523 3239 662 3301 tur²
703 3250 908 3302 contra
938 3243 1320 3302 historiarum
1357 3243 1532 3301 fidem
1554 3241 1607 3314 ³3
1648 3250 1851 3320 utpote
1890 3246 1992 3321 qui
2032 3263 2185 3302 anno
2224 3243 2689 3322 quingentesimo
2727 3243 3006 3300 vicesimo

521 3345 768 3425 quinto⁴
799 3348 912 3405 nisi
937 3367 1131 3406 aeram
1157 3347 1586 3406 Incarnationis
1613 3348 2041 3406 Antiochenam
2066 3347 2226 3424 cyclo
2250 3367 2353 3405 suo
2379 3351 2523 3406 532.
2549 3366 2840 3405 annorum
2870 3347 3007 3404 alli-

522 3453 716 3526 gavit;
751 3452 982 3509 reiectis
1013 3454 1183 3509 annis
1213 3451 1588 3522 Diocletiani,
1633 3472 1767 3509 cum
1799 3452 2010 3530 quibus
2042 3457 2163 3510 tam
2192 3451 2587 3509 Alexandrini
2619 3471 2797 3529 quam
2828 3452 3006 3508 Anti-

521 3555 727 3614 ocheni
750 3555 981 3633 cyclum
1000 3561 1144 3614 532.
1170 3577 1460 3615 annorum
1484 3556 1934 3632 coniungebant.
1963 3555 2157 3619 Quare
2179 3575 2391 3625 aeram,
2418 3575 2535 3633 qua
2556 3556 2730 3612 hodie
2746 3555 3007 3614 Ecclesia

523 3659 786 3717 Romana
807 3660 1016 3731 utitur,
1042 3662 1364 3719 inchoavit.
1394 3661 1504 3718 Sed
1528 3660 1815 3738 quidquid
1838 3661 1917 3718 sit
1937 3662 2007 3717 de
2038 3680 2203 3718 aerae
2228 3680 2373 3717 rom.
2408 3659 2764 3717 christianae
2792 3659 3005 3728 initiis,

737 3866 774 3930 ¹)
811 3866 1125 3928 Monachus,
1164 3883 1271 3916 non
1309 3867 1478 3916 abbas
1517 3881 1785 3916 romanus.
1829 3866 1891 3914 V.
1921 3865 2334 3927 cassiodor-ium,
2374 3865 2439 3914 de
2477 3865 2700 3914 institut.
2741 3864 2848 3913 div.
2874 3863 3007 3913 liter.

525 3969 568 4003 c.
596 3952 794 4002 XXIII.
821 3953 902 4002 ed.
929 3955 1063 4004 Ven.
1094 3957 1243 4004 1729.
1268 3953 1339 4016 ΙΙ,
1362 3955 1480 4003 552.
1501 3951 1629 4002 Crit.
1650 3953 1819 4018 Pagii,
1842 3953 1911 4002 ad
1934 3952 2125 4002 Annal.
2153 3953 2276 4001 Bar.
2304 3967 2351 4001 a.
2374 3951 2431 4001 C.
2453 3953 2571 4001 527.
2598 3951 2681 4000 ed.
2701 3951 2836 4001 Luc.
2860 3953 3009 4000 1741.

524 4041 615 4100 ΙΧ,
643 4041 761 4090 386.
833 4040 874 4104 ²)
914 4039 1302 4090 Animadvertit
1336 4040 1439 4089 hoc
1475 4040 1624 4104 Pagi,
1672 4041 1871 4105 Appar.
1910 4039 2089 4088 chron.
2130 4038 2198 4088 ad
2234 4037 2468 4088 Annales
2504 4037 2722 4087 Bai-onii
2768 4037 2851 4087 ed.
2878 4039 3008 4086 Luc.

527 4129 678 4177 1740.
703 4145 755 4192 p.
783 4128 899 4177 376.
953 4128 994 4187 ³)
1022 4127 1145 4176 Jam
1173 4127 1298 4176 ante
1323 4126 1472 4175 illum
1510 4125 1675 4176 duae
1707 4126 2203 4176 Incarnationis
2241 4139 2433 4174 aerae
2466 4123 2917 4173 Alexandrina
2952 4129 3013 4172 et

525 4214 940 4263 Antiochena
976 4214 1120 4278 apud
1159 4212 1460 4263 orientales
1485 4215 1785 4278 viguerunt.
1839 4212 1918 4261 cf.
1944 4212 2007 4261 L.
2034 4211 2223 4274 Ideler,
2250 4211 2465 4260 Handb.
2492 4210 2542 4259 d.
2568 4209 2729 4260 math.
2758 4227 2810 4260 u.
2838 4211 3010 4260 techn.

526 4299 898 4364 chronologis.
945 4300 1086 4349 Berl.
1129 4301 1279 4350 1826.
1326 4299 1398 4361 ΙΙ,
1437 4301 1554 4348 328.
1613 4299 1701 4348 Ei.
1742 4298 2023 4348 Lehrbuch
2062 4297 2156 4347 der
2194 4298 2387 4348 Chron.
2425 4297 2497 4346 ib.
2539 4299 2688 4347 1831.
2726 4315 2779 4362 p.
2814 4299 2933 4347 404.
2970 4313 3010 4346 s.

526 4388 572 4450 ⁴)
609 4387 776 4436 Juxta
811 4388 873 4435 V.
913 4387 1130 4448 Bedam,
1171 4385 1237 4435 de
1275 4401 1368 4436 sex
1406 4385 1675 4435 aetatibus
1712 4385 1909 4434 mundi.
1960 4384 2041 4434 ed.
2082 4384 2267 4434 Colon.
2304 4385 2456 4435 1688.
2493 4384 2565 4445 ΙΙ,
2594 4387 2711 4434 115.
2751 4399 2873 4432 cum
2910 4399 3011 4448 quo

525 4475 730 4523 faciunt
765 4473 914 4538 Pagi,
953 4472 988 4522 l.
1017 4489 1060 4522 c.
1089 4473 1243 4522 Crist.
1271 4471 1459 4535 Saxus,
1487 4473 1542 4520 in
1569 4471 1845 4521 Onomast.
1871 4471 1950 4521 lit.
1976 4471 2207 4521 Traiect.
2236 4473 2388 4520 1777.
2426 4470 2495 4532 ΙΙ,
2523 4472 2607 4521 38.
2652 4469 2711 4520 C.
2736 4468 3011 4530 Wieseler‚

524 4561 580 4609 in
617 4560 875 4624 Herzogs‚
912 4559 975 4607 R.
1001 4559 1066 4607 Ε.
1103 4559 1145 4620 Ι,
1175 4559 1290 4608 161.
1346 4557 1610 4624 Opinione
1647 4559 1696 4608 J.
1724 4556 1997 4623 Scaligeri,
2038 4557 2101 4606 dc
2140 4557 2512 4607 emendatione
2550 4561 2849 4622 temporum
2882 4556 2919 4605 l.
2944 4555 3012 4604 11.

529 4647 610 4696 ed.
650 4644 851 4695 GeneV.
891 4647 1040 4696 1629.
1079 4662 1130 4711 p.
1172 4646 1285 4694 161.
1323 4645 1457 4694 vixit
1493 4645 1636 4694 circa
1674 4659 1875 4694 annum
1912 4644 1970 4693 C.
2008 4646 2125 4694 526.
