3267 5259
1444 630 1477 675 P
1537 665 1546 675 .

424 706 829 757 Persecutiones
851 704 1287 757 Christianorum.
1306 707 1409 755 Ec·
1478 646 1533 687 ⁸8

496 777 691 827 clesiae
741 776 981 825 dilatatio
1029 792 1125 841 per
1166 775 1323 825 fidem
1360 781 1411 825 et

388 884 393 887 -
495 847 807 911 sanguinem
845 846 1219 911 Apostolorum
1242 881 1255 894 .
1295 882 1305 892 .
1346 882 1357 893 .
1400 882 1410 892 .
1449 844 1549 893 482

360 934 420 1011 ξ.
471 932 573 997 99.
619 930 750 994 Dei
774 929 1061 993 vindicta
1084 932 1151 993 in
1173 932 1413 1016 impro-

616 1016 738 1081 bos
783 1015 1096 1081 Judaeos.
1131 1034 1182 1083 S.
1216 1035 1409 1085 Jacobi

623 1104 853 1170 epistola
887 1110 941 1153 et
976 1106 1281 1169 martyrium
1346 1140 1358 1153 .
1397 1140 1409 1151 .
1448 1104 1550 1151 483

427 1172 641 1223 Judaea
678 1175 847 1223 omnis
884 1175 939 1223 in
974 1176 1128 1239 peius
1164 1174 1271 1223 ruit
1294 1210 1307 1222 .
1346 1209 1359 1221 .
1399 1211 1409 1220 .
1466 1200 1532 1207 —

430 1241 482 1295 S.
521 1243 692 1293 Judas
730 1244 913 1293 scribit
949 1243 1254 1308 epistolam.
1295 1279 1307 1291 .
1346 1278 1358 1292 .
1399 1278 1411 1290 .
1449 1243 1551 1291 484
1601 1291 1607 1353 ἰ
1659 1281 1716 1358 ἓ.
1771 1281 1912 1344 102.
1961 1276 2026 1341 ὃ·
2095 1275 2368 1341 JoanniS
2458 1277 2708 1359 itinera,

430 1312 921 1377 Hierosolymarum
982 1312 1246 1363 excidium
1294 1311 1412 1360 ulti-

434 1398 945 1504 N.¹¹¹2¹3¹¹31;..1·..0·..;.;
972 1417 1153 1501 ini...
1180 1418 1415 1500 ...aas

498 1526 675 1587 strage
716 1523 1047 1586 captivorum
1086 1526 1140 1571 et
1182 1526 1411 1569 mortuo-

502 1607 615 1639 rum
652 1606 901 1641 numerus
940 1606 1003 1639 ex
1031 1589 1237 1639 calculo
1258 1590 1411 1639 Jose-

498 1659 589 1778 phi
624 1660 824 1777 flavin
863 1660 1172 1725 superstites
1212 1673 1415 1724 poenas

431 1745 706 1863 Diglelslsio
745 1799 809 1847 de
836 1814 877 1847 s.
902 1800 1126 1847 Jacobis
1162 1800 1215 1847 in
1254 1798 1413 1847 histo-

502 1869 581 1917 ria
616 1869 678 1917 N.
716 1869 779 1917 Τ.
817 1868 989 1917 obviis
1034 1904 1410 1918 ........
1469 1896 1510 1901 -

360 1956 420 2033 ξ.
472 1956 615 2021 100.
662 1952 960 2037 Epistola
1026 1951 1091 2016 S.
1156 1951 1411 2017 Jacobi.

660 2042 871 2090 Causae
952 2045 1269 2090 enarrantur
1344 2041 1414 2089 ob

662 2125 797 2174 quas
823 2127 863 2160 s.
878 2110 1117 2160 Jacobus
1142 2111 1415 2175 scripserit
1449 2110 1549 2159 487

428 2178 685 2229 Lectores
711 2178 968 2246 epistolae
1000 2179 1415 2229 determinantur
1450 2180 1552 2228 488

430 2248 708 2313 Epistolae
743 2253 1110 2313 argumentum
1142 2285 1414 2298 ......
1470 2276 1534 2285 --

430 2317 497 2367 N.
542 2322 589 2367 1.
642 2318 891 2383 Epistola
940 2318 1009 2367 ad
1054 2320 1217 2369 totius
1270 2319 1414 2368 orbis

503 2387 743 2437 Judaeos
780 2389 981 2453 scripta
1017 2394 1100 2437 est
1141 2424 1411 2437 ......
1468 2415 1533 2422 -

426 2456 493 2505 N.
530 2457 579 2507 4.
616 2458 835 2507 Peccati
872 2472 1039 2507 causa
1073 2470 1413 2523 nequaquam

497 2526 553 2575 in
586 2526 707 2576 Deo
772 2562 1411 2576 .............
1468 2553 1533 2562 —-

428 2596 492 2644 N.
530 2598 579 2646 6.
628 2596 935 2645 Necessitas
982 2597 1241 2645 bonorum
1287 2611 1411 2661 ope-

499 2680 643 2729 rum;
682 2665 1039 2715 refraenanda
1072 2665 1288 2730 lingua3
1326 2680 1413 2714 ca-

500 2735 627 2783 ritas
663 2736 719 2783 in
757 2735 1051 2800 proximum
1087 2734 1278 2784 efficax
1326 2736 1411 2797 sit,

498 2819 719 2853 necesse
757 2808 841 2853 est
882 2839 1411 2853 ...........
1448 2804 1551 2853 489

429 2873 495 2923 N.
532 2876 580 2923 2.
642 2870 1044 2940 Προσωποληψία
1080 2890 1413 2939 summopere

496 2943 721 2993 vitanda
776 2979 1410 2993 .............
1466 2970 1531 2977 -

428 3011 495 3061 Ν.
530 3014 579 3063 6.
636 3012 812 3077 Caput
858 3014 1069 3062 tertium
1113 3014 1415 3063 accuratius

498 3084 810 3147 proponitur
828 3117 1049 3131 .....
1066 3100 1073 3109 ·
1087 3117 1409 3132 .......
1464 3109 1531 3117 -

428 3151 493 3201 N.
532 3154 580 3201 6.
628 3152 915 3217 Perperam
958 3152 1143 3201 dicunt
1182 3150 1411 3201 Acatho-

498 3221 605 3283 liei,
633 3222 957 3284 unctionem,
982 3222 1135 3270 cuius
1154 3220 1273 3270 Jac.
1294 3222 1342 3282 5,
1362 3222 1411 3269 4.

497 3291 695 3341 mentio
733 3288 806 3351 fit,
844 3305 963 3340 esse
997 3290 1257 3340 medicam
1294 3326 1308 3338 .
1346 3325 1359 3338 .
1398 3326 1411 3339 .
1449 3290 1551 3339 490

428 3360 495 3409 Ν.
524 3362 570 3410 1.
595 3360 775 3409 Dictio
806 3360 1000 3410 Jacobi
1023 3361 1073 3422 5,
1102 3361 1183 3409 16.
1209 3354 1411 3427 ,,ἔξομ.ο-
1456 3358 1461 3361 ’

496 3426 751 3496 λογεῖσθαι
775 3422 1065 3493 ἀλλήλοιςίι,
1092 3427 1223 3478 nihil
1250 3428 1415 3478 officit

501 3498 825 3549 confessioni
850 3498 1359 3549 sacramentali.
1399 3534 1412 3547 .
1450 3499 1547 3547 491

429 3568 496 3619 N.
534 3570 582 3617 3.
624 3567 902 3618 Scribeudi
938 3583 1105 3633 genus
1138 3584 1183 3617 s.
1218 3568 1413 3618 Jacobi
1471 3596 1531 3603 —

430 3638 495 3687 N.
532 3638 580 3687 5.
618 3636 910 3687 Anthentia
944 3636 1229 3703 epistolae3
1274 3652 1413 3702 quae

500 3708 851 3757 obmoventur
887 3706 1083 3771 nullius
1120 3711 1247 3756 sunt
1281 3722 1411 3772 pon-

499 3776 657 3826 deris.
717 3775 934 3827 Utilitas
977 3776 1167 3825 harum
1207 3775 1412 3825 Litera·

430 3916 705 3981 Digressio
742 3930 851 3981 qua
886 3914 1202 3965 conciliatur
1238 3914 1287 3963 d.
1320 3915 1413 3964 Ja-

502 3987 623 4037 cobi
680 3990 841 4050 atque
888 4002 931 4036 s.
968 3984 1124 4035 Pauli
1173 3984 1417 4034 doctrina

502 4055 569 4105 de
604 4054 711 4104 fide
736 4059 790 4103 et
814 4056 1065 4120 operibus
1102 4054 1257 4104 bonis
1296 4091 1309 4103 .
1347 4091 1360 4103 .
1399 4090 1411 4103 .

362 4143 423 4221 ξ.
474 4144 616 4208 101.
664 4140 740 4204 Β.
817 4140 1033 4206 Judae
1117 4139 1409 4226 epistola.

662 4227 715 4278 S.
746 4229 924 4279 Judac
961 4228 1193 4278 conditio
1244 4266 1256 4277 .
1298 4265 1309 4277 .
1345 4266 1359 4277 .
1399 4265 1412 4278 .
1449 4230 1552 4277 493

430 4299 497 4348 N.
537 4301 583 4350 1.
620 4300 921 4364 Propositio
960 4298 1217 4364 epistolae
1253 4314 1413 4363 gene-

1449 4054 1551 4103 492

1600 638 1607 764 ἶ

1602 1614 1607 1650 l

714 1764 1411 1778 ..............
1450 1728 1552 1776 485
1604 1743 1607 1769 ι

501 4369 629 4418 ralis
655 4373 709 4417 et
731 4370 945 4418 occasio
984 4403 1411 4417 .........
1450 4367 1552 4416 494
1602 4379 1607 4420 1

432 4435 713 4503 Epistolae
750 4442 1119 4503 argumentum
1140 4474 1410 4486 ......
1466 4464 1535 4473 —-

430 4507 495 4556 N.
524 4509 572 4558 2.
609 4509 739 4558 Tria
773 4507 1029 4573 exempla,
1069 4522 1207 4571 quae
1239 4506 1289 4555 d.
1316 4506 1411 4555 Ju-

502 4576 598 4628 das
636 4578 809 4627 adfert
845 4593 927 4641 ep.
964 4593 1014 4625 v.
1052 4578 1221 4639 5—8.,
1257 4591 1411 4625 aceu-

502 4648 670 4697 ratius
706 4646 1079 4713 expenduntur
1141 4680 1409 4694 ......
1470 4673 1533 4682 -·

2721 442 2850 512 543

2744 632 2848 685 Pag.

1727 707 1790 755 N.
1818 708 1866 755 5.
1906 704 2061 757 Unde
2087 723 2128 757 s.
2153 704 2325 755 Judas
2351 706 2558 755 Enochi
2589 720 2708 770 pro-

1797 776 2030 841 phetiam
2069 776 2337 840 acceperit
2381 811 2709 824 .......
2748 776 2849 824 495

1727 845 1791 893 N.
1835 848 1879 894 1.
1916 846 2166 911 Quinque
2195 845 2436 905 virtutes,
2473 845 2542 894 ad
2577 860 2710 909 quas

1797 932 1839 965 s.
1865 914 2038 965 Judas
2076 913 2383 963 exhortatur
2437 950 2710 965 ......
2749 916 2850 963 496

1729 984 1792 1033 N.
1819 986 1866 1033 2.
1904 983 2132 1033 Dicendi
2156 998 2324 1047 genus
2359 983 2565 1045 efficax,
2603 998 2710 1032 me-

1800 1054 1898 1103 dus
1931 1052 2376 1101 demonstrativus
2413 1052 2710 1115 discutitur,

1799 1123 2090 1172 auctoritas
2153 1123 2418 1171 canonica
2473 1122 2710 1171 vindiea-

1799 1198 1886 1241 tur
1917 1228 2710 1242 ................
2767 1220 2832 1229 ·-

1955 1364 2215 1445 caritas,
2290 1362 2709 1448 praedicatiQ

1956 1448 2242 1531 exilium,
2267 1451 2511 1535 scripta
2541 1505 2554 1516 .
2593 1506 2605 1516 .
2645 1506 2658 1517 .
2698 1506 2710 1517 .
2749 1470 2850 1518 497

1729 1557 1792 1606 Ν.
1835 1559 1880 1605 1.
1931 1555 2210 1605 Ecclesiae
2259 1556 2350 1604 ubi
2393 1570 2435 1604 s.
2473 1555 2713 1605 <loannes

1798 1626 2189 1691 praedicaverit
2230 1661 2711 1673 ..........
2770 1654 2834 1661 -

1731 1694 1782 1744 S.
1832 1695 2060 1745 Joaunis
2115 1694 2384 1754 liberatiO,
2449 1694 2712 1759 discipuli,

1799 1764 2070 1825 miracula,
2112 1768 2276 1825 aetas,
2315 1778 2456 1813 mors
2491 1800 2711 1813 .....
2750 1765 2852 1813 498

1729 1834 2040 1899 Digressio:
2113 1838 2286 1881 utrum
2358 1850 2399 1882 s.
2471 1832 2713 1883 Joannes

1797 1904 1895 1967 Ap.
1923 1904 2122 1952 Romae
2151 1903 2454 1966 martyrium
2494 1903 2718 1951 subierit

1799 1973 2074 2037 quaeritur
2120 2007 2706 2021 ............
2763 2000 2830 2009 -

1659 2061 1718 2138 ξ.
1773 2061 1914 2123 103.
1961 2056 2065 2120 De
2099 2056 2388 2142 epistolis
2419 2056 2484 2121 S.
2510 2057 2709 2123 Joan-

1952 2145 2050 2207 nis
2096 2142 2448 2208 Catholicis
2491 2200 2711 2213 .....
2750 2165 2852 2213 499

1729 2249 1792 2297 N.
1849 2250 1892 2297 1.
1953 2250 2036 2297 Ex
2092 2249 2336 2297 omuibus
2392 2264 2432 2298 s.
2483 2250 2713 2300 Joannis

1797 2318 2008 2383 scriptis
2027 2319 2194 2383 ipsius
2214 2319 2390 2383 imago
2413 2319 2715 2383 resplendet
2771 2349 2833 2356 —

1727 2388 1938 2436 Primae
1959 2386 2214 2452 epistolae
2235 2388 2530 2451 consilium,
2544 2388 2708 2438 lecto-

1727 2471 1982 2575 212‘3‘31...
2019 2493 2395 2591 ...tisana
2435 2494 2450 2576 ·.
2487 2494 2503 2576 ·.
2539 2494 2556 2576 ·.
2591 2494 2607 2576 ·.
2644 2493 2711 2575 ·.·.
2768 2556 2834 2563 -

1727 2613 1791 2661 Ν.
1813 2614 1860 2663 3.
1888 2612 2028 2673 Quid
2049 2613 2372 2663 censendum
2399 2612 2463 2663 de
2489 2614 2710 2679 inscrip-

1796 2683 1944 2732 tione
2010 2684 2210 2748 primae
2279 2683 2540 2748 epistolae
2613 2684 2714 2744 „ad

1797 2751 2055 2801 Parthos“
2123 2789 2710 2802 ............
2748 2753 2852 2802 500

1727 2822 1793 2871 Ν.
1843 2823 1890 2871 3.
1947 2822 1995 2871 Ν
1999 2837 2130 2871 exus
2185 2828 2346 2887 atque
2399 2838 2714 2887 progressus

1798 2890 2055 2955 epistolae
2121 2927 2712 2942 ............
2769 2920 2834 2927 ——-

1728 2962 1793 3010 N.
1819 2962 1868 3009 5.
1907 2960 2140 3009 Peccata
2162 2960 2432 3027 fugienda,
2460 2960 2712 3011 confiten-

1799 3028 1884 3078 da.
1910 3029 2081 3079 Notae
2107 3031 2482 3081 ambulationis
2503 3030 2711 3092 inhies,

1799 3100 1994 3149 caritas
2031 3100 2332 3150 inculcatur
2383 3136 2710 3150 .......
2771 3126 2832 3134 —

1677 3166 1688 3175 ‘
1730 3170 1793 3219 N.
1820 3170 1868 3217 3.
1905 3169 1988 3217 De
2025 3171 2238 3219 nomine
2264 3174 2316 3219 et
2353 3184 2583 3235 persona
2606 3170 2710 3218 An-

1797 3237 2024 3287 tichristi
2071 3274 2708 3289 .............
2749 3239 2848 3287 501

1731 3308 1794 3356 Ν.
1823 3310 1870 3356 2.
1908 3308 2089 3357 Verba
2124 3325 2166 3357 s.
2192 3309 2457 3357 Ambrosii
2493 3308 2559 3356 de
2597 3308 2712 3372 Spi-

1799 3378 1902 3426 ritu
1941 3376 2138 3426 Sancto
2170 3378 2238 3426 ad
2275 3377 2550 3427 suanm-1.
2587 3380 2636 3439 5,
2663 3380 2711 3426 6.

1798 3445 2085 3495 laudantur
2123 3482 2711 3495 ............
2749 3448 2850 3497 503

1731 3516 1794 3565 Ν.
1845 3517 1893 3564 3.
1949 3515 2276 3566 Testimonio
2334 3516 2438 3565 Dei
2492 3516 2712 3563 creden-

1801 3585 1941 3633 dum.
2009 3585 2074 3634 In
2127 3601 2233 3649 quo
2287 3586 2547 3634 consistat
2602 3586 2714 3634 vita

1798 3660 2034 3704 aeterna.
2089 3654 2172 3703 De
2217 3655 2464 3719 precibus
2511 3670 2606 3719 pro
2653 3670 2712 3705 se

1800 3728 1853 3773 et
1889 3723 2006 3773 aliis
2073 3759 2710 3775 .............
2767 3752 2832 3759 -

1731 3792 1958 3842 Occasio
2019 3792 2288 3842 secundae
2349 3793 2606 3859 epistolae
2661 3798 2714 3841 et

1800 3862 2080 3911 consilium
2125 3898 2708 3912 ............
2747 3863 2850 3913 504

1731 3932 1793 3981 Ν.
1815 3934 1865 3982 3.
1891 3932 2258 3997 Inscriptionis
2279 3929 2512 4000 ,ἐκλεκτῇ
2534 3928 2710 3999 κυρίᾳ“

1799 4000 2044 4051 diversae
2070 4003 2550 4067 interpretationes.
2577 4002 2710 4063 Quis

1799 4072 1958 4120 fuerit
1993 4071 2197 4121 Gaius?
2230 4107 2708 4121 ..........
2768 4098 2832 4109 -

1729 4141 2008 4206 Epistolae
2045 4146 2411 4206 argumentum
2435 4176 2710 4191 ......
2765 4168 2832 4179 --

1728 4228 2006 4293 Epistolae
2031 4228 2220 4277 tertiae
2246 4228 2456 4278 occasio
2485 4232 2538 4277 et
2555 4243 2708 4292 argu-

1797 4302 2032 4346 mentum
2075 4332 2709 4346 .............
2747 4298 2850 4347 505

1729 4368 2000 4431 Digressio
2028 4382 2135 4431 qua
2157 4368 2328 4431 prima
2353 4381 2490 4430 quae
2521 4367 2713 4415 dicitur

1801 4436 2026 4501 epistola
2055 4436 2282 4485 Joannis
2309 4441 2364 4484 et
2387 4436 2440 4484 in
2465 4436 2561 4484 illa
2581 4452 2631 4484 v.
2663 4438 2709 4485 ⁷.

1798 4521 1842 4554 c.
1883 4506 1974 4568 V..·,
2021 4505 2145 4553 item
2189 4504 2362 4554 altera
2397 4509 2452 4553 et
2484 4506 2644 4554 tertia
2679 4520 2713 4555 a

1797 4574 2054 4639 scriptore
2079 4572 2362 4639 Evangelii
2386 4576 2562 4638 quarti
2585 4590 2711 4624 vero

1798 4659 1916 4693 esse
1954 4648 2172 4693 exarata
2208 4644 2598 4693 demonstratur
2645 4680 2657 4694 .
2698 4682 2709 4695 .
2747 4644 2848 4695 506
