3267 5259
1139 473 1421 523 Evangelium
1450 484 1486 513 s.
1506 472 1665 513 Lucae.
1703 492 1714 509 a
2515 458 2642 521 283

184 652 564 711 Foroiuliensis
618 651 946 729 praefixam
1004 653 1183 710 habet
1240 652 1666 727 praefationem
1717 640 1762 709 ἒ.
1795 652 2149 728 Hieronymi
2204 652 2402 709 eadem
2461 670 2641 710 manu

183 760 453 833 scriptam3
496 760 952 834 consequeretur
983 776 1152 833 porro
1182 778 1227 813 s.
1260 757 1525 813 Marcum
1557 755 1790 833 reliqua
1818 774 2044 833 quoque
2077 756 2193 812 tria
2223 754 2547 829 Evangelia
2576 756 2642 812 in
2665 784 2682 790 -

183 862 347 917 eodem
400 862 593 919 codice
654 864 931 918 contenta
990 860 1370 935 descripsisse.
1456 860 1621 915 Adde
1681 858 1725 916 f.
1788 860 2146 916 characteres
2203 859 2528 933 scripturae
2583 863 2642 915 et

183 986 226 1039 g.
261 964 689 1042 ortographiam
734 964 991 1023 multum
1032 984 1067 1021 a
1105 982 1266 1022 casca
1311 962 1725 1039 Apostolorum
1771 968 1960 1020 aetate
2004 963 2338 1020 distantem.
2400 963 2495 1020 Ex
2545 964 2640 1020 his

184 1070 279 1125 iam
304 1072 564 1147 sequitur
596 1068 853 1125 codicem
882 1070 1042 1125 hunc
1070 1069 1228 1125 inter
1260 1068 1698 1145 antiquissimas
1735 1067 2251 1142 interpretationes
2295 1065 2537 1137 latinas,
2589 1070 2640 1123 si

184 1193 277 1229 uon
314 1171 523 1231 saeculi
548 1174 771 1250 ·quinti
792 1218 806 1242 ,
854 1172 1061 1230 saltem
1105 1172 1259 1229 sexti
1302 1172 1704 1240 referendum3
1755 1171 2002 1229 eundem
2046 1190 2187 1228 vero
2233 1172 2476 1228 minime
2521 1192 2640 1228 esse

186 1278 346 1351 ipsum
376 1298 420 1334 s.
450 1276 639 1334 Marci
672 1276 1087 1350 Evangelistae
1120 1273 1453 1351 αὺτόγραφον
1478 1274 1513 1330 ¹.
1574 1276 1670 1333 Ad
1703 1279 2035 1333 extremum
2065 1280 2412 1332 annotamus
2442 1276 2642 1333 Marco

190 1380 487 1456 symbolum
547 1380 669 1437 leo
688 1380 809 1437 nis
868 1379 1153 1453 assignari
1213 1398 1387 1454 penes
1434 1382 1783 1455 interpretes
1835 1384 2010 1456 atque
2061 1380 2338 1453 pictores3
2401 1380 2541 1457 quia
2591 1381 2642 1437 is

184 1484 403 1541 scribere
431 1485 673 1541 inchoat
703 1484 772 1540 de
803 1502 942 1541 voce
972 1484 1262 1556 rugientis
1296 1485 1359 1539 in
1387 1484 1617 1541 deserto
1653 1483 1854 1553 leonis,
1900 1502 2000 1539 seu
2039 1482 2108 1538 de
2138 1503 2183 1539 s.
2207 1482 2434 1540 Joanne
2474 1502 2640 1558 prae-

185 1588 456 1645 ambulone
484 1588 521 1645 J
525 1607 627 1645 esu
660 1587 882 1645 Christ-i
914 1585 1237 1644 Salvatoris
1269 1586 1556 1647 clamante
1588 1588 1652 1645 in
1684 1606 1876 1645 eremo
1897 1582 1939 1643 2.

771 1879 830 1956 ξ.
878 1877 983 1942 52.
1045 1875 1205 1939 Res
1252 1898 1293 1938 a
1336 1873 1652 1937 s.Luca
1697 1883 2014 1957 gestae,

352 2072 575 2129 Nomen
608 2071 804 2128 Lucae
834 2068 1207 2139 romanum-‘33
1242 2071 1537 2127 diversum
1568 2090 1605 2127 a
1643 2070 1826 2125 simili
1865 2069 2034 2127 Lucii
2058 2068 2080 2106 ⁴
2112 2072 2426 2145 prophetae
2456 2070 2636 2146 Cyre-

186 2174 381 2231 nemi-„³⁵
402 2180 459 2232 et
474 2176 709 2248 cognati
730 2195 776 2231 s.
796 2174 967 2232 Pauli
988 2172 1029 2231 ⁶.
1063 2174 1266 2231 Patria
1278 2175 1415 2231 divo
1429 2178 1627 2231 nostro
1645 2173 2022 2231 celeberrima
2037 2173 2302 2247 cont-igit.
2336 2174 2560 2231 Estilla
2574 2176 2638 2231 in

186 2276 327 2333 libris
344 2278 831 2336 Machabaeorum
858 2278 1381 2355 Apostolorumque
1406 2278 1571 2334 Actis
1594 2278 1765 2335 toties
1797 2282 2242 2335 commemorata
2263 2278 2584 2335 Antiochia
2597 2276 2636 2349 ⁷,

184 2382 241 2436 ad
280 2382 541 2440 Orontem
585 2381 847 2439 fluvium
890 2382 955 2438 iu
993 2382 1169 2457 Syria
1212 2382 1349 2451 sita,
1400 2400 1547 2459 quae
1586 2382 1745 2439 inter
1775 2383 1948 2439 urbes
1977 2382 2272 2439 Romanae
2303 2382 2544 2439 ditionis
2575 2384 2640 2438 in

184 2485 387 2543 Oriente
427 2486 755 2544 clarissima
802 2485 949 2555 fuit,
998 2492 1057 2543 et
1102 2505 1277 2561 opum
1322 2487 1720 2563 merciumque
1750 2486 1916 2561 copia
1945 2486 2370 2545 Alexandriam
2401 2507 2636 2561 supera-

184 2590 257 2643 vit
277 2594 313 2645 ³.
343 2591 429 2647 Ab
450 2590 561 2648 hoc
590 2593 717 2665 ipso
747 2588 933 2647 nata-li
964 2608 1069 2647 suo
1097 2590 1152 2646 d.
1179 2590 1367 2647 Lucas
1396 2589 1724 2665 adpellatur
1755 2590 2255 2647 Antiochenus
2292 2596 2352 2647 et
2382 2594 2486 2647 An
2503 2592 2636 2647 tio-

183 2692 489 2751 chensis9.
551 2692 673 2755 Qui
702 2694 929 2751 fuerint
958 2700 1225 2768 parentes
1254 2696 1395 2764 eius,
1428 2695 1581 2771 quod
1614 2700 1840 2770 tempus
1884 2693 2252 2753 nativitatis?
2285 2696 2355 2753 de
2386 2714 2451 2752 eo
2483 2696 2638 2753 nihil
2709 2716 2712 2720 ·

364 2966 881 3032 ¹)*Evaugeliarium
928 2966 1293 3017 Foroiuliense
1339 2968 1541 3033 publici
1588 2969 1720 3017 iuris
1767 2968 1895 3018 fecit
1939 2969 1990 3017 J.
2036 2968 2392 3032 Blanchinus‚
2442 2971 2636 3036 Congr.

184 3052 308 3101 Orat.
331 3055 572 3118 presbyt„
610 3054 666 3102 in
703 3053 1083 3118 Evangeliario
1122 3053 1471 3119 quadruplici.
1522 3056 1671 3103 Rom.
1701 3056 1850 3105 1748.
1889 3054 1960 3116 11,
1997 3050 2137 3105 473.'
2175 3056 2259 3106 De
2298 3058 2484 3107 eodem
2520 3059 2637 3107 fuse

185 3148 225 3185 et
259 3140 514 3205 diligenter
552 3140 852 3205 disputavit
886 3140 1046 3189 Laur.
1073 3156 1106 3189 a
1130 3140 1316 3201 Turre,
1344 3140 1512 3190 eiusd.
1540 3140 1735 3205 Congr.
1761 3141 1833 3190 ib.
1865 3158 1915 3206 p.
1942 3144 2234 3192 453—561.
2297 3142 2338 3207 2)
2378 3144 2541 3192 Plura
2572 3144 2638 3192 de

186 3223 268 3273 hac
298 3242 348 3275 re
380 3226 483 3292 legi
519 3232 727 3292 queunt
764 3226 908 3292 apud
944 3226 1313 3287 Thomaeium,
1360 3232 1503 3292 quat.
1540 3228 1774 3292 insignia
1808 3228 2272 3293 Evangelistarum
2309 3228 2343 3279 1.
2383 3247 2427 3279 c.
2463 3248 2515 3295 p.
2552 3232 2634 3279 62.

187 3311 217 3362 ³.
256 3312 323 3361 lta
355 3314 485 3362 enim
524 3313 861 3362 vocabantur
898 3313 1022 3362 olim
1059 3314 1150 3379 qni
1188 3315 1391 3363 oriente
1428 3314 1548 3363 lucc
1587 3314 1713 3363 editi
1754 3320 1928 3377 erant3
1969 3330 1998 3364 e
2037 3317 2399 3365 contractione
2431 3316 2636 3365 Lucam

186 3397 249 3445 sic
280 3398 457 3448 dictum
494 3398 741 3448 habetur.
798 3400 918 3448 Hoc
953 3399 1147 3465 probat
1171 3398 1458 3461 Cadmeum,
1486 3416 1673 3449 comm.
1698 3401 1775 3450 lit.
1801 3402 1855 3449 in
1882 3402 1945 3451 O.
1966 3402 2029 3450 L.
2050 3402 2112 3451 N.
2134 3402 2193 3451 Τ.
2223 3402 2288 3464 11,
2313 3405 2358 3452 1.
2397 3418 2426 3451 e
2453 3402 2636 3452 codice

186 3480 265 3531 Ms.
300 3485 541 3535 Bobiensi
593 3492 646 3535 et
692 3485 1015 3535 cottoniano
1062 3486 1118 3534 in
1165 3502 1270 3551 quo
1320 3486 1541 3550 legitur:
1596 3488 1954 3553 Evangelium
2002 3488 2294 3538 secundum
2339 3488 2635 3537 Lucanum.

188 3566 307 3618 Adde
340 3572 545 3621 codices
586 3573 997 3636 antiquissimos,
1036 3572 1447 3635 vercellensem,
1484 3572 1878 3637 corbeiensem,
1910 3575 2289 3636 veronensem,
2327 3576 2636 3626 BrixIanum

186 3653 390 3721 aliosque
425 3658 571 3724 apud
608 3658 999 3721 Blanchinium,
1036 3660 1091 3708 in
1129 3659 1335 3724 Evang.
1372 3676 1422 3724 q.
1458 3660 1527 3709 H.
1554 3662 1603 3710 2.
1634 3662 1751 3711 308.
1781 3663 1897 3711 524.
1937 3666 1989 3711 et
2027 3661 2379 3725 Sabatierum‚
2417 3668 2526 3713 not.
2567 3663 2638 3712 ad

186 3740 275 3788 init.
315 3742 485 3794 Lucae
536 3762 635 3810 pro
684 3744 839 3794 Luca
886 3745 1119 3795 scribere
1166 3746 1460 3795 Lucanum.
1522 3746 1601 3797 cf.
1642 3764 1686 3797 e.
1724 3746 2050 3809 Mabillonii,
2094 3748 2230 3798 Mus.
2271 3750 2382 3799 ital.
2432 3750 2474 3811 Ι,
2519 3753 2634 3800 111.

186 3824 228 3872 J.
247 3828 466 3893 Simonis,
494 3830 883 3881 Onomasticon
921 3831 985 3880 N.
1012 3831 1073 3881 Τ.
1098 3848 1150 3897 p.
1181 3834 1295 3882 101.
1365 3832 1405 3898 ⁴)
1446 3832 1665 3891 Λούκιος.
1733 3834 1774 3897 ⁵)
1813 3833 1929 3883 Act.
1958 3836 2038 3897 13,
2069 3838 2114 3887 1.
2184 3832 2224 3899 ⁶)
2263 3834 2413 3884 Rom.
2443 3837 2524 3898 16,
2551 3838 2633 3885 21.

188 3908 351 3963 Lucam
394 3932 509 3967 cum
556 3918 729 3967 Lucio
780 3917 1069 3967 confudere
1114 3918 1359 3968 nonnulli
1406 3921 1513 3968 iam
1558 3925 1794 3985 tempore
1835 3920 2107 3985 Origenis,
2154 3922 2210 3969 in
2257 3936 2338 3985 ep.
2377 3920 2446 3970 ad
2483 3920 2633 3970 Rom.

190 3994 351 4049 comm.
374 4002 437 4063 X,
462 4005 546 4053 39.
594 4003 716 4065 VII,
752 4004 871 4053 448.
931 4004 1179 4054 Eundem
1218 4020 1333 4055 esse
1370 4004 1543 4055 voluit
1576 4006 1638 4055 B.
1677 4005 1738 4055 G.
1780 4005 2093 4070 Clauswitz,
2134 4007 2200 4057 de
2235 4006 2389 4056 Luca
2423 4006 2633 4056 Medico

190 4080 283 4132 Hal.
306 4088 442 4137 1⁷40.
470 4106 519 4155 p.
546 4092 597 4139 5.
622 4105 665 4138 s.
718 4089 1013 4155 Utrumque
1049 4106 1179 4140 sanc
1202 4091 1481 4141 manifeste
1512 4092 1848 4157 distinguunt
1879 4092 2262 4158 Martyrologia
2299 4098 2352 4142 et
2385 4094 2630 4155 Menaea,

188 4184 279 4217 cnm
306 4172 518 4225 Lucium
542 4175 817 4225 Laodicae
856 4177 1161 4241 episcopum
1199 4177 1365 4228 fuisse
1402 4184 1711 4228 memorant.
1773 4178 1914 4240 Quid
1941 4181 2079 4228 enim
2106 4179 2247 4245 quod
2275 4180 2433 4228 etiam
2457 4184 2635 4228 textus

188 4269 367 4314 graecus
401 4261 625 4311 alterum
662 4262 731 4311 ab
770 4260 955 4323 altere,
994 4268 1207 4328 separet
1244 4264 1461 4329 quando
1498 4263 1686 4322 Λουκᾶς
1725 4264 1928 4315 Coloss.
1967 4267 2015 4327 4,
2057 4267 2138 4314 14.
2185 4265 2256 4314 11.
2291 4264 2426 4314 Tim.
2461 4267 2510 4326 4,
2552 4268 2632 4315 11.

191 4338 367 4395 Philem.
388 4363 436 4396 v.
462 4348 545 4399 24.
577 4352 889 4398 constanter
927 4347 1119 4399 dicitur
1143 4350 1509 4415 Evangelista‚
1548 4348 1750 4409 Λούκιος
1787 4366 1913 4401 vero
1951 4351 2100 4401 Rom.
2146 4352 2224 4413 16,
2253 4354 2335 4400 21.
2374 4356 2634 4417 cognatus

189 4424 322 4479 Pauli.
364 4434 538 4494 Quare
576 4434 766 4483 merito
791 4434 997 4483 Lucam
1023 4450 1057 4483 ει
1079 4436 1249 4485 Lucio
1283 4438 1624 4487 secernimus.
1687 4438 1728 4501 7)
1769 4436 2056 4487 Conditore
2090 4436 2314 4487 Seleuco
2350 4437 2633 4499 Nicanore,

190 4514 257 4573 qui
289 4532 389 4567 eam
416 4536 479 4569 ex
507 4520 763 4569 Antiochi
796 4520 972 4569 Patris
1010 4522 1223 4571 nomine
1259 4521 1568 4587 adpellavit.
1630 4524 1693 4573 V.
1720 4522 1800 4573 Le
1825 4523 2014 4587 Quien,
2053 4522 2246 4573 Oriens
2271 4523 2383 4573 chr.
2407 4525 2478 4586 H,
2515 4526 2633 4575 669.

190 4596 253 4645 ed.
274 4600 375 4653 Par.
431 4606 472 4669 S)
512 4606 595 4656 cf.
623 4605 688 4656 G.
718 4604 883 4667 Cave,
909 4605 1083 4672 Antiq.
1112 4622 1196 4673 ap.
1222 4608 1371 4673 Lips.
1402 4610 1552 4659 1606.
1578 4626 1630 4675 p.
1657 4611 1775 4659 630.
1840 4608 1898 4688 9).
1917 4610 2000 4659 Ab
2031 4610 2282 4674 Eusebio,
2319 4612 2460 4662 ffist.
2485 4610 2633 4661 Eccl.
