3267 5259
1169 474 1231 515 De
1260 472 1511 515 testimonio
1538 473 1565 513 J
1568 473 1735 523 oephi.
2568 460 2695 526 313

238 656 439 731 quidem
466 660 677 725 exstat,
728 655 799 712 in
828 673 942 733 quo
982 673 1100 712 non
1130 653 1377 727 legatur.
1436 654 1569 712 «Iam
1600 673 1741 712 vero
1771 656 1822 710 si
1855 653 2254 711 testimonium
2283 656 2392 711 hoc
2421 654 2544 724 uni,
2593 661 2698 712 aut

238 759 471 835 pluribus
498 760 948 837 Antiquitatum
978 757 1411 833 exemplaribus
1452 758 1720 816 additum
1759 757 1962 815 fuisset
1994 777 2030 815 a
2058 759 2307 835 quodam
2354 758 2692 828 christiane,

238 870 501 921 exstarent
524 884 661 923 sane
687 864 824 935 alia,
854 865 957 921 ubi
982 863 1133 921 illud
1156 882 1275 920 non
1296 864 1638 921 haberetur:
1664 882 1794 921 cum
1817 862 1950 919 fieri
1975 882 2088 919 uon
2117 864 2313 937 possit,
2341 867 2410 920 ut
2431 862 2696 920 universi

238 968 655 1043 Archaeologiae
718 968 952 1026 Codices
1004 988 1041 1025 a
1086 968 1347 1025 librariis
1400 967 1745 1043 interpolati
1799 966 2040 1025 fuerint.
2112 968 2223 1024 Sed
2271 972 2331 1024 et
2373 968 2697 1043 archetypa

240 1073 645 1150 Antiquitatum
676 1072 913 1147 Josephi
948 1072 1143 1130 Flavii
1174 1071 1535 1147 exemplaria
1563 1072 1806 1129 eandem
1837 1070 2171 1147 periocham
2201 1076 2512 1129 servarunt
2539 1068 2574 1127 ¹.

411 1178 501 1234 Ad
546 1178 655 1235 has
700 1176 955 1235 rationes
998 1177 1396 1247 stabiliendas,
1450 1177 1734 1234 accedunt
1776 1181 2122 1249 argumenta
2167 1178 2426 1247 interna,
2483 1174 2696 1252 quibus

234 1283 468 1359 quamvis
498 1282 827 1358 plurimum
856 1282 1169 1353 confidant,
1214 1281 1603 1339 revincuntur
1644 1280 1737 1338 illi
1770 1280 1994 1339 Critici.
2057 1280 2210 1337 Nam
2261 1298 2314 1337 α.
2361 1299 2494 1337 cum
2540 1280 2696 1336 idem

232 1382 523 1462 Josephus2
554 1387 917 1444 mentionem
939 1386 1118 1443 faciat
1146 1407 1190 1443 s.
1210 1406 1253 1443 s.
1272 1386 1309 1443 J
1311 1388 1515 1444 oannis
1538 1386 1604 1442 B.
1632 1392 1689 1443 et
1712 1386 1745 1442 J
1750 1385 1929 1456 acobi,
1975 1384 2285 1441 dicendum
2315 1391 2428 1442 est:
2462 1384 2696 1441 silentio

235 1490 447 1547 minime
493 1490 884 1565 praeteriisse,
930 1509 1078 1568 quae
1130 1490 1431 1547 Christum
1478 1489 1798 1547 Dominum
1844 1489 2264 1564 respiciebant,
2309 1490 2476 1546 cuius
2523 1489 2694 1561 longe

234 1593 419 1651 clarius
444 1594 717 1651 habitum
746 1600 833 1651 est
862 1612 1093 1651 nomen.
1156 1594 1343 1671 quue
1382 1614 1449 1651 eo
1478 1594 1694 1666 magis,
1745 1593 1888 1671 quia
1929 1614 1974 1651 s.
2007 1594 2288 1651 Jacobum
2339 1594 2582 1650 laudans
2629 1597 2698 1649 ut

234 1718 347 1754 eum
372 1698 583 1756 faceret
611 1704 839 1768 notum,
872 1697 1138 1773 scripsit:
1186 1695 1297 1773 ,τὀν
1328 1694 1565 1773 ἀδελφὸν
1599 1697 1776 1769 'Ino-:ri
1805 1702 1897 1755 τοῦ
1927 1694 2234 1773 λεγεμένου
2265 1696 2534 1774 Χριστοῦέ
2582 1696 2696 1753 Lo-

234 1802 409 1879 quitur
436 1822 571 1877 ergo
600 1804 673 1860 de
701 1802 738 1858 J
740 1822 857 1873 esu,
890 1810 957 1860 ut
988 1822 1235 1879 persona
1263 1808 1449 1875 magis
1480 1809 1638 1873 nota,
1702 1822 1876 1879 quam
1920 1804 2167 1861 Jacobus
2213 1808 2358 1859 erat.
2429 1802 2695 1859 Certissi-

234 1926 371 1964 mum
399 1912 479 1965 est
511 1902 562 1977 3.
596 1907 815 1965 Christi
848 1906 1063 1965 famam
1094 1911 1353 1983 tempore
1381 1907 1417 1963 J
1420 1908 1617 1982 osephi
1651 1908 1828 1965 fuisse
1858 1908 2254 1975 notissimam;
2303 1906 2468 1964 cuius
2514 1907 2694 1963 etiam

236 2013 598 2069 meminerunt
632 2012 891 2069 eiusdem
922 2015 1049 2069 aevi
1082 2014 1389 2087 scriptores
1432 2013 1662 2088 profani
1698 2013 1760 2070 C.
1794 2013 2048 2083 Tacitus,
2091 2012 2340 2084 Plinius,
2387 2010 2697 2069 Svetonius

236 2114 441 2192 aliique.
484 2117 519 2174 J
522 2136 617 2173 am
642 2116 798 2173 credi
823 2136 941 2173 non
962 2122 1168 2191 potest,
1195 2118 1349 2193 quod
1370 2120 1619 2191 scriptor
1645 2136 1759 2173 non
1785 2118 2036 2192 ineptus,
2070 2136 2202 2175 cum
2227 2136 2318 2173 res
2338 2116 2696 2173 «Iudaeorum

237 2228 660 2297 persequeretur,
694 2221 768 2277 de
797 2240 862 2279 eo
892 2222 1024 2278 viro
1058 2222 1325 2289 tacuerit,
1389 2224 1490 2298 qui
1522 2224 1812 2279 maximas
1845 2222 1906 2278 iu
1937 2222 2170 2279 iudaica
2199 2226 2374 2295 gente
2411 2218 2697 2278 excitavit

236 2327 623 2395 conversiones,
673 2325 991 2383 Ecclesiam
1022 2327 1092 2383 de
1122 2346 1223 2383 suo
1254 2326 1491 2383 nomine
1522 2327 1800 2397 condidit,
1853 2326 2066 2384 multos
2111 2327 2322 2383 habuit
2367 2330 2693 2395 sectatores,

236 2428 307 2484 ita
325 2429 467 2486 utin
487 2429 617 2504 ipsa
641 2430 951 2487 Caesarum
970 2430 1107 2488 aula
1129 2450 1246 2488 non
1270 2430 1584 2489 defuerint.
1622 2432 1714 2488 Ad
1736 2432 1880 2489 haec
1908 2448 1962 2505 γ.
1989 2430 2256 2487 addimus
2277 2430 2485 2499 locum,
2519 2446 2694 2506 quem

234 2534 363 2607 apud
388 2534 701 2610 Josephum
733 2539 895 2592 tenet
924 2535 1323 2593 testimonium
1355 2537 1425 2593 de
1456 2534 1706 2605 Christo,
1755 2535 2114 2593 memorandi
2145 2534 2182 2590 J
2183 2553 2285 2590 esu
2312 2532 2482 2591 valde
2512 2552 2692 2608 appo-

234 2638 387 2694 situm
415 2659 548 2697 esse.
644 2640 869 2715 Nempe
914 2644 1220 2716 postquam
1264 2640 1506 2699 Flavius
1552 2641 1622 2697 de
1667 2640 1949 2697 seditione
1995 2639 2060 2697 in
2104 2639 2364 2696 Pilatum
2399 2642 2574 2707 mota,
2623 2637 2698 2694 ob

234 2760 433 2799 sacrum
475 2732 770 2802 aerarium
818 2743 1105 2805 violatum
1152 2744 1427 2814 dixisset;
1474 2748 1539 2802 ut
1580 2764 1748 2820 saepe
1794 2745 1938 2802 alias
1961 2742 2002 2814 ³,
2055 2764 2171 2801 non
2215 2744 2420 2801 habita
2467 2742 2696 2801 ratione

235 2848 583 2905 connexionis
606 2868 822 2918 rerum,
858 2850 955 2905 sed
981 2851 1255 2924 temporis
1278 2849 1501 2907 subdit:
1536 2852 1734 2907 eodem
1767 2850 1831 2906 in
1854 2851 1890 2906 J
1891 2850 2076 2906 udaea
2099 2848 2371 2905 Praeside
2396 2846 2693 2904 Christum

235 2953 423 3009 mundo
451 2972 509 3009 se
542 2953 921 3010 manifestum
953 2954 1283 3029 praebuisse
1305 2950 1347 3011 ⁴.
1406 2954 1520 3011 Pro
1550 2952 1860 3029 γνησιέτητι
1900 2953 2117 3011 militat
2151 2948 2196 3009 δ.
2230 2952 2510 3009 orationis
2543 2950 2698 3007 color

249 3108 348 3115 ---
375 3110 402 3117 ..-

420 3188 457 3245 1)
496 3187 558 3235 V.
597 3184 905 3248 Baronium,
944 3186 1135 3235 Annal.
1172 3200 1219 3235 a.
1256 3188 1338 3235 34.
1376 3202 1425 3234 n.
1462 3188 1579 3234 221.
1628 3203 1678 3250 p.
1719 3187 1834 3235 191.
1871 3190 1917 3233 2.
1969 3186 2208 3248 pagium,
2244 3186 2300 3233 in
2333 3188 2463 3233 nota
2495 3184 2594 3245 ibi-3
2646 3188 2700 3232 et

236 3271 629 3337 Wagenseilium
674 3274 731 3321 in
770 3272 830 3321 O.
864 3272 1103 3334 Arnoldi‚
1154 3272 1360 3322 collect.
1401 3288 1481 3337 ep.
1522 3271 1587 3321 de
1624 3273 1816 3320 testim.
1875 3272 1990 3321 Jos.
2025 3270 2262 3320 Norimb.
2301 3272 2449 3320 1661.
2491 3286 2543 3335 p.
2581 3272 2696 3319 249.

234 3360 309 3422 qui
342 3359 553 3409 Bar-onii
593 3361 987 3421 „narrationem
1024 3360 1381 3409 testimonium
1426 3360 1480 3407 in
1518 3364 1824 3424 pervetusto
1863 3357 2192 3407 Judaeorum
2230 3356 2440 3418 codice,
2487 3358 2544 3405 in
2589 3372 2695 3421 quo

232 3444 429 3510 Josephi
474 3446 745 3496 Historiae
792 3461 823 3494 e
860 3444 1067 3495 Graeco
1114 3447 1171 3494 in
1216 3445 1525 3495 hebraicum
1572 3445 1890 3505 translatae,
1939 3445 2231 3509 antiquitus
2277 3446 2505 3509 scriptae
2555 3448 2693 3503 sunt,

234 3531 453 3583 abrasum
497 3534 773 3582 inventum
820 3537 933 3582 est“
974 3530 1269 3582 confirmat.
1344 3532 1479 3582 Item
1515 3534 1574 3581 P.
1612 3532 1679 3580 D.
1717 3532 2000 3591 Raetiam,
2047 3530 2333 3580 demonstr.
2372 3546 2453 3580 εν.
2487 3531 2586 3591 111,
2616 3532 2696 3579 13.

236 3634 277 3680 p.
302 3622 375 3669 29.
422 3621 519 3669 Cui
554 3618 877 3681 addendum,
911 3618 1055 3684 quod
1092 3634 1155 3667 ex
1192 3619 1394 3669 inedito
1432 3618 1652 3684 Gyraldi
1695 3618 2034 3668 Cambrensis
2077 3618 2210 3667 libro
2251 3618 2314 3667 G.
2357 3618 2516 3679 Cave,
2553 3618 2692 3667 Hist.

236 3704 299 3752 lit.
326 3706 389 3767 ΙΙ,
414 3710 494 3756 11.
544 3708 720 3757 adfert
756 3708 1130 3769 testimonium,
1176 3712 1229 3755 et
1265 3706 1407 3771 quod
1442 3707 1710 3755 Robertus
1749 3705 1992 3755 Canutus
2017 3732 2082 3743 -—
2109 3706 2202 3770 qui
2239 3706 2480 3755 Oxoniae
2517 3705 2696 3755 floruit

236 3806 273 3837 c.
290 3806 333 3840 a.
354 3795 495 3843 1120.
518 3793 585 3843 cf.
612 3794 805 3855 Mansi,
828 3792 965 3842 Bibl.
985 3794 1079 3842 lat.
1100 3793 1215 3842 Pat.
1233 3794 1384 3842 1754.
1406 3793 1445 3855 1,
1469 3795 1586 3843 330.
1603 3821 1668 3828 —
1687 3798 1892 3842 narrat:
1919 3808 1976 3841 se
1997 3793 2051 3842 in
2073 3792 2282 3843 duobus
2303 3792 2692 3856 exemplaribus

236 3876 431 3944 Josephi
470 3880 717 3931 hebraice
755 3882 965 3945 scriptis
1000 3880 1269 3929 invenisse
1304 3881 1660 3929 testimonium
1689 3880 1753 3928 dc
1781 3878 2008 3941 Christo,
2047 3880 2102 3927 in
2129 3879 2247 3928 aliis
2285 3894 2454 3943 nuper
2488 3892 2696 3927 erasum

238 3964 394 4015 fuisse.
440 3966 482 4031 ²)
508 3968 687 4033 Antiq.
716 3968 911 4029 XVIII,
933 3970 981 4028 5,
1004 3970 1051 4015 2.
1078 3984 1129 4032 p.
1151 3968 1267 4016 883.
1290 3968 1405 4016 XX.
1427 3968 1474 4015 9.
1499 3970 1543 4016 1.
1570 3984 1620 4031 p.
1638 3969 1753 4016 976.
1793 3966 1856 4015 V.
1880 3966 2093 4031 Georgii
2120 3964 2371 4029 Syncelli,
2400 3965 2693 4027 Chronogr.

238 4050 307 4099 ed.
326 4052 447 4103 Ven.
472 4072 521 4119 p.
544 4056 664 4105 269.
722 4054 763 4119 ³)
802 4054 882 4103 Cf.
902 4054 1080 4118 Antiq.
1108 4054 1201 4102 lx.
1225 4055 1305 4115 11,
1328 4056 1376 4102 3.
1403 4070 1452 4117 p.
1474 4056 1593 4103 501.
1650 4053 1720 4103 Ut
1743 4058 2015 4102 taceamus
2041 4053 2185 4117 quod
2212 4049 2470 4101 eiusmodi
2497 4050 2694 4113 digres-

240 4137 406 4201 siones,
442 4156 579 4206 quae
619 4142 914 4190 orationem
950 4142 1279 4190 intersecant
1316 4139 1457 4204 apud
1497 4138 1766 4189 Classicos
1805 4155 2018 4204 quoque
2057 4140 2360 4203 frequentes
2398 4138 2518 4186 sint.
2575 4136 2696 4185 Hoc

240 4225 373 4274 etiam
424 4227 727 4292 Thucydidi
783 4227 1005 4289 accidit,
1068 4228 1207 4277 sicut
1267 4226 1391 4275 olim
1445 4228 1551 4275 iam
1606 4228 1814 4275 notavit
1863 4226 2156 4289 Dionysius
2213 4224 2697 4285 Hallicarnasseus,

240 4326 443 4377 respons.
482 4314 551 4364 ad
588 4315 829 4379 Pompei.
868 4314 951 4363 ed.
978 4313 1225 4378 Sylburg.
1264 4313 1333 4373 11,
1368 4316 1486 4361 235.
1522 4314 1648 4362 item
1687 4312 1756 4361 ad
1791 4312 2058 4361 Tuberon.
2099 4328 2146 4375 p.
2185 4312 2300 4359 242.
2337 4326 2379 4359 s.
2428 4310 2698 4360 Transitio

242 4396 387 4449 Flavii
432 4400 545 4461 „mi
582 4394 675 4451 ὑπὸ
712 4398 825 4459 τοὺς
863 4398 1035 4458 αὐτοὺς
1070 4396 1278 4469 χρόνους
1306 4397 1465 4467 ἕτερον
1502 4416 1545 4448 τι
1582 4394 1735 4449 δεινὸν
1774 4396 1988 4465 ἐθορύβει
2022 4394 2135 4455 τοὺς
2173 4393 2454 4456 tonsam&
2491 4414 2542 4462 p.
2579 4400 2698 4448 877.

238 4484 293 4533 ad
330 4490 593 4553 sequentis
640 4504 685 4537 c.
731 4488 875 4537 XIX.
926 4488 1131 4536 initium
1181 4486 1465 4537 statuenda
1519 4487 1722 4536 fuisset.
1797 4487 1838 4549 ⁴)
1887 4485 2090 4533 Mentio
2137 4484 2510 4533 miraculorum
2561 4498 2698 4549 quae

238 4569 449 4623 Christus
475 4575 817 4641 operabatur,
844 4579 899 4624 et
920 4574 1070 4624 illum
1088 4580 1211 4639 post
1234 4578 1455 4623 mortem
1482 4574 1811 4638 apparuisse,
1837 4572 1970 4622 nihil
1995 4571 2220 4637 amplius
2247 4570 2508 4633 efficiunt,
2537 4586 2696 4636 quam

238 4660 358 4721 quod
392 4662 459 4711 ab
484 4662 845 4712 Historiarum
882 4662 1139 4725 scriptore
1178 4662 1475 4725 exspectari
1514 4664 1741 4725 poterat,
1774 4660 1865 4724 qui
1897 4676 1982 4709 res
2015 4660 2384 4708 Hebraeorum
2423 4675 2484 4707 eo
2523 4659 2698 4707 animo
