3267 5259
575 415 858 464 LXXVIII
1407 431 1655 482 Apparatus
1683 430 1899 472 Historieo
1916 454 1967 462 -—
1984 430 2231 472 chronicus.

569 615 760 668 castra
781 615 1042 667 secutum
1065 610 1262 668 fuisse.
1307 609 1497 684 Magis
1521 611 1594 667 ad
1621 630 1745 668 rem
1770 616 2029 668 nostram
2052 611 2197 668 facit
2217 611 2348 669 Gal.
2376 615 2429 681 1,
2456 615 2553 668 18.
2579 631 2625 669 s.
2660 612 3061 669 testimonium

567 735 613 772 s.
646 714 817 772 Pauli
859 715 938 770 de
969 714 1196 789 primo
1225 734 1348 772 suo
1381 714 1653 773 itinere
1685 714 2391 792 Hierosolymitano.
2441 715 2718 774 Testatur
2746 716 3062 790 Apostolus

568 819 855 894 expressis
885 819 1108 876 verbis:
1141 839 1210 876 se
1241 820 1477 877 tribus
1509 825 1666 895 post
1695 821 2246 878 conversionem
2274 821 2486 878 annis
2526 820 2901 890 Damasco,
2938 825 3063 895 post

567 922 822 980 reditum
868 943 943 980 ex
987 924 1240 994 Arabia,
1286 925 1522 999 prima
1565 924 1727 982 vice
1773 924 2261 1001 Jerosolymas
2306 924 2631 1000 profectum
2660 944 2802 982 esse.
2868 929 3060 1001 Atque

566 1046 922 1104 quamquam
953 1027 1012 1085 S.
1046 1026 1233 1086 Lucas
1262 1029 1502 1086 brevius
1530 1029 1601 1084 de
1632 1029 1807 1085 rebus
1836 1029 2007 1086 Pauli
2040 1031 2392 1098 narraverit,
2426 1049 2613 1107 neque
2644 1031 2715 1086 de
2751 1029 2970 1086 itinere
3000 1030 3059 1084 in

565 1129 887 1188 Arabiam¹
919 1132 1073 1189 facto
1103 1133 1416 1190 memoriae
1439 1133 1582 1210 quid
1613 1132 1939 1203 tradiderit,
1975 1137 2172 1190 tamen
2202 1133 2495 1209 duplicem
2518 1135 2584 1190 in
2606 1133 2755 1191 urbe
2778 1132 3060 1190 Damasco

565 1237 1170 1294 commemorationem
1209 1257 1422 1312 ponere
1461 1233 1764 1304 videtui-².
1826 1236 2023 1299 Quod
2071 1238 2475 1297 triennium
2520 1237 2799 1295 nullam
2846 1237 3059 1294 aliam

565 1342 896 1416 epocham
937 1341 1202 1398 habere
1245 1347 1512 1417 potest,
1565 1361 1773 1419 quam
1815 1363 1851 1400 a
1895 1343 2363 1401 conversione
2408 1342 2610 1400 Sauli
2631 1339 2676 1400 3.
2736 1342 2875 1400 Jam
2923 1362 3057 1400 vero

566 1463 700 1502 cum
731 1446 789 1504 S.
821 1445 1042 1503 Paulus
1071 1445 1195 1521 ipse
1235 1451 1440 1504 auctor
1477 1447 1560 1504 sit
1577 1443 1601 1484 ³
1643 1466 1703 1504 se
1738 1447 2176 1524 quatuordecim
2216 1449 2387 1504 annis
2426 1451 2556 1522 post
2593 1446 2815 1504 iterum
2846 1447 3055 1503 Hiero-

563 1548 816 1626 solymas
837 1550 1171 1620 ascendisse,
1208 1550 1266 1606 id
1299 1555 1453 1608 recte
1482 1550 1806 1628 quaeritur,
1840 1557 2045 1610 utrum
2076 1551 2225 1609 illud
2257 1554 2373 1609 iter
2402 1552 2720 1609 secundum
2753 1570 2820 1608 eo
2842 1551 3052 1616 fuerit;

562 1653 706 1710 item
736 1672 813 1710 an
843 1655 986 1710 anni
1017 1654 1111 1711 illi
1141 1653 1314 1712 XIV.
1349 1675 1386 1712 a
1414 1656 1793 1713 conversione
1822 1655 1997 1714 Pauli
2028 1656 2405 1732 computandi
2436 1654 2590 1714 sint?

775 1763 877 1816 50.
951 1759 1239 1814 Teuta-men
1301 1759 1592 1829 definiendi
1654 1767 1863 1830 tempus
1904 1761 2119 1816 itinevis
2162 1761 2415 1830 Apostoli
2457 1761 2877 1830 Hierosolyma-⁴2
2932 1759 3055 1814 Gal.

564 1864 619 1933 2,
653 1866 702 1920 1.
737 1866 794 1920 2.
840 1863 929 1919 De
966 1863 1076 1921 hoc
1119 1862 1386 1939 Apostoli
1428 1863 1645 1922 itinere
1683 1869 1743 1921 et
1780 1871 2057 1940 computu
2101 1865 2165 1922 in
2208 1864 2441 1922 diversa
2480 1865 2702 1921 abeunt
2730 1864 3053 1921 doctissimi

560 1966 680 2024 viri
697 1965 741 2024 4.
804 1967 1007 2046 Neque
1036 1986 1174 2026 vero
1205 1987 1332 2026 eam
1362 1967 1761 2046 quaestionem
1797 1967 1946 2026 levis
1978 1971 2258 2027 momenti
2289 1969 2421 2046 quis
2450 1968 2693 2039 dixerit,
2728 1970 2779 2026 si
2812 1987 3049 2026 accura-

561 2075 682 2128 tam
727 2072 852 2128 eius
901 2071 1249 2130 solutionem
1303 2073 1376 2130 ad
1429 2073 1898 2131 constituendam
1950 2073 2109 2132 vitae
2156 2072 2327 2131 Pauli
2376 2072 2827 2147 chronologiam
2885 2073 3055 2149 plane

559 2176 944 2234 necessariam
965 2197 1084 2234 esse
1113 2196 1308 2234 secum
1338 2179 1727 2252 reputaverit.
1774 2179 1974 2250 Nobis,
2012 2179 2126 2235 nisi
2160 2178 2359 2236 omnia
2388 2176 2619 2250 fallant,
2654 2179 3055 2253 peregrinatio

559 2279 867 2358 Solymaea
908 2282 966 2339 d.
1010 2280 1182 2339 Pauli
1223 2280 1355 2338 Gal.
1401 2286 1457 2354 2,
1508 2287 1562 2339 1.
1599 2287 1656 2340 2.
1690 2288 2155 2354 commemorata,
2206 2301 2340 2340 cum
2380 2284 2595 2340 itinere
2636 2283 2709 2338 ad
2748 2281 3051 2360 Synodum

559 2385 1182 2462 Hierosolymitanam‚
1234 2387 1432 2444 eadem
1471 2405 1590 2443 esse
1639 2387 1907 2457 videtur3
1955 2390 2219 2464 ratioque
2264 2387 2545 2462 temporis
2594 2405 2631 2444 a
2674 2388 3053 2444 conversione

558 2490 826 2565 Apostoli
857 2491 1136 2548 ducenda.
1186 2491 1396 2568 Itaque
1427 2491 1689 2566 primum
1719 2491 1983 2550 omnium
2013 2491 2253 2549 lectores
2285 2496 2509 2549 nostros
2540 2509 2782 2566 scopum
2815 2491 3049 2548 itineris

556 2594 792 2652 Paulini
841 2598 974 2653 Act.
1027 2599 1125 2666 15,
1180 2601 1237 2653 2.
1287 2600 1347 2653 et
1383 2597 1455 2653 ad
1499 2595 1630 2654 Gal.
1668 2601 1723 2667 2,
1764 2600 1819 2654 1.
1856 2601 1913 2654 2.
1946 2597 2201 2669 cogitare
2246 2595 2541 2664 iubemus3
2589 2595 2763 2652 illum
2814 2596 3047 2673 quidem

556 2718 740 2757 unum
770 2701 1130 2778 eundemque
1163 2701 1340 2757 fuisse
1371 2701 1660 2772 concedet,
1694 2702 1796 2778 qui
1826 2706 2141 2778 utrumque
2172 2699 2361 2758 locum
2393 2699 2567 2775 paulo
2598 2700 2919 2758 studiosius
2947 2721 3047 2756 ex-

553 2805 842 2878 penderit.
905 2805 1150 2862 Itineris
1190 2805 1368 2864 huius
1411 2824 1644 2862 causam
1673 2806 1979 2882 perspicua
2008 2803 2277 2863 claritate
2308 2803 2517 2861 retulit
2544 2825 2590 2862 s.
2624 2804 2836 2862 Lucas.
2868 2823 2948 2862 sc.
2982 2810 3048 2860 ut

765 3063 801 3129 ¹)
844 3062 1001 3124 Quod
1039 3063 1251 3112 brevius
1300 3063 1456 3112 modo
1495 3063 1661 3113 fuisse
1700 3063 1925 3124 videtur,
1970 3065 2255 3128 statimque
2292 3068 2411 3128 post
2448 3065 2856 3113 conversionem
2896 3079 3043 3114 suam

551 3150 865 3199 institutum.
928 3148 969 3206 ²)
1009 3149 1125 3198 Act.
1152 3166 1197 3200 c.
1229 3151 1295 3210 9.,
1332 3151 1558 3215 primum
1594 3165 1645 3199 v.
1682 3151 1763 3199 19.
1800 3164 2024 3200 narrans
2062 3149 2289 3199 Paulum
2326 3150 2581 3200 Damasci
2620 3147 2843 3217 ,,ἠμέρας
2880 3145 3045 3208 τινάς-θ’

552 3251 669 3284 cum
710 3235 1009 3300 discipulis3
1059 3235 1250 3286 deinde
1287 3251 1414 3285 vero
1453 3252 1502 3285 v.
1541 3237 1626 3287 23.
1677 3235 1911 3286 referens
1948 3235 2187 3286 Judaeos
2224 3237 2409 3285 urbem
2445 3236 2742 3286 incolentes
2780 3234 3041 3301 Apostolo

551 3322 772 3374 insidias
811 3324 1082 3384 struxisse,
1135 3322 1286 3372 addit
1331 3322 1486 3372 simul
1535 3321 1636 3372 hoc
1687 3321 1973 3372 accidisse:
2036 3317 2135 3382 ς,ὡς
2172 3318 2225 3371 δὲ
2262 3319 2559 3389 ἐπληροῦντο
2604 3319 2786 3390 ἡμέραι
2832 3319 3041 3371 ἲκαναί“.

550 3409 665 3460 Has
707 3407 919 3477 ,ἡμέρας
958 3403 1153 3467 ἱκανᾶς“
1196 3409 1262 3458 de
1299 3410 1544 3472 triennio,
1585 3410 1737 3458 cuius
1774 3411 2079 3458 memoriam
2116 3410 2299 3458 iniecit
2336 3407 2455 3458 Gal.
2495 3412 2540 3470 1,
2579 3409 2657 3459 18.
2698 3410 3044 3474 accipiendas

552 3513 684 3557 esse,
724 3511 941 3561 prorsus
979 3497 1162 3561 liquet,
1201 3511 1321 3545 cum
1361 3510 1499 3561 quae
1536 3511 1695 3560 porro
1732 3495 1997 3545 habentur
2020 3510 2079 3545 se
2102 3495 2479 3560 Hierosolyma
2502 3496 2557 3544 in
2583 3495 2831 3560 regiones
2860 3495 3043 3560 Syriae

551 3587 603 3631 et
641 3581 860 3632 Ciliciae
899 3583 1239 3632 contendisse
1275 3582 1392 3631 Act.
1428 3584 1478 3644 9,
1515 3584 1599 3631 30.
1638 3587 1691 3631 et
1728 3581 1844 3632 Gal.
1874 3585 1919 3644 1,
1946 3585 2028 3631 21.
2068 3583 2281 3647 egregie
2317 3582 2639 3646 conspirent.
2702 3581 2744 3646 ²)
2786 3583 2861 3632 Ut
2898 3587 3043 3648 patet

551 3685 616 3718 ex
654 3669 877 3719 consilio
915 3669 1158 3734 Apostoli
1208 3685 1304 3734 per
1351 3673 1517 3718 totam
1555 3683 1673 3718 eam
1712 3667 1992 3733 epistolam
2026 3668 2093 3717 ad
2134 3667 2373 3730 Galatas,
2422 3674 2475 3718 et
2511 3685 2575 3718 ex
2623 3669 2741 3734 ipso
2788 3675 3043 3720 contextu

551 3758 599 3818 1,
639 3757 858 3805 11—18.
935 3753 976 3820 ⁸)
1017 3755 1140 3805 Una
1176 3755 1384 3821 quidem
1423 3757 1770 3820 interpretum
1805 3769 1930 3820 pars
1969 3753 2263 3804 cavendum
2304 3770 2420 3805 esse
2458 3755 2744 3820 praecipit,
2796 3772 2867 3805 ne
2906 3755 3037 3805 illud

549 3857 668 3891 cum
729 3843 918 3892 itinere
980 3841 1048 3892 ad
1111 3842 1408 3891 Concilium
1468 3841 1971 3906 Jerosolymitanum
2042 3857 2137 3906 pro
2207 3857 2315 3891 uno
2376 3841 2670 3906 eodemque
2738 3841 3037 3902 habeatur3

549 3929 718 3979 altera
765 3930 1086 3979 contrariam
1140 3928 1302 3994 plane
1349 3929 1665 3978 sententiam
1721 3928 1958 3992 sequitur
2005 3932 2058 3976 et
2104 3927 2253 3976 nulla
2287 3943 2345 3977 re
2383 3927 2451 3976 ab
2502 3927 2594 3976 illo
2630 3927 2749 3976 Act.
2788 3930 2873 3990 15,
2914 3931 2959 3978 2.
2998 3945 3038 3978 s.

549 4015 814 4067 diversum
855 4031 970 4066 esse
1010 4015 1300 4065 contendit.
1356 4016 1569 4064 Tertiae
1617 4014 1777 4064 classi
1826 4016 2172 4079 interpretum
2209 4017 2378 4065 visum
2431 4021 2513 4064 est
2559 4016 2645 4080 agi
2686 4014 2752 4064 de
2802 4015 3037 4066 secundo

547 4103 734 4152 itinere
760 4103 876 4152 Act.
906 4105 1004 4166 11.,
1044 4102 1188 4166 quod
1223 4102 1376 4166 stipis
1415 4101 1716 4151 offerendae
1754 4116 1919 4151 causa
1953 4100 2317 4165 Jcrosolymas
2354 4105 2661 4165 susceptum
2699 4116 2821 4152 esse
2858 4107 3038 4151 narrat

547 4205 588 4239 s.
625 4190 806 4240 Lucas
833 4207 883 4239 v.
911 4191 1132 4238 27—30.
1171 4190 1284 4238 Nec
1315 4189 1522 4250 desunt,
1562 4189 1653 4253 qui
1691 4187 1823 4238 illud
1859 4187 1999 4237 idem
2038 4203 2156 4237 cum
2194 4187 2288 4237 illa
2323 4187 2655 4252 profectione
2692 4189 3035 4250 arbitrentur,

547 4291 684 4341 quae
711 4277 826 4326 Act.
849 4281 930 4338 18,
959 4279 1040 4325 22.
1079 4276 1345 4326 Caesarea
1369 4277 1614 4325 instituta
1640 4275 1709 4324 ad
1732 4274 2071 4324 salutandam
2097 4274 2395 4324 Ecclesiam
2420 4273 2772 4338 Jerosolymis
2798 4277 3035 4325 refertur.

547 4362 702 4422 Quod
740 4368 914 4412 autem
944 4362 1012 4412 ad
1039 4363 1296 4427 epocham
1321 4363 1527 4424 attinet,
1566 4376 1600 4410 a
1628 4377 1737 4427 qua
1760 4363 1982 4410 istorum
2006 4362 2148 4410 XIV.
2188 4375 2444 4410 annorum
2479 4361 2687 4410 initium
2714 4361 3033 4421 ducendum,

547 4447 637 4497 alii
683 4449 750 4498 ad
789 4450 1214 4511 conversionem,
1263 4448 1355 4498 alii
1394 4448 1463 4497 ad
1498 4448 1725 4512 primum
1764 4449 1863 4497 iter
1896 4448 2045 4498 Hier.
2085 4447 2134 4496 d.
2173 4464 2223 4512 q.
2262 4462 2309 4496 a.
2350 4448 2663 4513 respiciunt,
2712 4463 3035 4514 quamquam

545 4537 889 4601 reperiantur,
947 4537 1036 4600 qni
1081 4540 1372 4601 praeeunte
1423 4535 1687 4585 Chronico
1743 4533 1989 4583 Paschali
2045 4552 2096 4600 p.
2140 4535 2252 4584 186.
2312 4533 2591 4584 lectionem
2644 4528 2757 4594 „8th
2804 4533 3033 4584 δεκατεσ-

545 4617 710 4689 σάρων
747 4617 918 4685 ἐτῶν“,
957 4621 1320 4684 sollicitarent,
1359 4627 1520 4686 atque
1557 4617 1809 4689 τεσσάρων
1848 4621 2131 4686 legendum
2168 4636 2445 4686 perperam
2482 4623 2807 4672 censuerint.
