3267 5259
500 360 630 410 VIII
1284 373 1535 417 Protheoria
1559 373 1606 415 in
1631 373 1747 416 nist.
1776 373 1882 416 Rev.
1910 373 2010 416 Div.
2040 374 2094 416 Ν.
2125 374 2174 416 Τ.

499 551 914 616 Evangeliorum
958 553 1166 601 inirent.
1225 551 1434 601 Deinde
1469 548 1514 616 β.
1553 565 1673 600 cum
1722 549 1944 616 diligens
1983 551 2281 600 observatio
2318 551 2375 600 in
2409 551 2637 602 lectione
2673 552 2975 618 Hagiogra-

501 638 724 704 phorum
774 638 1043 700 ostendat,
1091 638 1356 688 Historias
1403 638 1597 686 Christi
1644 637 1721 688 ita
1758 651 1791 686 a
1837 642 2064 702 quatuor
2098 637 2457 704 Evangelistis
2502 643 2777 690 contextas
2824 655 2975 703 esse3

501 729 563 774 ut
596 724 740 774 haud
777 724 1001 776 obscure
1026 729 1298 791 appar-aet,
1335 740 1442 774 non
1466 729 1673 774 tantum
1698 739 1870 774 rerum
1906 725 2140 790 ipsarum
2165 751 2230 760 —-
2258 725 2401 790 quod
2428 727 2773 791 praecipuum
2800 731 2883 775 est
2908 753 2975 762 —

501 827 686 861 verum
731 812 890 862 etiam
937 811 1134 862 ordinis
1182 812 1416 877 aliquam
1464 812 1724 861 rationem
1770 810 2032 876 habitam3
2068 839 2133 848 —
2170 813 2361 862 etenim
2406 813 2705 862 notationes
2752 813 2975 862 circum-

503 900 815 948 stantiarum
851 900 905 948 in
939 899 1208 965 plerisque
1245 900 1399 964 quasi
1435 899 1639 948 intento
1666 897 1735 948 ad
1760 897 1997 948 ordinem
2034 899 2199 964 dig-ito
2235 898 2291 948 id
2328 906 2752 964 praemonstrare
2788 900 2975 950 viden-

503 992 590 1036 tur
622 1014 689 1023 —
723 989 994 1052 sequitur:
1039 987 1306 1036 Historias
1353 984 1474 1036 illas
1523 999 1663 1051 quae
1700 985 1930 1035 omnium
1966 999 2203 1036 summae
2238 991 2385 1048 sunt,
2423 1001 2666 1052 quaeque
2703 991 2977 1037 aeternam

504 1079 738 1124 nostram
775 1073 1000 1124 salutem
1037 1073 1484 1140 complectuntur,
1535 1072 1869 1138 dignissimas
1908 1087 2049 1135 esse,
2095 1073 2149 1123 in
2197 1073 2393 1138 quibus
2438 1079 2641 1124 tantum
2682 1073 2977 1124 industriae

507 1165 560 1210 et
596 1175 790 1226 operae
829 1175 1115 1226 ponamus3
1160 1165 1222 1210 ut
1257 1175 1322 1209 ex
1359 1160 1472 1209 eius
1510 1159 1917 1209 circumstantiis
1954 1158 2040 1209 vel
2077 1161 2234 1210 certis
2272 1165 2326 1209 et
2358 1160 2653 1211 manifestis
2688 1160 2975 1227 investige-

502 1262 645 1310 mus,
691 1262 756 1297 ac
793 1247 970 1313 quoad
1007 1248 1122 1298 eius
1157 1246 1273 1297 fieri
1306 1251 1484 1313 potest
1519 1248 1901 1297 constituamus
1944 1251 2151 1312 tempus
2188 1251 2241 1296 et
2278 1246 2517 1298 ordinem
2552 1249 2977 1299 conversationis

506 1333 700 1384 Christi
736 1335 791 1384 in
827 1334 996 1385 terris.
1055 1333 1210 1384 Licet
1245 1336 1382 1385 enim
1418 1335 1887 1400 Evangelistarum
1922 1333 2219 1384 institutum
2256 1349 2364 1384 non
2398 1335 2560 1385 fuerit
2594 1334 2975 1400 ephemerides,

503 1421 592 1472 vel
625 1417 950 1490 ἡμερολογίαν
986 1419 1278 1473 Salvatoris
1313 1423 1572 1486 scribsi-03
1618 1438 1727 1472 non
1762 1427 1941 1472 tamen
1974 1421 2373 1472 tumultuariam
2408 1427 2463 1471 et
2498 1421 2721 1474 confusa
2766 1423 2975 1489 perple-

504 1510 668 1558 xitate
720 1508 1036 1574 indigestam
1089 1511 1448 1560 narrationem
1506 1508 1853 1559 tradiderunt.
1926 1507 2154 1574 Spiritus
2204 1507 2431 1563 Sanctus
2444 1547 2459 1572 ,
2515 1510 2607 1574 qui
2654 1515 2839 1561 auctor
2888 1517 2979 1561 est

507 1596 730 1660 ordinis,
767 1597 822 1646 in
857 1597 1066 1647 Veteris
1101 1595 1358 1647 Foederis
1402 1597 1730 1663 temporibus
1776 1595 1994 1661 digestis
2039 1611 2146 1646 non
2192 1596 2387 1660 minus,
2434 1611 2593 1662 quam
2638 1598 2693 1647 in
2738 1597 2801 1647 iis
2836 1597 2979 1648 Novi

505 1683 762 1734 Foederis
797 1679 1083 1745 ,,εὖταξίαν“
1119 1683 1318 1733 habere
1353 1683 1586 1734 voluisse
1623 1682 1921 1734 censendus
1957 1687 2053 1733 est.
2102 1683 2259 1733 Unde
2284 1683 2428 1733 haud
2452 1697 2728 1749 perperam
2754 1685 2979 1734 sumitur

509 1769 916 1836 Hagiographos
966 1771 1019 1820 in
1057 1771 1356 1836 praecipuis
1393 1770 1748 1820 Historiarum
1787 1769 1981 1821 Christi
2026 1770 2265 1836 partibus
2311 1771 2547 1820 ordinem
2592 1776 2887 1837 temporum
2923 1778 2981 1822 et

508 1874 680 1908 rerum
703 1862 971 1922 gestarum
997 1857 1324 1920 observasse,
1352 1859 1443 1922 qui
1461 1857 1596 1906 adeo
1624 1873 1689 1907 ex
1715 1858 2119 1907 circumstantiis
2140 1858 2297 1907 etiam
2319 1857 2525 1908 ostendi
2544 1861 2735 1924 potest.
2774 1857 2835 1908 In
2854 1859 2979 1908 reli-

508 1946 628 2012 quis
650 1946 884 1994 rationes
919 1959 1048 1994 vero
1073 1944 1268 1995 similes
1295 1951 1348 1994 et
1371 1945 1709 1995 coniecturae
1746 1943 1924 1994 licitae
1958 1945 2048 2009 pio
2074 1945 2304 2007 Lectori,
2342 1946 2435 2010 qui
2458 1960 2565 1995 non
2590 1947 2979 2010 praecisionem

509 2034 842 2098 exquisitam,
879 2031 1124 2082 subtilem
1163 2035 1216 2080 et
1251 2033 1514 2082 curiosam
1551 2031 1877 2096 singulorum
1914 2036 2310 2094 momentorum,
2348 2030 2443 2082 sed
2474 2033 2709 2082 ordinem
2746 2033 2981 2099 aliquem

507 2115 591 2182 „iv
625 2114 829 2169 πλάτειίί
868 2120 1099 2184 quaerit,
1147 2118 1434 2169 sufficiunt.
1492 2119 1556 2168 In
1591 2117 1673 2168 his
1712 2135 1831 2168 cum
1868 2119 1933 2168 de
1968 2133 2174 2169 summa
2208 2117 2331 2170 fidei
2367 2135 2473 2169 non
2511 2125 2723 2184 agatur,
2760 2122 2979 2173 investi-

507 2208 746 2273 gantium
782 2206 1105 2256 eruditorum
1140 2205 1416 2271 diligentia
1450 2206 1653 2270 absque
1690 2205 2077 2260 dissensionum
2114 2207 2405 2256 acerbitate
2440 2207 2647 2256 variare
2678 2211 2881 2272 potest3
2916 2215 2983 2260 ut

507 2297 790 2363 propositis
815 2297 976 2345 variis
997 2294 1183 2346 sedulo
1202 2295 1580 2360 inquirentium
1606 2295 1960 2360 opinionibus,
1986 2294 2209 2344 liberum
2227 2294 2415 2344 lectori
2432 2295 2683 2345 iudicium
2710 2296 2979 2363 relinqua-

505 2389 619 2436 tur:
652 2398 914 2450 quaenam
941 2398 1121 2434 earum
1147 2382 1421 2432 collationi
1445 2383 1957 2432 circumstantiarum
1984 2381 2367 2447 simplicissime
2404 2384 2701 2434 conveniat.
2749 2383 2821 2434 Et
2841 2384 2981 2434 haec

507 2487 638 2523 sane
671 2471 1013 2536 investigatio
1049 2475 1272 2520 vocatur
1307 2469 1663 2519 Harmonia
1709 2469 1811 2518 vel
1861 2467 2234 2519 Concordia
2278 2468 2723 2520 Historiarum
2770 2472 2980 2521 Evan-

507 2559 667 2626 gelii
683 2577 698 2624 ς
735 2560 873 2609 sicut
909 2557 973 2609 de
1005 2558 1254 2608 Veterum
1290 2557 1444 2608 huius
1481 2558 1777 2622 argumenti
1814 2555 2261 2621 adpellationibus
2298 2562 2460 2606 antea
2494 2557 2737 2608 diximus.
2797 2559 2981 2609 Tertio

506 2666 553 2717 γ.
591 2647 886 2697 Harmonia
909 2645 1324 2712 Evangeliorum
1359 2644 1526 2696 multa
1547 2649 1729 2694 monet
1762 2644 1978 2706 utiliter,
2018 2650 2071 2693 et
2096 2643 2447 2709 pulcherrime
2470 2645 2703 2696 illustrat
2725 2645 2792 2696 de
2816 2647 2981 2699 rebus

507 2734 740 2796 Domini,
777 2738 837 2784 ut
859 2735 976 2783 vice
1002 2733 1114 2798 apti
1139 2733 1500 2783 commentarii
1537 2747 1656 2783 esse
1686 2732 1857 2797 possit
1890 2731 2025 2781 haec
2062 2731 2363 2782 Concordia
2396 2733 2453 2781 in
2474 2732 2741 2784 Historias
2766 2733 2981 2785 Christi.

507 2821 642 2872 Inde
678 2821 818 2870 enim
853 2819 1010 2870 facile
1049 2819 1180 2870 disci
1215 2820 1438 2886 poterit:
1477 2819 1670 2885 quibus
1694 2820 1749 2868 in
1774 2818 1905 2868 locis
1932 2823 1985 2868 et
2008 2818 2152 2884 apud
2190 2834 2323 2884 quos
2360 2819 2603 2870 doctrina
2630 2826 2684 2871 et
2708 2821 2980 2872 miraculis

507 2909 850 2960 inclaruerit?
895 2911 1025 2973 quot
1060 2921 1228 2956 annos
1267 2921 1478 2956 cursum
1514 2906 1717 2972 publici
1755 2906 1838 2956 sui
1874 2907 1929 2955 in
1964 2907 2118 2956 terris
2154 2906 2431 2956 ministerii
2472 2907 2794 2958 confecerit?
2841 2923 2981 2974 quae

509 2996 800 3047 certamina
847 2998 900 3045 et
947 3009 1067 3044 cum
1116 2993 1308 3059 quibus
1354 2992 1635 3043 habuerit?
1695 2992 1959 3058 quomodo
2010 2991 2257 3044 Salvator
2304 2993 2640 3045 dulcissimus
2688 2996 2983 3047 ministerio

509 3084 738 3134 Messiae
768 3081 1012 3132 absoluto
1039 3079 1256 3131 definita
1289 3095 1548 3131 annorum
1583 3078 1819 3146 periodo,
1860 3079 2156 3141 „Dimidiae
2180 3080 2384 3131 scilicet
2419 3080 2797 3132 hebdomadis“
2836 3083 2980 3134 salu-

509 3170 716 3220 tiferam
749 3173 971 3220 mortem
1009 3169 1314 3234 oppetierit:
1354 3174 1407 3218 et
1440 3169 1600 3218 tertia
1636 3167 1722 3217 die
1756 3168 1927 3216 victor
1952 3167 2019 3216 ab
2046 3167 2227 3218 inferis
2264 3169 2481 3233 propria
2514 3168 2709 3218 virtute
2731 3169 2787 3219 in
2818 3171 2982 3220 vitam

509 3257 737 3307 redierit.
799 3255 952 3306 Haec
997 3259 1172 3306 autem
1219 3255 1422 3318 omnia,
1469 3269 1606 3320 quae
1656 3254 1743 3304 vel
1779 3255 1925 3305 vario
1964 3260 2225 3320 tempore,
2272 3255 2360 3304 vel
2406 3257 2555 3306 vario
2602 3255 2787 3306 ordine
2822 3257 2981 3320 lecta,

509 3350 601 3394 aut
643 3348 873 3394 mentem
917 3342 1088 3393 levius
1133 3342 1439 3408 tetigerant,
1487 3347 1582 3392 aut
1625 3357 1655 3391 e
1700 3346 1877 3391 mente
1924 3341 2078 3391 citius
2126 3341 2466 3406 effluxerant3
2512 3357 2623 3392 una
2666 3345 2826 3406 serie,
2872 3361 2981 3396 uno

510 3435 786 3494 contextu,
831 3445 940 3480 uno
977 3429 1165 3480 obtutu
1201 3443 1322 3478 cum
1359 3429 1646 3490 cernimus,
1696 3429 1851 3494 quasi
1891 3429 2053 3479 radiis
2100 3429 2343 3480 omnibus
2380 3431 2471 3496 qui
2509 3430 2731 3496 dispersi
2764 3431 2981 3482 fuerant

508 3520 566 3569 in
617 3533 781 3568 unum
835 3515 1108 3580 collectis3
1162 3531 1332 3567 novus
1387 3515 1602 3582 quidam
1658 3531 1723 3565 ac
1776 3516 1936 3582 plane
1988 3517 2272 3567 inusitatus
2324 3517 2689 3582 Evangelicae
2743 3520 2983 3570 veritatis

509 3603 760 3670 splendor
797 3603 1046 3654 exoritur.
1105 3603 1347 3664 Quantus
1382 3602 1474 3652 ille
1510 3602 1714 3654 fructus
1751 3603 1835 3666 sit,
1880 3609 1935 3653 et
1972 3604 2157 3668 quanti
2190 3601 2467 3653 habendus
2502 3605 2549 3655 is
2575 3603 2784 3655 demum
2818 3607 2983 3671 plane

508 3691 779 3756 intelligit,
829 3691 922 3756 qui
959 3695 1212 3756 quantum
1263 3691 1335 3740 sit
1367 3689 1745 3756 Evangelium,
1796 3696 1849 3740 et
1897 3691 2083 3755 quanti
2116 3689 2446 3754 habendum,
2485 3691 2642 3757 digne
2684 3693 2981 3758 perpendit.

509 3777 572 3827 V.
609 3794 660 3844 p.
697 3779 813 3826 262.
875 3776 1015 3838 Quid
1053 3778 1192 3826 enim
1237 3777 1383 3826 aliud
1418 3777 1773 3843 Evangelium
1820 3791 1979 3842 quam
2030 3776 2296 3840 Christus,
2345 3778 2461 3843 ipse
2498 3778 2622 3828 dum
2657 3778 2745 3828 hic
2780 3780 2986 3830 viveret

511 3865 691 3914 divina
725 3865 928 3914 faciens
967 3870 1020 3914 et
1054 3864 1286 3914 humana
1321 3865 1544 3930 patiens.
1596 3863 1713 3925 „Os
1752 3864 2023 3928 Christi,
2060 3869 2121 3913 ut
2142 3863 2419 3930 praeclare
2456 3867 2531 3915 ait
2562 3863 2613 3915 S.
2633 3865 2981 3932 Aug-ustinus,

511 3967 662 4002 serm.
688 3951 953 4000 LXXXV.
990 3950 1056 4000 de
1091 3951 1270 4001 verbis
1293 3952 1501 4016 Evang.
1521 3951 1709 4001 Matth.
1732 3953 1812 4002 19.
1828 3951 1909 4014 Ἡ,
1932 3954 1977 4000 1.
2004 3951 2094 4014 IV,
2114 3953 2251 4013 453„
2288 3951 2721 4018 Evangelium
2758 3960 2871 4004 est.
2918 3955 2983 4005 In

510 4038 661 4089 coelo
688 4037 838 4089 sedet
860 4037 954 4088 sed
977 4039 1035 4088 in
1057 4043 1200 4088 terra
1222 4037 1369 4103 loqui
1393 4053 1500 4088 non
1525 4041 1749 4089 cessat.“
1803 4039 1943 4100 „Nos
1968 4039 2181 4104 itaque“
2209 4039 2357 4088 iuxta
2380 4038 2605 4088 eundem
2630 4040 2688 4089 in
2710 4039 2905 4090 Joann.
2934 4043 2983 4093 7.

509 4130 661 4176 tract.
687 4125 854 4188 XXX,
877 4127 924 4175 1.
947 4127 993 4174 1.
1017 4123 1114 4188 ΠΙ,
1141 4126 1276 4186 516.,
1317 4125 1443 4186 „sic
1473 4124 1814 4174 audiamus
1842 4124 2305 4190 Evangelium,
2346 4126 2535 4191 quasi
2570 4133 2983 4191 praesentem

509 4213 559 4262 D
573 4212 894 4262 ominum.“
933 4213 1085 4273 Quae
1107 4211 1407 4262 observatio
1426 4216 1639 4277 praeter
1662 4211 1951 4262 iucundum
1974 4213 2261 4262 memoriae
2284 4212 2595 4276 subsidium,
2616 4213 2685 4263 ad
2702 4213 2983 4280 religiosas

471 4325 482 4336 ·
511 4299 670 4350 etiam
706 4298 1158 4349 considerationes
1195 4302 1248 4348 et
1281 4299 1397 4364 pias
1435 4299 1805 4349 meditationes
1829 4299 1986 4350 Vitae
2023 4305 2077 4349 et
2102 4298 2279 4349 Officii
2316 4297 2605 4350 Salvatoris
2640 4301 2987 4352 incitamenta

511 4385 734 4452 praebet
767 4385 1098 4436 suavissima.
1163 4385 1306 4446 „Imo
1354 4389 1513 4437 vero“
1553 4387 1728 4452 inquit
1762 4387 1901 4436 idem
1934 4387 2158 4452 insignis
2192 4386 2411 4448 Doctor,
2456 4401 2609 4437 serm.
2636 4386 2879 4438 CXLIII.
2916 4389 2984 4439 de

509 4472 656 4522 verb.
692 4473 901 4536 Evang.
938 4471 1132 4522 Joann.
1173 4474 1255 4522 10.
1291 4473 1386 4534 ΙΧ,
1427 4475 1506 4523 10.
1554 4472 1625 4523 ib.
1666 4475 1800 4536 690„
1854 4489 2092 4539 „semper
2127 4477 2249 4523 ante
2298 4472 2480 4534 habes,
2532 4490 2687 4539 quem
2725 4477 2982 4540 sequaris,

509 4559 770 4610 Dominus
808 4557 1104 4624 exemplum
1139 4561 1194 4609 in
1231 4565 1372 4610 terra
1405 4561 1586 4626 posuit
1611 4577 1730 4610 cum
1754 4560 2105 4626 Evangelium
2142 4565 2317 4610 tecum
2343 4559 2570 4626 reliquit,
2606 4563 2664 4612 in
2686 4562 2981 4628 Evangelio
