3267 5259
1189 399 1383 453 Epistola
1410 399 1465 442 ad
1492 400 1724 443 Hebraeos.
2557 391 2681 457 471

217 573 412 641 coelis
480 576 777 658 missum,
846 576 951 639 cui
1017 574 1481 659 adhaeserunt3
1553 576 1708 641 item
1773 586 2078 643 aeternae
2147 581 2688 645 remunerationis

214 689 577 774 praemium
602 692 641 753 ¹.
686 688 1026 753 Postremo
1056 691 1269 775 capite
1293 691 1359 753 in
1380 688 1669 755 moribus
1700 689 2058 756 formandis
2079 702 2378 756 versatur
2397 694 2443 757 ².
2472 692 2687 777 Rogat

213 812 281 866 ut
308 823 529 887 aequo
576 803 793 867 animo
841 804 1170 889 excipiant
1212 802 1329 867 has
1357 802 1610 887 literas;
1659 814 1856 890 atque
1902 804 2188 890 postulat
2230 804 2686 871 Hebraeorum

214 936 477 1001 preces,
539 913 773 1001 quibus
832 916 977 979 vice
1037 937 1227 980 versa
1284 917 1558 1001 gratiam
1614 916 1899 982 divinam
1963 926 2356 1004 apprecatur
2377 922 2420 983 3.
2495 918 2685 983 Haec

212 1050 469 1092 summa
510 1026 840 1093 literarum
902 1028 1201 1115 Apostoli
1248 1028 1335 1093 ad
1376 1028 1750 1115 Hebraeos,
1815 1030 2078 1097 similior
2121 1034 2402 1097 sermoni
2450 1031 2682 1097 exhor-

211 1144 445 1207 tatorio
468 1144 522 1225 ⁴,
585 1164 780 1227 quam
828 1141 1171 1229 epistolae3
1235 1154 1300 1207 et
1345 1166 1513 1230 quae
1558 1146 1910 1209 universim
1959 1145 2357 1210 considerari
2412 1154 2684 1231 possunt

207 1254 409 1318 instar
478 1254 851 1342 apologiae,
918 1257 1110 1341 genio
1178 1254 1631 1321 Hebraeorum
1695 1267 1987 1343 aptatae,
2052 1281 2172 1344 pro
2241 1257 2424 1344 Lege
2489 1258 2682 1325 Nova

206 1554 551 1622 singulariter
587 1554 787 1619 cultae3
827 1562 1040 1607 enarrat
1074 1558 1325 1607 victorias
1363 1572 1462 1623 ope
1489 1556 1611 1607 fidei
1639 1558 1706 1607 ab
1731 1558 1846 1607 istis
1870 1556 2120 1607 heroibus
2147 1561 2462 1623 reportatas.
2510 1556 2681 1607 Infert

204 1642 433 1709 proinde
471 1642 683 1708 dignam
721 1658 837 1693 esse
880 1645 1153 1706 virtutem,
1200 1658 1337 1709 quae
1386 1644 1630 1695 omnibus
1676 1644 1877 1694 viribus
1923 1644 1992 1694 ab
2028 1642 2291 1695 Hebraeis
2337 1644 2682 1695 custodiatur.

210 1735 288 1793 11,
326 1732 521 1781 4-40.

420 1818 459 1883 ¹)
496 1818 709 1867 Animat
757 1817 1007 1883 exemplis
1054 1818 1507 1883 praeclarissimis,
1559 1823 1611 1869 et
1647 1819 1954 1885 praesertim
1993 1817 2204 1881 Christi,
2251 1824 2310 1869 ut
2344 1820 2400 1867 in
2445 1818 2683 1871 adversis

205 1910 515 1956 constantes
568 1909 834 1954 maneant.
876 1907 964 1967 12,
1007 1906 1155 1955 1-4,
1214 1905 1465 1971 Explicat
1513 1908 1602 1969 12,
1649 1906 1834 1955 5-29,
1889 1904 2069 1955 multis
2125 1904 2392 1971 quodnam
2448 1905 2680 1957 officium

204 1993 569 2059 susceperint3
624 1994 714 2057 qui
762 2005 796 2040 a
843 1992 1021 2057 prisca
1070 1996 1123 2041 et
1167 1992 1477 2058 imperfecta
1523 1993 1684 2057 Legis
1733 1992 2074 2043 observantia
2122 1992 2192 2042 ad
2244 1993 2682 2058 perfectissimam

204 2080 543 2146 disciplinam
586 2078 869 2144 Evangelii
914 2079 1253 2129 transierunt.
1326 2080 1367 2145 ²)
1414 2079 1645 2130 Praebet
1687 2080 2045 2131 institutiones
2086 2082 2166 2142 13,
2208 2082 2390 2131 1—17.
2437 2095 2575 2146 quae
2613 2081 2682 2131 ad

204 2166 383 2217 officia
421 2166 617 2228 civilia,
655 2166 950 2227 familiaria,
990 2166 1239 2231 religiosa
1269 2168 1521 2231 attinent3
1560 2167 1789 2231 iniungit
1821 2168 2046 2216 maxime
2083 2168 2306 2219 virtutes
2344 2166 2680 2231 tolerantiae,

206 2254 542 2305 constantiae
593 2259 645 2303 et
693 2254 943 2302 caritatis.
1020 2253 1059 2317 3)
1106 2254 1185 2315 13,
1228 2254 1445 2303 18-25.
1494 2254 1816 2319 Interpretes
1867 2253 2164 2303 Acatholici
2212 2254 2277 2303 Ε.
2315 2270 2364 2319 g.
2415 2254 2681 2317 Hunnius,

206 2356 349 2407 exeg.
372 2356 460 2407 ep.
489 2339 559 2390 ad
582 2339 747 2390 Hebr.
772 2339 964 2389 Franc.
990 2340 1139 2390 1589.
1164 2356 1217 2404 p.
1238 2341 1355 2389 220.
1376 2356 1416 2389 s.
1454 2340 1505 2389 J.
1532 2340 1728 2402 Braun,
1755 2356 1941 2391 comm.
1970 2343 2022 2389 in
2043 2356 2125 2407 ep.
2147 2340 2216 2390 ad
2239 2340 2404 2391 Hebr.
2429 2358 2480 2407 p.
2503 2344 2618 2393 640.
2641 2358 2682 2393 s.

204 2428 252 2477 J.
276 2428 367 2479 Fr.
392 2428 631 2491 Winzer,
668 2426 737 2477 de
762 2424 1065 2477 Sacerdotis
1103 2425 1295 2490 officie,
1336 2426 1477 2491 quod
1505 2425 1714 2477 Christo
1753 2428 2000 2478 tribuitur
2031 2429 2090 2477 in
2122 2429 2272 2492 epist.
2311 2428 2380 2477 ad
2403 2428 2682 2480 Hebraeos

205 2530 388 2565 comm.
416 2514 461 2563 Ι.
488 2514 557 2563 ΙΙ.
585 2514 731 2580 Lips.
763 2514 911 2563 1825.
962 2513 1146 2577 Bleek,
1186 2513 1280 2563 der
1315 2512 1403 2563 Br.
1430 2528 1514 2563 an.
1542 2514 1591 2563 d.
1618 2514 1784 2564 Hebr.
1819 2514 1916 2576 ΙΙΙ,
1957 2516 2104 2564 1011.
2153 2515 2216 2564 A.
2250 2514 2510 2577 Tholuck,
2545 2515 2681 2565 Beil.

210 2619 252 2651 z.
277 2602 325 2652 d.
356 2600 563 2651 Comm.
590 2606 641 2651 u.
670 2601 719 2650 d.
745 2600 805 2649 B.
834 2615 880 2650 a.
910 2600 957 2649 d.
986 2599 1149 2650 Hebr.
1178 2604 1227 2649 ii.
1256 2600 1304 2649 d.
1334 2599 1514 2666 Opfer.
1550 2616 1601 2651 u.
1628 2601 2056 2666 Priesterbegrifl'
2085 2602 2154 2651 im
2178 2601 2240 2653 A.
2264 2617 2318 2651 u.
2345 2602 2408 2651 N.
2435 2602 2495 2652 T.
2523 2602 2603 2653 ed.
2631 2604 2680 2652 4.

206 2688 393 2739 Gotha.
425 2689 577 2739 1854.
613 2705 666 2754 p.
693 2690 809 2738 102.
837 2704 877 2739 s.
927 2688 1260 2749 Lflnemann,
1298 2688 1391 2737 der
1422 2688 1508 2737 Br.
1544 2704 1611 2738 an
1642 2689 1690 2738 d.
1716 2688 1878 2739 Hebr.
1905 2706 1954 2755 p.
1982 2691 2101 2739 369.
2151 2688 2440 2751 Delitzsch,
2481 2688 2680 2740 Comm.

205 2793 245 2825 z.
279 2776 717 2827 Hebraeerbrief.
754 2793 803 2841 p.
842 2778 959 2826 687.
996 2778 1110 2825 747.
1158 2790 1309 2825 suos
1358 2775 1434 2825 de
1483 2776 1824 2826 sacrificio
1871 2776 2030 2826 Novi
2082 2776 2372 2827 foederis
2422 2792 2682 2827 errores

204 2862 329 2915 locis
370 2865 460 2925 10,
500 2866 581 2913 14.
621 2869 674 2913 et
712 2865 791 2926 13,
828 2866 908 2913 10.
948 2868 1185 2927 tuentur3
1235 2868 1393 2929 atque
1442 2863 1666 2912 Paulum
1713 2863 1984 2913 doctrinae
2023 2862 2330 2914 Catholicae
2374 2864 2439 2914 de
2483 2864 2682 2914 Missae

206 2950 470 3001 sacrificio
510 2951 724 3001 omnino
761 2950 1032 3000 adversari
1071 2950 1269 3000 dicunt.
1330 2949 1609 2999 Affirmant
1647 2949 1911 3001 Christum
1947 2965 2055 3000 una
2091 2950 2388 3015 oblatione,
2433 2966 2592 3017 quam
2627 2953 2680 3001 in

207 3054 358 3089 cruce
392 3039 625 3103 peregit,
680 3038 836 3103 pretii
873 3036 1060 3086 infiniti
1100 3037 1276 3087 omnia
1320 3040 1545 3102 peccata
1590 3036 1880 3101 delevisse3
1930 3041 1983 3087 et
2027 3037 2238 3104 plenam
2289 3038 2680 3105 perfectamque

205 3126 461 3175 iustitiam
495 3124 782 3175 induxisse.
842 3125 987 3190 Ergo
1032 3125 1267 3175 inferunt
1302 3123 1652 3189 multiplicare
1689 3128 1768 3174 tot
1801 3124 1996 3175 missae
2042 3124 2328 3189 sacrificia,
2368 3125 2500 3175 nihil
2536 3126 2680 3175 aliud

209 3218 307 3262 est:
352 3226 427 3263 ac
462 3226 659 3277 negare
695 3212 941 3261 virtutem
980 3210 1227 3261 sacrificii
1264 3212 1452 3275 crucis,
1491 3226 1554 3259 ac
1592 3212 1638 3260 si
1667 3211 1936 3277 perfectae
1971 3216 2330 3278 aeternaeque
2365 3212 2680 3263 redemtioni

208 3300 411 3349 minime
438 3298 725 3349 sufficeret.
777 3298 983 3360 Quibus
1006 3298 1415 3364 respondemus:
1454 3313 1551 3348 nos
1576 3313 1684 3347 non
1709 3297 1982 3349 celebrare
2006 3298 2242 3360 Missam,
2279 3305 2340 3349 ut
2363 3298 2680 3351 sacrificium

211 3387 372 3436 erucis
397 3384 735 3453 perficiatur3
774 3388 903 3451 quin
940 3384 1163 3436 docente
1188 3388 1264 3435 ita
1288 3402 1329 3437 s.
1358 3384 1519 3435 Conc.
1546 3385 1858 3436 Tridentino
1885 3400 2014 3437 sess.
2041 3388 2125 3436 22.
2163 3386 2230 3436 de
2266 3386 2443 3437 sacrif.
2480 3388 2679 3437 Missae

210 3488 249 3521 c.
286 3476 333 3523 2.
378 3471 732 3536 affirmamus,
780 3488 945 3522 unum
992 3472 1238 3538 idemque
1284 3488 1401 3523 esse
1448 3472 1766 3523 sacrificium
1811 3474 1982 3523 crucis
2031 3477 2084 3523 et
2117 3472 2329 3525 Missae.
2389 3473 2678 3525 Enimvero

211 3560 261 3609 in
296 3560 479 3611 divino
519 3559 620 3610 hoc
656 3558 935 3621 sacrificio,
974 3560 1117 3626 quod
1164 3561 1219 3609 in
1255 3560 1421 3611 Missa
1460 3561 1746 3626 peragitur,
1784 3560 1922 3610 idem
1959 3560 2052 3611 ille
2089 3560 2328 3612 Christus
2364 3562 2677 3623 continetur,

212 3654 258 3696 et
288 3648 569 3697 incruente
605 3647 921 3709 immolatur,
960 3648 1047 3713 qui
1074 3648 1129 3697 in
1154 3661 1251 3697 ara
1273 3648 1445 3697 crucis
1470 3646 1633 3697 semel
1659 3661 1716 3696 se
1741 3648 1916 3713 ipsum
1939 3653 2157 3698 cruente
2184 3647 2390 3698 obtulit.
2441 3647 2548 3709 „Ut
2571 3662 2680 3698 una

212 3736 341 3784 enim
378 3734 680 3799 eademque
704 3739 785 3784 est
809 3733 1000 3797 hostia,
1037 3734 1177 3784 idem
1199 3749 1342 3784 nunc
1368 3734 1593 3785 offerens
1618 3734 1954 3785 sacerdotum
1979 3735 2284 3795 ministerio,
2323 3735 2415 3799 qui
2448 3734 2678 3800 seipsum

212 3826 330 3871 tunc
364 3823 420 3871 in
458 3836 621 3871 cruce
659 3820 866 3883 obtulit,
904 3820 1021 3871 sola
1057 3820 1312 3871 offerendi
1347 3823 1555 3871 ratione
1603 3820 1861 3871 diversa.“
1926 3819 2092 3870 Cuius
2138 3820 2350 3886 quidem
2392 3820 2678 3871 oblationis

212 3914 483 3973 cruentae,
540 3909 783 3973 inquam,
828 3907 1031 3958 fructus
1076 3923 1169 3973 per
1214 3906 1352 3957 hanc
1396 3908 1658 3958 uberrime
1705 3908 2093 3973 percipiuntur3
2141 3912 2346 3957 tantum
2391 3908 2568 3971 abest,
2619 3912 2679 3957 ut

212 3994 284 4043 illi
330 4011 425 4061 per
475 3994 615 4045 hanc
665 3996 854 4061 quovis
900 3995 1057 4045 modo
1108 3995 1406 4061 derogetur.
1478 3996 1553 4046 Ut
1598 3996 1758 4060 igitur
1810 3994 2014 4045 fructus
2063 3994 2205 4044 illius
2253 3992 2524 4056 beneficii,
2571 4010 2676 4060 quo

210 4082 455 4149 redemtio
495 4084 796 4133 continetur
842 4082 998 4133 nobis
1033 4083 1087 4131 in
1124 4082 1433 4149 particulari
1470 4082 1790 4148 applicetur,
1831 4087 1884 4131 et
1918 4081 2168 4132 mandato
2203 4080 2398 4131 Christi
2433 4081 2675 4145 satisfiat,

212 4168 419 4221 Missam
458 4170 805 4220 celebramus.
856 4171 920 4220 V.
954 4186 1005 4235 p.
1034 4171 1149 4219 106.
1176 4186 1219 4219 s.
1269 4169 1347 4219 Cf.
1382 4168 1646 4235 Anonymi
1672 4196 1736 4205 —-
1764 4167 1990 4219 Scholz?
2015 4196 2080 4205 —
2107 4168 2232 4219 diss.
2269 4168 2338 4218 ad
2377 4171 2458 4231 13,
2487 4170 2584 4231 10.,
2621 4170 2678 4218 in

213 4256 458 4307 Zeitschr.
484 4258 521 4307 f.
546 4257 747 4308 Philos.
778 4273 830 4307 ιι.
858 4257 1005 4307 kath.
1041 4256 1228 4307 Theol.
1260 4256 1416 4307 Koln.
1456 4257 1606 4307 1835.
1643 4256 1756 4319 XV,
1788 4258 1904 4307 200.
1931 4271 1974 4305 s.
2046 4257 2088 4320 ⁴)
2125 4256 2192 4304 V.
2227 4256 2290 4305 A.
2327 4254 2604 4319 Seyfferth,
2641 4255 2676 4305 1.

214 4341 273 4393 de
306 4360 385 4409 ep.
424 4360 475 4410 q.
512 4344 563 4393 d.
597 4343 766 4394 Hebr.
800 4343 979 4394 indole
1014 4345 1240 4394 maxime
1277 4343 1549 4409 peculiari.
1598 4343 1747 4409 Lips.
1788 4344 1935 4393 1821.
1975 4360 2024 4409 p.
2062 4344 2144 4392 24.
2181 4358 2223 4392 s.
2274 4340 2456 4393 Sermo
2495 4338 2676 4411 ,,λόγος

214 4432 289 4491 τῆς
324 4428 716 4499 παρακλήσεως*
746 4434 824 4494 13,
853 4434 937 4482 22.
975 4431 1043 4481 ad
1084 4430 1579 4493 exhortandum3
1618 4446 1726 4480 non
1761 4436 1823 4479 ut
1845 4430 2100 4480 Thiersch
2133 4434 2450 4495 propugnat,
2490 4446 2674 4479 comm.

214 4514 273 4565 de
298 4532 381 4583 ep.
406 4518 477 4567 ad
502 4517 667 4567 Hebr.
694 4534 745 4581 p.
771 4519 819 4569 8.
856 4518 906 4567 d.
932 4517 1129 4568 Kirche
1162 4520 1221 4567 in
1256 4522 1427 4583 apost.
1460 4516 1668 4567 Zeitalt.
1703 4517 1895 4567 Franc.
1937 4518 2085 4567 1862.
2123 4533 2174 4581 p.
2210 4518 2344 4581 212.,
2384 4516 2676 4569 consola-

212 4603 413 4657 torius
452 4610 535 4653 est
571 4604 815 4657 admixtis
842 4604 1306 4655 admonitionibus.
1358 4603 1437 4655 Cf.
1464 4606 1511 4653 6.
1538 4605 1586 4657 4.
1614 4620 1655 4657 s.
1697 4606 1776 4666 10,
1804 4605 1886 4657 29.
1913 4620 1952 4657 s,
