3267 5259
584 430 669 494 56
1275 443 1393 485 aiat.
1424 444 1529 485 aa.
1560 440 1650 483 div.
1679 442 1734 484 s.
1761 442 1810 483 τ.
1841 441 1992 483 Parios
2019 442 2056 483 1.
2075 452 2172 493 οη».
2201 441 2399 493 panum.

588 636 773 671 comm.
812 620 853 669 Ι.
882 620 1101 684 Region.
1134 621 1281 669 1830.
1326 620 1397 670 M.
1435 620 1486 669 J.
1512 618 1854 684 Macquelyn,
1891 619 1956 668 de
1983 620 2290 683 precatione
2323 619 2602 669 dominica.
2644 618 2812 685 Lugd.
2833 620 2898 669 B.
2927 620 3063 669 1829.

584 725 638 773 p.
658 710 741 757 22.
762 722 803 755 s.
829 706 1090 768 Tholuck,
1118 706 1335 771 Bergpr.
1363 724 1413 772 p.
1441 708 1560 757 383.
1581 706 1900 767 Olshausen,
1929 704 2126 754 Comm.
2153 705 2196 766 Ι,
2218 706 2335 755 238.
2363 706 2559 771 Meyer,
2593 707 2636 767 1,
2667 708 2780 756 171.
2807 708 3062 756 Petitio-

587 810 699 843 nes
726 796 781 842 in
810 794 911 843 hac
936 796 1192 854 oratione,
1226 808 1383 859 quam
1402 794 1782 855 Tertullianus,
1805 792 1870 841 de
1891 797 2022 841 orat.
2043 808 2094 841 n.
2117 795 2163 841 1.
2184 792 2253 853 ΙΙ,
2281 794 2329 841 2.
2349 792 2682 842 Breviarium
2709 795 2873 843 totius
2897 794 3062 842 Evau-

588 881 715 945 gelii
736 879 1181 944 comprehendere
1202 880 1388 929 merito
1408 878 1653 941 affirmat,
1667 884 1972 943 septem,gr.
1989 874 2245 944 αἶιήματα,
2259 880 2518 927 contineri
2539 879 2694 928 docet
2714 879 3066 929 Catechismus

590 984 655 1017 ex
690 967 829 1015 decr.
861 966 914 1015 S.
938 964 995 1015 C.
1016 966 1252 1015 Trident.
1278 965 1449 1014 editus
1468 966 1617 1015 Rom.
1643 967 1792 1015 1761.
1813 982 1863 1029 p.
1891 966 2005 1014 195.
2027 982 2098 1029 s.;
2134 970 2184 1013 et
2205 980 2390 1015 sensus
2412 965 2645 1015 omnium
2665 965 3063 1015 Catholicorum.

586 1054 718 1102 Tres
755 1055 955 1117 primae
994 1054 1275 1117 petitiones
1312 1052 1535 1115 gloriam
1570 1054 1674 1101 Dei
1711 1054 1868 1101 unice
1905 1056 2165 1117 spectant,
2203 1052 2442 1117 reliqua-e
2481 1058 2710 1117 quatuor
2745 1068 2862 1103 nos.
2915 1053 3064 1102 Ante-

588 1154 746 1205 quam
792 1138 861 1187 ad
910 1155 1096 1204 preces
1145 1140 1259 1189 sive
1304 1138 1692 1203 postulationes
1728 1138 2044 1199 accedatur,
2081 1139 2342 1188 Dominus
2391 1154 2550 1189 voces
2599 1140 2847 1199 tradidit,
2885 1140 3066 1205 quibus

590 1226 709 1275 loco
756 1226 1064 1291 prooemii
1102 1225 1255 1275 nobis
1281 1224 1535 1274 utendum
1562 1225 1646 1287 sit,
1673 1229 1732 1273 ut
1769 1224 2016 1274 fidentius
2041 1223 2110 1273 ad
2135 1226 2310 1273 Deum
2335 1226 2628 1275 veniamus.
2665 1225 2744 1274 Ac
2769 1227 2940 1290 prima
2963 1228 3064 1291 qui-

588 1313 707 1361 dem
726 1329 846 1373 vox,
870 1326 977 1377 qua
997 1310 1206 1361 Christo
1231 1312 1365 1361 Jesu
1390 1312 1605 1360 iubente
1631 1312 1828 1360 utimur
1853 1317 1960 1360 est:
1981 1311 2024 1360 P
2039 1316 2182 1361 ater.
2209 1310 2291 1360 Ad
2311 1327 2468 1376 quam
2488 1317 2668 1362 monet
2690 1328 2733 1361 s.
2761 1312 3065 1378 Cyprianus,

588 1400 653 1448 de
692 1415 767 1449 or.
807 1398 943 1447 dom.
982 1414 1034 1447 n.
1061 1400 1109 1448 9.
1168 1398 1374 1458 „Homo
1412 1414 1583 1447 novus
1622 1403 1838 1447 renatus
1878 1402 1930 1447 et
1965 1398 2084 1447 Deo
2122 1414 2218 1448 suo
2257 1414 2352 1463 per
2388 1400 2613 1463 gratiam
2651 1402 2768 1449 eius
2803 1401 3065 1450 restitutus

588 1486 747 1535 Pater
795 1486 963 1550 primo
1008 1485 1063 1533 in
1108 1484 1227 1533 loco
1266 1485 1421 1549 dicit3
1472 1486 1599 1549 quia
1632 1484 1772 1534 filius
1810 1500 1926 1534 esse
1974 1486 2080 1533 iam
2121 1485 2344 1549 coepit.“
2396 1501 2446 1534 n.
2501 1489 2581 1536 11.
2647 1486 2836 1547 „Quod
2885 1502 3066 1535 nomen

588 1588 742 1621 nemo
774 1578 1011 1621 nostrum
1041 1573 1093 1620 in
1126 1574 1367 1621 oratione
1393 1572 1616 1622 auderet
1639 1573 1916 1635 attingere,
1944 1572 2044 1619 nisi
2073 1572 2190 1635 ipse
2223 1572 2548 1636 permisisset
2577 1572 2732 1622 nobis
2765 1574 2842 1623 sic
2873 1584 3064 1621 orare*

589 1658 660 1719 11,
701 1660 816 1708 169.
844 1676 884 1709 s.
944 1659 1199 1719 Noster,
1238 1675 1302 1708 ex
1340 1658 1479 1707 dono
1518 1658 1732 1707 divinae
1769 1658 2106 1723 adoptionis3
2139 1658 2230 1723 qui
2263 1659 2320 1707 in
2356 1658 2670 1707 sublimibus
2707 1660 2872 1709 coelis
2907 1660 3067 1717 sedes,

588 1747 673 1795 fac
711 1750 771 1795 ut
804 1746 881 1795 Te
918 1762 1097 1811 regem
1133 1762 1253 1795 cum
1292 1745 1499 1795 Christo
1538 1752 1629 1795 tuo
1669 1760 1851 1795 omnes
1890 1746 2129 1805 omnino,
2169 1760 2306 1810 quae
2342 1750 2394 1795 te
2431 1762 2538 1795 non
2585 1751 2851 1795 noverunt
2895 1752 3068 1811 gentes

587 1838 911 1895 agnoscant3
949 1833 1019 1881 da
1056 1832 1246 1882 deinde
1280 1838 1337 1881 ut
1368 1834 1507 1881 sicut
1536 1833 1591 1880 in
1623 1831 1773 1881 coelo
1813 1830 2005 1896 angeli,
2035 1832 2112 1880 sic
2145 1832 2304 1880 etiam
2335 1832 2390 1880 in
2423 1838 2566 1881 terra
2601 1832 2842 1882 homines
2879 1833 3070 1881 faciant

586 1920 915 1969 voluntatem
970 1926 1130 1968 tuam.
1171 1919 1325 1977 „Jam
1378 1918 1480 1967 hoc
1535 1918 1678 1967 dicto
1734 1918 1802 1967 ad
1857 1918 2214 1967 sufferentiam
2267 1934 2368 1967 nos
2419 1918 2565 1983 ipsos
2621 1924 3065 1983 praemonemus,“

587 2008 836 2057 observat
888 2007 1251 2057 Tertullianus
1271 2043 1285 2068 ,
1340 2006 1406 2055 de
1464 2010 1595 2055 orat.
1652 2022 1702 2054 n.
1757 2007 1806 2054 4.
1861 2022 1913 2070 p.
1967 2007 2016 2054 4.
2078 2004 2498 2055 Postulationem
2553 2021 2728 2055 rerum
2781 2005 3068 2055 divinarum

588 2096 930 2158 consequitur
986 2108 1168 2143 earum
1216 2094 1427 2157 petitio,
1485 2106 1625 2157 quae
1671 2092 1740 2141 ad
1783 2091 1924 2141 hanc
1975 2092 2142 2141 vitam
2188 2092 2440 2141 tuendam
2487 2094 2770 2157 pertinent.
2844 2092 3068 2141 Panem

585 2181 1011 2231 substantiae
1036 2185 1329 2241 nostrae,
1358 2179 1840 2229 sustentandae
1872 2184 1934 2228 et
1963 2178 2269 2240 alendae,
2301 2179 2598 2244 quotidie
2631 2182 3066 2229 necessarium

586 2268 835 2333 largire
870 2268 1077 2329 nobis,
1115 2266 1367 2331 quamdiu
1404 2265 1507 2314 hac
1542 2266 1655 2315 vita
1691 2264 1794 2314 frui
1829 2265 2097 2315 concedis.
2141 2265 2340 2326 Quaeri
2375 2270 2552 2330 potest
2597 2282 2698 2315 nec
2742 2268 2860 2315 sinc
2897 2280 3066 2320 causa.

588 2356 679 2419 qui
724 2354 989 2419 Vulgatus
1024 2370 1211 2403 vocem
1250 2348 1489 2403 ἐπιούσιον
1526 2353 1654 2402 solis
1690 2351 1820 2401 locis
1865 2350 2052 2401 Matth.
2089 2353 2138 2413 6,
2177 2353 2256 2400 11.
2283 2351 2417 2401 Luc.
2455 2353 2534 2413 11,
2572 2355 2619 2401 3.
2659 2353 2890 2415 obviam,
2937 2352 3066 2417 apud

587 2441 637 2490 d.
674 2441 879 2491 Lucam
916 2445 1089 2490 vertat
1120 2440 1594 2505 quotidianum,
1634 2455 1755 2487 cum
1792 2439 1936 2504 apud
1973 2439 2022 2488 d.
2060 2438 2390 2488 Matthaeum
2431 2438 2680 2489 redderet
2713 2440 3066 2509 suffr-substau-

586 2529 769 2581 tialem.
832 2526 1355 2594 Supersubstantiale
1401 2527 1540 2575 bene
1585 2526 1750 2576 latine
1797 2526 1990 2575 dicitur
2013 2554 2080 2562 —
2107 2528 2266 2575 etiam
2302 2528 2347 2576 si
2393 2544 2500 2576 non
2547 2527 2762 2591 placeat
2807 2526 3065 2583 Grimmio‚

588 2615 769 2665 Clavis
805 2615 869 2663 N.
905 2616 966 2664 T.
1002 2632 1042 2665 s.
1080 2614 1129 2663 h.
1164 2630 1215 2664 ν.
1250 2632 1300 2679 p.
1331 2616 1446 2663 164.
1486 2614 1740 2663 scribenti
1777 2614 2136 2678 „Hieronymo
2173 2614 2403 2663 barbare
2439 2628 2634 2678 panem
2669 2614 3065 2678 supersubstan-

586 2701 766 2751 tialem
794 2706 1030 2750 vertente
1051 2728 1134 2762 -—‚
1156 2701 1297 2766 quod
1318 2700 1605 2765 superaddi
1624 2700 1693 2749 ad
1719 2701 2072 2750 substantiam
2092 2715 2244 2764 opus,
2272 2700 2339 2749 ad
2361 2715 2478 2749 eam
2509 2702 2692 2765 utique
2721 2700 2996 2749 tutandam
3023 2707 3068 2747 et

586 2787 848 2837 alendam.
888 2788 1051 2851 Syrus
1076 2787 1350 2837 transtulit
1376 2788 1664 2852 interprete
1683 2786 1966 2836 Tremellio
2004 2801 2196 2851 panem
2230 2787 2558 2852 indigentiae
2595 2792 2826 2848 nostrae,
2867 2786 3065 2836 Bodero

583 2873 789 2938 placuit
820 2872 1066 2923 reddere:
1103 2888 1298 2939 panem
1326 2874 1661 2923 necessitatis
1688 2878 1918 2923 nostrae.
1973 2873 2196 2923 Videtur
2212 2878 2274 2922 ut
2291 2878 2434 2923 recte
2455 2874 2688 2938 explicat
2707 2872 2920 2932 Suidas,
2945 2874 3064 2922 Lex.

586 2960 667 3009 ed.
697 2960 757 3009 G.
785 2959 1113 3025 Bernhardy.
1140 2961 1263 3010 Hal.
1292 2962 1443 3010 1853.
1468 2960 1656 3022 1,.440.
1695 2956 1935 3009 ἐπιούσιον
1961 2962 2234 3025 accepisse
2271 2962 2424 3026 quasi
2451 2955 2512 3021 „6
2551 2957 2627 3010 ἐπὶ
2659 2962 2718 3028 τῇ
2757 2956 2903 3026 οὐσίᾳ
2937 2960 3066 3027 ἡμῶν

586 3041 867 3112 ἁρμόζων,“
921 3046 1118 3107 Arabs,
1154 3063 1203 3095 v.
1237 3047 1295 3096 P.
1330 3048 1588 3106 Kirsteni,
1639 3052 1746 3095 not.
1781 3048 1838 3095 in
1872 3048 1976 3095 Ev.
2011 3063 2053 3097 s.
2099 3046 2286 3096 Matth.
2321 3047 2489 3097 Bresl.
2532 3049 2682 3097 1610.
2721 3064 2771 3112 p.
2809 3050 2914 3107 26.,
2951 3048 3064 3109 legit

584 3146 777 3199 panem
812 3138 1051 3183 nostrum
1088 3132 1437 3183 sufficientem
1474 3133 1645 3194 nobis,
1685 3134 1755 3182 da
1791 3134 1945 3183 nobis
1980 3134 2036 3181 in
2073 3134 2225 3182 diem.
2289 3132 2340 3183 S.
2365 3134 2452 3183 Jo.
2481 3133 2912 3197 Chrysostomus,
2937 3133 3064 3181 hom.

585 3219 651 3268 de
688 3224 917 3285 angusta
952 3226 1108 3286 porta
1145 3226 1199 3269 et
1232 3222 1287 3269 in
1326 3236 1400 3269 or.
1427 3220 1564 3269 dom.
1600 3220 1700 3281 ΙΙΙ,
1727 3222 1810 3269 30.
1837 3236 1888 3269 n.
1916 3222 1964 3269 5.
1991 3221 2222 3285 exponit.
2286 3218 2918 3285 „supersubstantialem
2958 3222 2989 3267 i.
3024 3234 3064 3265 e.

584 3307 675 3370 qui
718 3307 775 3355 in
823 3306 1177 3357 substantiam
1225 3308 1462 3372 eorporis
1511 3307 1729 3367 transit,
1780 3320 2004 3371 eamque
2054 3304 2366 3355 confirmare
2414 3310 2638 3375 potest.“
2713 3307 2778 3355 In
2827 3307 3064 3356 Hebraeo

583 3394 979 3443 Nazaraeorum
1010 3398 1125 3442 erat
1158 3394 1602 3454 „crastinum“,
1636 3392 1898 3441 referente
1929 3408 1971 3441 s.
1990 3391 2317 3457 Hieronymo
2345 3392 2544 3442 Comm.
2563 3394 2618 3442 in
2645 3392 2833 3442 Matth.
2853 3393 2972 3451 vn,
2991 3394 3064 3439 34.

584 3480 749 3529 Porro
788 3480 931 3529 istud
967 3479 1717 3544 supersubstantialem,
1757 3478 1900 3543 quod
1937 3479 1992 3527 in
2029 3478 2264 3543 Vulgata
2298 3480 2584 3543 reperitur,
2625 3479 2692 3529 de
2729 3480 3064 3529 translatione

584 3582 625 3615 s.
662 3566 971 3630 Hieronymi
1020 3570 1123 3626 est,
1170 3581 1291 3615 nam
1337 3570 1461 3615 ante
1510 3570 1625 3614 erat
1671 3564 2139 3629 quotidianum,
2178 3565 2441 3629 quomodo
2490 3566 2650 3615 etiam
2695 3566 3063 3616 Tertullianus.

584 3668 625 3701 s.
656 3650 971 3715 Cyprianus,
998 3668 1039 3701 s.
1064 3652 1391 3714 Ambrosius,
1412 3668 1453 3701 s.
1480 3652 1808 3717 Augustinus
1836 3651 2034 3717 aliique
2055 3650 2106 3701 S.
2127 3652 2186 3701 P.
2207 3652 2266 3701 P.
2289 3658 2448 3717 atque
2475 3650 2525 3700 S.
2547 3652 2613 3703 E.
2639 3652 2913 3717 legerunt3
2941 3666 3063 3717 qua<²

583 3738 741 3787 lectio
764 3754 883 3787 cum
901 3739 957 3787 in
977 3738 1361 3789 consuetudine
1387 3745 1527 3789 esset
1550 3740 1690 3788 inter
1709 3738 1908 3801 fideles,
1947 3754 2052 3788 non
2075 3738 2321 3788 obstante
2345 3753 2386 3787 s.
2409 3738 2722 3803 Hieronymi
2749 3739 3063 3788 correctione

584 3840 755 3889 usque
804 3823 959 3873 hodie
1016 3826 1073 3873 in
1126 3825 1375 3875 Ecclesia
1420 3824 1692 3890 perdurat.
1766 3826 2011 3889 Longum
2055 3825 2212 3873 nimis
2257 3826 2394 3874 foret
2437 3824 2526 3873 hic
2570 3840 2852 3875 recensere
2903 3824 3066 3874 omnia

584 3926 721 3977 quae
760 3911 829 3960 ad
864 3925 1057 3975 panem
1095 3906 1407 3971 ,,ἐπιοὺσιον“
1443 3914 1726 3976 pertinent,
1761 3916 1814 3960 et
1850 3910 1953 3960 dici
1989 3916 2252 3977 poterant.
2306 3912 2442 3977 Legi
2478 3918 2733 3977 possunt:
2772 3914 2828 3961 in
2857 3910 3064 3961 Henrici

584 3997 864 4063 Stephani,
903 3996 1177 4047 Thesauro
1216 4014 1256 4046 s.
1291 3997 1341 4045 h.
1376 4014 1426 4046 v.
1462 3998 1575 4047 Jos.
1602 3996 1875 4062 Scaligeri‚
1911 4014 1994 4062 ep.
2019 3997 2192 4062 Lugd.
2219 3998 2279 4047 B.
2311 4000 2459 4047 1627.
2486 4015 2537 4063 p.
2566 4000 2683 4048 810.
2735 3998 3062 4054 Salmeronis,

584 4083 782 4133 Comm.
808 4084 872 4133 V.
898 4090 960 4133 tr.
988 4086 1071 4133 50.
1098 4101 1147 4148 p.
1176 4086 1292 4133 312.
1318 4098 1360 4132 s.
1404 4084 1471 4132 D.
1498 4084 1723 4144 Heinsii,
1753 4086 1966 4133 exercit.
1993 4101 2034 4135 s.
2064 4086 2213 4135 1639.
2241 4102 2290 4150 p.
2318 4088 2402 4135 31.
2435 4090 2488 4134 et
2519 4084 2786 4147 Salmasii,
2817 4086 2951 4134 libro
2987 4082 3063 4131 ad.

583 4170 827 4221 Grotium
862 4171 963 4221 sub
1002 4170 1258 4235 Simplicii
1288 4171 1335 4218 V
1339 4170 1471 4219 erini
1506 4173 1719 4220 nomine
1758 4173 1954 4236 scripto
1987 4188 2037 4236 p.
2067 4173 2182 4221 109.
2209 4188 2250 4221 s.
2289 4176 2346 4221 et
2379 4172 2445 4221 de
2483 4171 2704 4221 foenore
2741 4172 3061 4237 Trapezitico

580 4256 617 4307 l.
660 4258 757 4307 ΙΙΙ.
802 4259 943 4307 Trai.
990 4259 1139 4307 1640.
1184 4274 1235 4323 p.
1282 4259 1396 4307 794.
1471 4257 1673 4307 Contra
1729 4273 1884 4322 quem
1937 4258 2232 4323 disputavit
2283 4266 2344 4307 ut
2395 4259 2534 4308 solet
2587 4260 2940 4309 eruditissime
2989 4257 3064 4303 vir

582 4359 815 4393 summus
852 4344 1011 4393 Dion.
1074 4344 1343 4406 Petavius,
1392 4346 1449 4393 in
1504 4344 1734 4393 diatriba
1791 4343 1856 4393 de
1910 4348 2174 4409 potestate
2229 4345 2578 4395 consecrandi
2633 4351 2689 4394 et
2739 4342 3062 4396 sacrificandi

581 4430 951 4481 sacerdotibus
988 4446 1023 4480 a
1057 4432 1174 4481 Deo
1213 4445 1471 4481 concessa
1507 4430 1680 4495 deque
1717 4432 2084 4481 communione
2129 4431 2443 4497 usurpanda
2477 4432 2548 4493 11,
2577 4434 2625 4483 9.
2667 4447 2867 4482 excusa
2899 4433 2952 4481 in
2987 4429 3060 4478 ed.

580 4516 668 4564 Fr.
704 4515 766 4565 A.
794 4516 1085 4565 Zachariae
1126 4517 1217 4569 VI.
1243 4534 1294 4582 p.
1322 4519 1438 4567 417.
1477 4517 1599 4565 Huc
1634 4518 1762 4565 item
1799 4518 2066 4581 pertinent
2101 4516 2340 4567 Sculteti.
2380 4519 2654 4567 exercitat.
2687 4535 2770 4575 er.
2795 4519 2874 4581 11,
2899 4520 2979 4567 32.
3013 4517 3062 4563 in

584 4602 709 4653 Crit.
737 4619 778 4652 s.
805 4602 897 4663 IV,
928 4604 1008 4664 19,
1035 4604 1118 4652 86.
1148 4619 1187 4653 s.
1216 4602 1435 4664 Suieeri,
1475 4605 1529 4651 in
1565 4603 1724 4653 Thes.
1751 4602 1880 4653 eccl.
1912 4618 1942 4653 e
1976 4604 2120 4655 Patr.
2146 4621 2223 4671 gr.
2251 4604 2334 4653 ed.
2371 4606 2419 4653 2.
2453 4606 2618 4655 Amst.
2659 4607 2812 4656 1728.
2845 4606 2886 4669 Ι,
2925 4604 3062 4654 1169.
