3267 5259
1141 449 1424 495 chronotaxis
1452 449 1716 504 Apostolica.
2424 439 2676 490 LXXVII

199 633 366 691 fectus
407 633 644 704 faceret,
696 638 950 711 quantos
994 653 1128 691 eum
1171 634 1372 691 fecisse
1417 639 1673 704 constat3
1726 653 1950 692 necesse
1999 634 2256 709 profecto
2302 640 2389 692 est
2430 635 2675 711 plures

197 757 398 794 annos
453 739 616 795 inter
671 739 990 796 discessum
1033 737 1273 796 Domini
1315 739 1516 797 Nostri
1565 743 1624 796 et
1673 739 2230 815 Protomartyrium,
2297 740 2390 796 cui
2443 741 2675 798 iuvenis

196 841 434 910 νεανίας-1
467 844 727 914 adstitit,
762 843 1171 901 intercessisse.
1222 843 1532 919 Perpensis
1557 845 1630 900 iis
1661 844 1931 901 omnibus
1960 863 2109 921 quae
2141 845 2329 901 medio
2358 844 2675 903 intervallo

197 948 339 1004 inter
381 947 788 1006 ascensionem
835 948 1078 1006 Domini
1125 953 1183 1006 et
1225 968 1425 1007 necem
1470 948 1528 1006 S.
1570 948 1855 1024 Stephani
1902 954 2312 1007 commemorat
2352 948 2410 1007 S.
2454 948 2670 1020 Lucas3

196 1053 496 1129 quinque
533 1052 756 1110 saltem
797 1072 980 1111 annos
1021 1073 1056 1111 a
1093 1053 1366 1112 Passione
1405 1053 1626 1111 Christi
1668 1054 1741 1110 ad
1782 1051 1949 1111 illam
1988 1052 2047 1111 S.
2092 1053 2375 1130 Stephani
2410 1053 2671 1126 fluxisse,

196 1175 348 1214 nemo
375 1157 636 1233 prudens
667 1177 886 1232 negare
917 1177 1078 1234 posse
1106 1159 1362 1217 videtur.
1425 1157 1650 1216 Rursus
1696 1157 1979 1216 biennii
2021 1159 2336 1216 minimum
2366 1160 2674 1217 decursum

197 1263 362 1334 poscit
399 1257 676 1338 ,διωγμὸς
726 1259 925 1336 μέγαςι
945 1258 988 1319 ².
1053 1263 1298 1320 Accedit
1326 1262 1570 1320 Saulum
1611 1267 1927 1341 antequam
1958 1262 2307 1322 Damascum
2352 1263 2675 1340 proficisce-

195 1373 368 1436 retur,
443 1385 566 1424 non
621 1365 1012 1444 Jerosolymis
1071 1371 1330 1438 tantum3
1399 1367 1498 1423 sed
1557 1373 1618 1423 et
1677 1366 1810 1424 aliis
1870 1367 1935 1424 in
1994 1365 2134 1424 locis
2194 1366 2415 1425 Christi
2476 1367 2675 1425 fideles

197 1475 540 1544 persecutum
595 1469 782 1528 fuisse
795 1468 838 1527 ³.
906 1471 1020 1528 His
1077 1472 1128 1528 si
1180 1473 1476 1542 addamus,
1533 1490 1683 1548 quae
1732 1476 1870 1528 ante
1922 1471 2358 1529 conversionem
2410 1473 2675 1548 Apostoli

195 1575 446 1632 accidisse
491 1575 654 1632 idem
713 1581 920 1632 narrat
969 1597 1014 1633 s.
1047 1575 1312 1651 Scriptor
1331 1573 1385 1645 43
1449 1577 1689 1633 omnino
1733 1575 1985 1649 longiori
2034 1578 2311 1651 temporis
2354 1579 2542 1653 spatio
2601 1579 2675 1634 ad

196 1697 254 1734 ea
288 1680 480 1736 omnia
519 1678 892 1755 perficienda
929 1699 1072 1756 opus
1115 1680 1294 1738 fuisse
1338 1699 1444 1738 nec
1487 1679 1681 1738 ullum
1730 1680 1975 1737 dubium
2018 1679 2397 1758 relinquitur.
2458 1683 2547 1739 Ea
2592 1688 2678 1740 est

197 1783 534 1842 narrationis
549 1782 578 1821 5
609 1785 860 1856 indoles,
895 1804 1043 1863 quae
1067 1785 1330 1860 plurium
1356 1804 1647 1843 annorum
1670 1784 2055 1842 intervallum
2076 1786 2309 1856 suadet3
2343 1790 2497 1844 certe
2522 1786 2676 1843 nihil

195 1889 370 1945 obstat
411 1890 740 1966 quominus
785 1891 1244 1965 septennium
1289 1909 1666 1948 assumamus.
1730 1888 1839 1946 Rei
1870 1895 2063 1962 gestae
2102 1890 2315 1946 seriem
2355 1895 2588 1965 praeter
2628 1911 2673 1949 s.

197 1992 396 2050 Lucam
437 1999 498 2050 et
539 1996 672 2070 ipse
707 1993 1038 2070 Apostolus,
1082 1994 1146 2052 in
1185 1994 1446 2072 epistolis
1483 2013 1651 2052 suam
1690 2013 1921 2052 causam
1951 2013 2145 2068 agens,
2179 1993 2453 2068 diligenti
2484 1996 2675 2052 studio

195 2101 272 2152 aet
297 2103 652 2172 persecutus.
703 2098 744 2155 J
744 2117 840 2156 am
881 2105 1079 2156 autem
1117 2119 1164 2156 s.
1205 2099 1388 2157 Paulo
1418 2100 1488 2157 de
1519 2100 1692 2157 rebus
1724 2098 1846 2156 suis
1876 2100 2193 2174 exponenti
2225 2103 2444 2174 primas
2482 2105 2677 2174 partes

195 2203 588 2273 concedendas,
641 2207 706 2260 et
744 2222 819 2260 ex
858 2204 968 2261 hac
1007 2204 1192 2279 ipsius
1224 2203 1512 2262 relatione
1541 2203 1597 2261 d.
1644 2203 1835 2261 Lucae
1875 2206 2277 2262 narrationem
2322 2204 2676 2262 metiendam

194 2324 299 2362 esse
318 2311 522 2382 sponte
547 2326 664 2364 sna
691 2309 978 2385 sequitur.
1025 2307 1106 2366 Et
1137 2309 1326 2384 primo
1355 2309 1592 2386 quidem
1622 2307 1873 2366 offertur
1902 2308 2169 2384 Apostoli
2200 2309 2463 2366 narratio
2484 2306 2526 2380 ⁶,
2561 2327 2679 2386 qua

193 2415 402 2469 constat
421 2413 740 2470 Paulum
761 2413 1074 2470 insidias
1097 2415 1180 2470 ab
1205 2413 1605 2471 ethnarcha
1628 2415 1889 2470 Aretae
1911 2412 2247 2470 Damasci
2271 2413 2423 2470 sibi
2452 2418 2675 2471 struc-

193 2519 306 2586 tas,
346 2517 554 2574 amicis
585 2517 1012 2575 adiuvantibus
1043 2517 1331 2592 effugisse.
1387 2518 1481 2575 Ad
1515 2520 1761 2575 Aretam
1792 2518 1944 2594 quod
1974 2517 2208 2586 attinet,
2243 2516 2407 2574 cuius
2438 2517 2678 2575 ethnar-

193 2619 292 2675 cha
317 2622 440 2678 sive
471 2627 828 2697 procurator
856 2622 1042 2680 Paulo
1070 2623 1384 2680 insidiatus
1414 2627 1527 2692 est3
1565 2624 1836 2681 Arabum
1868 2641 2000 2679 eum
2032 2641 2227 2695 regem
2257 2621 2435 2680 fuisse
2466 2641 2679 2679 nomen

197 2723 376 2799 ipsum
416 2727 640 2785 Aretes
663 2725 702 2797 ⁷,
749 2728 946 2801 prodit
986 2726 1190 2785 multis
1229 2729 1496 2786 Arabum
1535 2728 1903 2803 principibus
1944 2745 2248 2784 commune
2270 2723 2312 2784 ⁸.
2376 2725 2486 2783 Sed
2526 2728 2677 2803 quod

193 2827 574 2888 difficillimae
614 2830 918 2905 indaginis
957 2837 1045 2890 est
1081 2833 1224 2890 haec
1262 2832 1390 2908 ipsa
1429 2833 1787 2890 ethnarchae
1816 2825 2085 2907 potestas,
2134 2851 2251 2910 qua
2280 2831 2333 2889 ei
2365 2833 2530 2890 urbis
2561 2830 2678 2890 Da-

201 2953 486 2994 mascenae
527 2941 736 3012 portas
777 2937 1036 2994 custodia
1077 2936 1328 2995 militari
1371 2938 1604 2995 munire
1634 2936 1822 3006 licuit,
1874 2937 2027 2995 unde
2056 2941 2116 2994 et
2145 2937 2377 3015 quando
2408 2941 2537 2994 orta
2564 2935 2684 2994 sit?

195 3037 513 3118 Utrumque
545 3059 686 3098 cum
719 3060 924 3116 parum
955 3041 1194 3120 liqueat,
1229 3041 1558 3118 periculum
1588 3042 1953 3100 coniecturae
1982 3041 2315 3099 faciendum
2347 3041 2480 3099 erit.
2545 3040 2681 3098 Pla-

195 3143 318 3199 cet³¹
359 3143 446 3202 ita.
483 3146 558 3202 de
601 3147 718 3204 hac
758 3166 822 3202 re
859 3151 1147 3205 statuere:
1197 3145 1548 3204 Damascum
1591 3147 1665 3203 ab
1696 3149 1882 3204 Areta
1912 3167 2028 3204 non
2061 3150 2198 3204 ante
2233 3150 2332 3203 37.
2366 3165 2423 3221 p.
2457 3144 2519 3202 C.
2554 3164 2680 3220 pos-

197 3265 413 3306 sessam.
445 3250 694 3308 Mortuo
717 3250 950 3308 Tiberio
972 3251 1124 3308 forte
1153 3271 1189 3308 a
1211 3250 1366 3321 caio,
1401 3251 1620 3328 quires
1650 3250 1903 3309 Orientis
1934 3250 2255 3326 composuit
2278 3247 2342 3322 ¹⁰,
2376 3269 2504 3307 eam
2534 3249 2683 3307 dono

197 3355 408 3428 accepit
430 3351 502 3410 ¹¹.
567 3355 668 3411 Ex
699 3373 815 3432 quo
845 3355 906 3412 id
937 3354 1144 3413 saltem
1184 3355 1444 3413 efficitur
1484 3354 1738 3412 Paulum
1776 3375 1891 3413 non
1938 3360 2073 3412 ante
2118 3358 2219 3412 37.
2262 3374 2321 3429 p.
2356 3353 2418 3411 C.
2462 3352 2683 3410 Christi

399 3647 436 3712 ¹)
474 3647 602 3700 Act.
636 3649 683 3710 7,
716 3649 798 3698 59.
854 3647 894 3712 ²)
932 3649 1046 3698 Act.
1075 3649 1124 3710 8,
1156 3651 1200 3698 1.
1226 3648 1288 3696 V.
1315 3665 1367 3713 p.
1399 3649 1516 3699 326.
1579 3647 1621 3712 ³)
1660 3648 1775 3698 Act.
1814 3649 1897 3711 26,
1940 3650 2019 3697 11.
2081 3648 2121 3711 ⁴)
2160 3647 2415 3696 Nimirum
2452 3646 2685 3696 Verbum

199 3731 402 3782 Domini
438 3735 498 3783 in
541 3734 848 3784 Jerusalem
895 3736 1303 3798 annunciatum3
1351 3735 1725 3800 Apostolorum
1776 3734 2019 3798 vincula3
2070 3735 2429 3784 Diaconorum
2479 3735 2685 3783 institu-

199 3818 408 3882 tionem3
462 3821 924 3883 praedicationem
959 3821 1193 3887 Philippi
1230 3821 1534 3884 Samariam
1573 3836 1614 3869 s.
1648 3836 1689 3870 s.
1724 3822 1866 3871 Petri
1903 3825 1957 3871 et
1990 3821 2217 3871 Joannis
2253 3821 2363 3871 illic
2412 3835 2687 3870 accessum

202 3910 251 3953 et
283 3907 538 3973 deinceps
587 3907 814 3957 reditum
856 3908 1246 3974 Jerosolymas,
1297 3908 1526 3973 denique
1571 3907 1837 3958 candacis
1885 3907 2114 3959 eunuchi
2152 3909 2487 3974 baptismum.
2534 3908 2597 3956 V.
2635 3923 2687 3972 p.

201 3993 309 4040 320.
334 4009 374 4042 s.
439 3993 481 4058 ⁵)
519 3994 642 4044 Act.
669 3996 718 4056 3,
749 3997 898 4058 1-9‚
928 3999 973 4046 1.
1035 3995 1074 4062 ⁶)
1101 3996 1170 4045 11.
1199 3995 1320 4046 Cor.
1352 3998 1432 4057 11,
1459 3997 1542 4044 32.
1569 3996 1653 4044 33.
1692 3995 1887 4045 collato
1914 3997 2028 4045 Act.
2067 3997 2115 4057 9,
2137 3997 2220 4045 23.
2247 3997 2329 4044 25.
2393 3994 2433 4058 ⁷)
2474 3990 2688 4062 Ἀρέτας,

201 4077 422 4167 Colo„
487 4097 532 4163 8)
572 4099 761 4164 Neque
798 4099 1163 4162 dubitandum,
1202 4101 1331 4166 quin
1371 4106 1550 4149 noster
1572 4099 1763 4151 Aretas
1798 4099 1939 4150 idem
1973 4099 2065 4149 ille
2102 4101 2183 4162 sit,
2223 4098 2289 4148 de
2314 4115 2420 4164 quo
2452 4099 2691 4164 loquitur

204 4205 492 4273 Josephus‚
551 4207 734 4273 Antiq.
761 4207 960 4258 XVIII.
985 4211 1035 4270 ὅ,
1065 4212 1110 4258 1.
1137 4211 1186 4259 3.
1212 4225 1264 4274 p.
1291 4211 1408 4260 882.
1437 4225 1480 4258 s.
1529 4207 1570 4274 ⁹)
1607 4207 1904 4259 Wieselero
1942 4207 2154 4274 quidem
2191 4211 2483 4271 praeeunte
2520 4206 2687 4257 Chro-

205 4293 302 4342 nol.
347 4294 397 4344 d.
444 4299 622 4360 apost.
670 4293 964 4345 Zeitalters.
1004 4295 1146 4346 Gtstt.
1195 4297 1345 4346 1848.
1385 4312 1435 4361 p.
1478 4297 1592 4344 172.
1631 4311 1674 4345 s.
1754 4296 1812 4360 10)
1849 4295 2011 4344 Teste
2052 4293 2290 4358 Josepho
2328 4293 2447 4345 Ant.
2492 4294 2689 4344 XVIII.

205 4380 250 4440 8,
289 4383 332 4430 1.
369 4399 422 4447 p.
460 4383 589 4432 899.
653 4381 715 4444 ¹¹)
756 4380 912 4431 Certe
949 4382 1091 4448 apud
1129 4383 1190 4432 T.
1227 4383 1291 4431 E.
1329 4383 1587 4444 Mionnet,
1628 4381 1952 4447 description
1995 4379 2087 4430 des
2132 4377 2409 4430 medailles
2446 4383 2691 4447 antiques

205 4481 455 4533 grecques
505 4473 564 4516 et
607 4469 884 4519 romaines.
935 4469 1055 4518 Par.
1097 4470 1246 4519 1811.
1295 4469 1362 4530 V,
1400 4470 1518 4518 284.
1567 4469 1830 4533 reperitur
1873 4481 2117 4517 nummus
2166 4467 2552 4528 Damascenus‚
2604 4469 2691 4518 cui

207 4553 491 4620 inscriptio:
537 4551 880 4616 „BAEmEQz
915 4553 1160 4605 Api-:ror
1196 4552 1641 4605 ‹luAssAAuNozss
1683 4571 1801 4604 cum
1839 4570 1979 4604 anno
2021 4551 2189 4619 „AP“;
2228 4556 2261 4605 i.
2289 4571 2335 4605 e.
2378 4559 2492 4605 101.
2532 4569 2691 4604 aerae

208 4645 470 4708 uteunque
507 4643 870 4706 Pompeianae
906 4644 1164 4708 impressa
1197 4650 1295 4693 est.
