3267 5259
586 414 715 477 240
1332 426 1525 469 nod-ou
1548 426 1914 477 msqnisitionum
1941 426 2303 479 theologicum.

586 604 821 661 Eximic
865 610 1035 662 certe‘
1062 606 1336 678 congruit
1377 608 1528 662 ratio
1576 610 1901 681 temporum
1919 648 1933 675 ,
1985 607 2420 683 maximamque
2471 606 2661 663 lucem
2713 606 2887 665 affert
2929 624 3043 663 cum

585 710 781 766 verbis
824 708 1033 779 Lucae,
1068 712 1196 766 tum
1226 709 1367 766 huic
1396 713 1629 767 nostrae
1659 708 2062 785 explicationi.
2123 710 2278 767 Nam
2307 728 2422 787 quo
2465 710 2609 767 haec
2651 710 2886 767 demum
2914 728 3048 766 anno

586 810 996 887 contigerunt?
1071 815 1247 870 Anno
1293 832 1351 888 p.
1398 811 1461 871 C.
1511 816 1614 870 43.
1686 815 1772 871 At
1821 820 1948 871 erat
2001 832 2190 871 annus
2241 813 2370 885 ille,
2427 832 2542 890 quo
2590 813 2800 870 Petrus
2851 812 3047 871 Christi

583 916 841 974 vicarius
882 916 1149 974 detentus
1192 920 1296 986 est,
1348 934 1527 994 aeque
1559 916 1627 986 ,B
1639 917 1721 974 ad
1733 919 1792 973 u‘
1823 936 1890 975 ac
1919 936 2126 989 annus,
2157 936 2274 995 quo
2303 919 2426 993 ipse
2457 916 2724 975 Christus
2759 917 2834 975 ab
2863 917 3042 974 eodem

584 1021 817 1078 Herode
846 1026 1074 1096 spretus
1104 1026 1208 1078 est.
1271 1019 1465 1081 Quare
1496 1024 1567 1078 ut
1591 1039 1748 1079 anno
1778 1020 1997 1078 Christi
2033 1018 2406 1097 σταυρωσίμῳ,
2435 1022 2522 1079 sic
2547 1022 2662 1078 isto
2693 1025 2796 1078 43.
2827 1022 3045 1096 pariter,

584 1125 737 1202 quod
760 1125 858 1182 hic
880 1130 1077 1200 aperte
1092 1144 1129 1181 a
1148 1144 1193 1181 s.
1214 1124 1375 1182 Luca
1396 1124 1672 1196 traditur,
1698 1124 1734 1181 J
1737 1124 1906 1182 udaiei
1924 1125 2148 1183 Pascha
2171 1126 2510 1183 habuerunt
2529 1126 2605 1183 ad
2627 1144 2892 1183 normam
2914 1126 3045 1196 ,ml

586 1227 675 1285 Of.
703 1227 905 1297 Gratz,
940 1228 1283 1287 Geschichte
1314 1229 1411 1286 des
1438 1228 1852 1286 Judenthums.
1899 1227 2056 1286 Berl.
2096 1232 2280 1287 1853.
2313 1228 2420 1299 IV,
2457 1233 2604 1287 389.
2651 1228 2884 1299 Aberle,
2917 1232 2972 1284 ii.
2997 1228 3043 1283 d.

585 1331 709 1406 Tag
754 1333 811 1389 d.
842 1331 884 1389 l.
918 1332 1344 1402 Abendmahls‚
1390 1332 1453 1389 in
1492 1350 1631 1389 ann.
1680 1331 1828 1390 Tiib.
1870 1331 2270 1393 Quartalschr.
2321 1336 2504 1389 1863.
2547 1352 2606 1407 p.
2649 1335 2794 1389 547.
2853 1332 2958 1389 Sed
2985 1331 3044 1387 ad

588 1442 1003 1509 argumentum
1032 1442 1299 1494 nostrum
1327 1442 1715 1495 revertamur.
1777 1436 1982 1495 Voluit
2010 1437 2274 1494 Herodes
2311 1442 2438 1512 post
2473 1437 2725 1506 Pascha,
2766 1437 2827 1494 h.
2861 1456 2908 1493 e.
2945 1455 3044 1494 non

582 1540 785 1597 statim
814 1540 1095 1615 postridie
1124 1559 1465 1616 azymorum
1482 1584 1497 1611 ,
1536 1541 1635 1599 sed
1667 1541 1760 1597 die
1791 1540 2142 1615 perendino:
2191 1558 2308 1597 non
2345 1541 2412 1597 in
2455 1540 2549 1597 die
2587 1540 2763 1611 festo,
2803 1542 2896 1597 sed
2935 1546 3046 1614 post

584 1642 740 1701 diem
780 1642 994 1701 festum
1042 1644 1297 1701 Paschae
1340 1644 1407 1705 in
1450 1644 1696 1701 Petrum
1741 1644 2228 1703 animadvertere.
2292 1643 2368 1701 In
2405 1643 2599 1701 Sacris
2643 1644 2806 1701 enim
2847 1643 3042 1700 Literis

583 1767 705 1805 vox
738 1748 993 1805 Paschae
1022 1747 1110 1805 nil
1140 1747 1301 1805 aliud
1330 1753 1529 1806 sonat:
1578 1752 1808 1823 praeter
1835 1748 2249 1807 mactat-ionem
2277 1749 2436 1822 agni,
2469 1748 2566 1805 vel
2597 1748 2752 1805 diem
2783 1748 2836 1805 ei
2863 1748 3045 1805 cohae-

525 1882 531 1889 ·
586 1856 831 1909 rentem.
914 1851 1147 1927 Septem
1206 1853 1511 1909 continuos
1570 1852 1693 1909 dies
1751 1872 2093 1929 azymorum
2131 1886 2215 1893 —-
2253 1872 2326 1909 ne
2383 1853 2517 1930 quis
2571 1851 2726 1909 forte
2783 1852 2886 1909 hos
2941 1851 3046 1907 dies

586 1956 883 2030 designari
914 1975 951 2013 a
978 1976 1023 2013 s.
1048 1956 1209 2013 Luca
1240 1960 1454 2013 temere
1490 1958 1818 2031 suspicetur
1839 1988 1924 1998 —-
1947 1976 2023 2015 ne
2049 1955 2228 2013 semel
2257 1956 2492 2033 quidem
2521 1954 2835 2030 significat.
2884 1954 3046 2011 Dies

584 2064 883 2134 septem
928 2066 1067 2117 sunt
1096 2078 1572 2135 azymorum3
1616 2060 1912 2118 Pascha
1948 2060 2108 2116 diei
2155 2060 2390 2117 unius
2431 2059 2744 2117 celebritas
2772 2060 2900 2129 fuit,
2931 2057 3044 2115 coll.

585 2162 763 2219 Luca.
800 2168 899 2233 22,
941 2166 995 2219 1.
1030 2160 1248 2237 ,ἤγγιζε
1278 2158 1341 2217 δὲ
1368 2161 1407 2233 ἡ
1446 2160 1603 2239 ἑορτὴ
1634 2164 1743 2219 τῶν
1783 2160 2003 2235 ἀζύμῶν
2033 2161 2068 2233 ἡ
2101 2158 2384 2237 λεγομένη
2424 2162 2654 2237 ἰτειὶσ-,1ς,επι..ι
2716 2162 3044 2220 Kalendaria

581 2267 711 2341 ipsa
750 2265 1105 2323 Judaeorum
1152 2267 1436 2324 hodierna
1478 2265 1706 2323 solum
1751 2266 1936 2323 diem
1989 2266 2292 2342 primum
2343 2284 2758 2341 azymorum
2807 2266 3044 2323 festum

582 2371 1004 2455 vocant-Pas
1016 2372 1163 2427 cha.
1214 2370 1380 2428 Unde
1411 2375 1708 2446 promtum
1739 2374 1826 2427 est
1854 2369 2143 2443 colligere,
2177 2370 2376 2427 eodem
2399 2370 2572 2445 plane
2595 2370 2765 2428 modo
2787 2367 3044 2427 declarari

582 2492 621 2531 a
648 2494 694 2531 s.
716 2494 763 2531 s.
788 2474 1105 2543 Matthaeo,
1138 2475 1355 2546 Marco,
1388 2474 1549 2533 Luca
1578 2493 1802 2531 annum
1825 2473 2048 2531 Christi
2077 2472 2443 2550 σταυρόκτιμον
2474 2473 2682 2544 ,Badu‘
2713 2473 2916 2542 fuisse;
2946 2490 3043 2548 quo

584 2578 763 2635 istum
806 2596 1031 2635 annum
1072 2582 1171 2635 43.
1206 2597 1323 2636 aer.
1358 2578 1493 2636 Chr.
1526 2578 1593 2636 in
1638 2579 1804 2635 Actis
1849 2598 1886 2635 a
1929 2598 1974 2635 s.
2007 2578 2186 2635 Luca.
2254 2576 2368 2635 Sed
2412 2582 2472 2633 et
2499 2575 2651 2634 illud
2697 2596 2814 2635 non
2857 2577 2954 2633 abs
2991 2594 3044 2630 re

584 2682 939 2753 intueamur,
972 2702 1019 2738 s.
1043 2681 1220 2739 Petro
1248 2681 1603 2758 supplicium
1628 2680 1988 2739 destinatum
2011 2701 2128 2739 11011
2157 2680 2336 2739 fuisse
2365 2682 2460 2738 die
2488 2679 2655 2737 festo.
2703 2679 2863 2743 Quae
2889 2680 3044 2737 huius

586 2784 991 2860 protelationis
1014 2786 1334 2861 probabilis
1366 2785 1575 2843 causa?
1612 2786 1877 2843 Necdum
1907 2786 1976 2843 de
1999 2770 2172 2843 Petro
2201 2789 2362 2854 tunc,
2393 2790 2466 2841 ut
2485 2785 2556 2841 de
2577 2784 2812 2842 Christo
2839 2784 3042 2841 diceba—

587 2892 721 2945 tur:
752 2887 962 2945 Joann.
989 2892 1085 2960 12,
1115 2895 1214 2948 19.
1246 2908 1395 2961 ,ecce
1424 2891 1680 2948 mundus
1709 2894 1866 2947 totus
1889 2894 2017 2965 post
2045 2908 2180 2946 eum
2208 2889 2377 2947 abit.⁴
2408 2888 2590 2945 Pauci
2611 2894 2784 2945 erant.
2803 2886 3038 2955 asseclae,

585 2992 755 3048 caede
784 2990 821 3048 J
822 2992 987 3049 acobi
1016 2998 1137 3051 tam
1168 3014 1379 3069 parum
1407 2992 1631 3064 offensi,
1667 2998 1738 3051 ut
1765 2995 2101 3051 observaret
2129 2993 2322 3068 potius
2363 3011 2470 3049 rex
2487 3036 2502 3063 ,
2543 3012 2604 3049 se
2635 3012 2751 3050 non
2784 2992 3038 3049 modicam

586 3096 841 3169 gratiam
900 3096 1213 3170 collegisse.
1262 3100 1397 3155 Act.
1450 3102 1547 3169 12,
1598 3101 1656 3155 3.
1715 3096 1754 3155 J
1755 3097 1954 3155 udaeis
2005 3095 2278 3155 occisioni
2320 3096 2485 3153 Petri
2529 3096 2672 3154 adeo
2715 3096 3038 3163 faventibus,

584 3198 839 3275 profecto
898 3200 1053 3258 nihil
1114 3178 1403 3259 tumultus
1460 3201 1983 3276 pertimescendum
1999 3246 2013 3271 ,
2082 3200 2283 3259 differt
2354 3205 2550 3259 tamen
2612 3201 2872 3259 Herodes
2931 3203 3036 3273 post

584 3304 813 3377 pascha.
904 3304 1044 3362 Ideo
1090 3326 1161 3362 ne
1206 3324 1383 3382 quam
1426 3306 1596 3363 caede
1641 3306 2138 3363 sancti-imorum
2189 3306 2458 3363 virorum
2501 3305 2655 3380 apud
2685 3318 2832 3363 'suos
2871 3301 3036 3361 conci-

583 3405 759 3465 liaret
800 3408 1283 3480 benevolentiam,
1316 3428 1444 3467 eam
1482 3410 1634 3479 festi,
1684 3428 1798 3487 quo
1843 3410 2004 3467 nefas
2049 3408 2336 3467 iudicium
2377 3410 2588 3485 capitis
2633 3428 2912 3479 exercere,
2953 3406 3034 3462 fu-

584 3512 907 3569 nestatione
952 3514 1237 3588 perderet.

756 3614 923 3676 Quod
968 3616 1156 3690 igitur
1200 3621 1271 3674 ut
1313 3636 1436 3675 rem
1480 3617 1890 3675 concludamus
1934 3619 2044 3675 hoc
2087 3636 2242 3675 anno
2283 3616 2503 3674 Christi
2547 3636 2816 3692 supremo
2843 3614 3036 3673 Pascha

582 3717 619 3775 J
622 3718 790 3775 udaci
836 3739 869 3775 e
912 3720 1065 3777 feria
1106 3724 1275 3777 sexta
1318 3720 1383 3777 in
1426 3722 1736 3778 sabbatum
1791 3722 2312 3796 procrastinamnt,
2377 3741 2454 3779 ex
2512 3720 2790 3794 religiosa
2837 3715 3032 3777 sabbati

582 3823 984 3881 observatione
1026 3825 1251 3881 factum
1294 3830 1399 3882 est.
1468 3823 1633 3886 Quod
1681 3844 1820 3883 vero
1864 3825 2132 3883 Christus
2175 3825 2480 3894 Dominus,
2531 3826 2768 3883 tametsi
2809 3825 2970 3883 fuerit
3005 3840 3033 3874 e

583 3926 745 3985 tribu
787 3926 942 3986 Juda
984 3932 1045 3984 et
1088 3928 1159 3985 de
1200 3927 1419 3985 semine
1462 3928 1676 3999 David,
1725 3929 1940 3986 maluit
1981 3928 2368 3985 nihilominus
2411 3947 2546 3985 cum
2587 3928 2885 4005 discipulis
2910 3927 3028 3983 duo-

580 4031 769 4087 decim
814 4032 1177 4089 discumbere
1228 4052 1520 4107 vespere
1564 4033 1753 4090 facto
1797 4032 2030 4108 pridie
2073 4033 2282 4091 mortis
2323 4038 2384 4089 et
2425 4033 2762 4103 Paschatis‚
2823 4033 2878 4089 id
2917 4050 3030 4087 con-

579 4136 831 4193 siderate
873 4135 1034 4192 fecit.
1110 4135 1289 4193 Haud
1332 4136 1508 4193 dubie
1544 4136 1720 4193 iuxta
1749 4118 2174 4212 praescriptum
2215 4128 2392 4209 Legis
2419 4136 2602 4193 Num.
2639 4140 2695 4207 9,
2736 4142 2852 4207 12„
2893 4134 3032 4191 ouius

580 4245 707 4296 erat
735 4238 1301 4297 observantissimus.
1346 4240 1401 4295 N
1408 4238 1581 4297 ullibi
1610 4240 1772 4296 enim
1800 4239 2050 4298 habetur
2078 4239 2309 4297 licuisse
2338 4240 2564 4297 Pascha
2593 4238 2936 4315 praevenire.
2975 4234 3028 4290 Si

578 4342 769 4416 igitur
812 4343 921 4401 hoc
951 4344 1346 4418 praevenisset
1375 4341 1658 4415 Christus,
1705 4343 1914 4401 fuisset
1957 4344 2325 4401 adversarius
2369 4342 2561 4417 Legis,
2595 4343 2834 4421 ideoque
2859 4358 3028 4415 repre-

580 4445 907 4503 hensibilis.
940 4446 1089 4504 Cum
1116 4446 1280 4521 Legi,
1328 4465 1505 4523 quam
1535 4466 1656 4504 non
1693 4444 1918 4505 solvere
1947 4452 2208 4517 venerat,
2257 4447 2356 4504 sed
2385 4445 2724 4521 adimplere,
2770 4448 3030 4519 obtempe-

580 4568 713 4606 rare
756 4548 946 4607 voluit
988 4549 1292 4619 Salvator3
1338 4570 1465 4608 eam
1507 4551 1581 4607 ob
1608 4569 1841 4609 causam
1873 4550 1946 4608 ad
1977 4550 2490 4609 commendandam
2521 4549 2648 4607 eius
2677 4548 3030 4609 obedientiam
