3267 5259
632 455 677 517 4
1392 465 1510 506 niet.
1535 476 1625 506 rev.
1654 464 1743 506 (liv.
1774 464 1942 506 Pei-iod.
1984 464 2023 506 1.
2053 476 2146 516 cap.
2176 464 2374 516 primum.

634 638 948 725 Angelus,
977 640 1186 724 ipsam
1233 638 1484 705 salvere
1530 640 1733 721 iussit,
1773 642 1791 681 ¹
1847 646 2043 724 atque
2089 639 2443 723 gratiarum
2483 636 2783 702 ubertate
2829 636 3105 723 plenam3

634 751 918 837 Deoque
972 773 1131 836 prae
1194 752 1493 817 omnibus
1539 750 1919 816 mulieribus
1980 752 2379 815 carissimam
2428 750 2801 837 appellavit.
2890 749 3107 834 Angeli

637 863 848 929 subito
920 873 1118 949 atque
1177 866 1511 949 inopinato
1571 863 1739 928 virili
1804 864 2016 929 forma
2076 865 2451 949 apparentis
2511 862 2773 927 insolita
2830 862 3108 927 salutatio

635 976 910 1039 Mariam
940 976 1284 1063 percelluit
1308 979 1350 1040 2.
1408 977 1468 1041 N
1473 997 1556 1040 on
1588 975 1837 1041 latebat
1867 974 2173 1061 angelum
2202 978 2469 1061 virginis
2514 975 2942 1062 perturbati0‚
2982 998 3108 1059 pro-

637 1097 866 1174 pterea
911 1088 1143 1153 sedare
1192 1099 1467 1155 conatur
1510 1099 1863 1176 paventem
1911 1091 2108 1153 animi
2162 1089 2409 1152 Mariae
2438 1098 2725 1153 ·motum.
2794 1087 3109 1167 Hortatur,

636 1211 707 1265 ut
737 1204 874 1266 sine
920 1212 1100 1267 metu
1158 1213 1347 1286 esset,
1387 1203 1630 1268 nullam
1680 1225 1820 1267 esse
1866 1204 2015 1267 iusti
2062 1204 2307 1267 timoris
2354 1224 2639 1283 causam,
2685 1210 2915 1286 utpote
2962 1222 3109 1285 quae

635 1313 783 1379 Deo
840 1317 1206 1399 gratissima
1264 1316 1454 1399 foret,
1516 1316 1693 1401 quod
1756 1318 1966 1401 ipsum
2035 1316 2277 1401 optime
2328 1314 2628 1397 ostendit,
2685 1337 2803 1378 cur
2846 1312 3110 1377 salutans

639 1449 785 1491 eam
807 1430 1145 1492 vocaverit
1168 1430 1429 1513 gratia
1457 1427 1789 1514 plenam.
1836 1427 2000 1492 Mox
2032 1430 2303 1513 exponit
2318 1429 2614 1491 nuntium
2634 1430 2659 1471 ³
2690 1426 2772 1491 de
2802 1428 3110 1490 nascituro

639 1562 726 1603 ex
771 1562 850 1605 ea
893 1540 1045 1624 filio,
1093 1542 1202 1627 qui
1240 1542 1379 1627 ipse
1425 1540 1610 1605 Deus
1652 1550 1824 1605 esset
1849 1544 1894 1604 ⁴.
1964 1539 2099 1605 Sed
2135 1539 2424 1626 Angelus
2469 1540 2727 1625 Virgini
2761 1561 2895 1603 non
2934 1536 3110 1601 modo

637 1651 839 1716 filium
899 1655 1233 1739 promittit,
1293 1676 1524 1717 verum
1587 1656 1783 1718 etiam
1842 1675 2081 1717 nomen
2138 1652 2402 1735 indicat,
2458 1674 2587 1738 quo
2649 1658 3113 1736 nuncupandus

642 1775 846 1830 esset:
896 1776 962 1830 et
997 1764 1288 1849 vocabis,
1333 1768 1562 1852 inquit,
1607 1789 1849 1831 nomen
1882 1767 2019 1829 eius
2065 1765 2109 1830 J
2126 1788 2373 1829 esum.
2420 1765 2525 1829 De
2572 1764 2698 1829 hoc
2729 1764 2860 1829 filio
2894 1764 3113 1828 eximia

639 1880 853 1943 statim
883 1878 1222 1965 praedicat
1267 1879 1569 1964 angelus:
1616 1879 1723 1943 hic
1764 1880 1884 1943 erit
1919 1901 2195 1963 magnus
2216 1882 2257 1961 ⁵,
2292 1888 2359 1942 et
2382 1877 2548 1942 filius
2586 1877 2898 1941 Altissimi
2936 1897 3113 1939 voca-

638 1990 812 2056 bitur
837 1994 878 2055 ⁶.
969 1990 1187 2056 Docet
1231 1990 1450 2074 filium,
1502 2013 1699 2077 quem
1746 2000 2149 2077 conceptura
2192 2000 2259 2055 et
2302 1992 2591 2076 paritura
2638 1999 2798 2073 erat,
2846 1990 3113 2053 futurum

641 2126 784 2167 esse
830 2103 1158 2186 Messiam,
1203 2126 1429 2189 regem
1475 2103 1675 2186 illum,
1722 2103 1964 2167 Davidi
2010 2126 2095 2167 ex
2150 2105 2286 2167 eius
2348 2103 2593 2167 semine
2656 2122 3112 2177 successurum,

642 2214 793 2281 olim
837 2218 1224 2301 promissum
1255 2219 1296 2279 ⁷.
1389 2215 1556 2280 Cum
1602 2218 1788 2300 virgo
1837 2215 2052 2280 adhuc
2114 2216 2387 2279 attonita
2436 2216 2873 2301 interrogaret
2914 2212 3115 2277 verbis

639 2451 786 2511 gunt,
824 2452 1078 2511 tanquam
1115 2444 1493 2510 grandaevum,
1531 2461 1728 2509 senem,
1765 2445 2055 2511 simplicem
2092 2445 2514 2496 homuncionem.
2572 2446 2781 2506 Quibus
2816 2445 3113 2495 Tischen-

641 2533 798 2595 dors,
837 2534 903 2583 de
934 2533 1350 2599 Evangeliorum
1388 2533 1811 2599 apocryphorum
1850 2534 2049 2597 origine
2086 2538 2144 2595 et
2174 2548 2291 2583 usu.
2330 2533 2520 2597 Hagae
2546 2534 2694 2583 Com.
2737 2534 2887 2585 1851.
2922 2548 2972 2597 p.
3012 2534 3110 2581 105.

638 2621 824 2669 merito
859 2621 1103 2686 opponit:
1143 2618 1336 2683 „Quod
1373 2625 1434 2670 ut
1469 2626 1653 2685 aperte
1690 2624 1953 2685 repugnat
1988 2622 2275 2683 canonicis,
2302 2622 2377 2669 ita
2406 2635 2622 2685 prorsus
2659 2636 2781 2669 cum
2816 2618 3115 2684 apocryphis

640 2708 942 2757 convenit.“
993 2707 1208 2757 Senium
1244 2706 1466 2772 Josephi
1501 2712 1685 2756 natum
1718 2712 1799 2756 est
1823 2722 1887 2756 ex
1922 2706 2419 2757 Pseudo-Matthaei
2444 2734 2509 2743 ——
2534 2706 2567 2755 l.
2597 2707 2663 2755 de
2697 2707 2925 2756 infantia
2948 2704 3114 2755 Salva-

638 2793 767 2843 toris
793 2821 860 2831 —
884 2793 1184 2858 Evangelio
1221 2810 1264 2843 c.
1305 2796 1352 2844 8.
1373 2793 1455 2843 ed.
1494 2792 1947 2843 Tischendorf.
1986 2794 2130 2859 Lisp.
2174 2795 2323 2843 1853.
2362 2810 2413 2859 p.
2440 2796 2521 2843 66.
2550 2792 2631 2843 Cf.
2670 2799 2737 2843 et.
2775 2794 2828 2843 J.
2866 2790 3113 2849 Melani,

641 2879 706 2929 de
739 2880 981 2929 Historia
1003 2878 1054 2929 S.
1089 2878 1142 2929 S.
1167 2880 1452 2945 imaginum
1488 2880 1569 2929 ed.
1596 2880 1820 2945 Pagnot.
1848 2880 1982 2930 Lov.
2017 2882 2166 2930 1771.
2198 2881 2266 2943 11,
2293 2883 2374 2930 29.
2400 2898 2451 2947 p.
2479 2882 2560 2930 88.
2582 2896 2624 2929 s.
2644 2880 2741 2943 m,
2778 2882 2857 2929 12.
2880 2896 2930 2944 p.
2952 2880 3060 2928 269.
3080 2892 3113 2924 ει.

853 2976 888 3041 ¹)
939 2973 1311 3039 singularibus
1337 2990 1464 3025 sane
1490 2975 1687 3037 verbis,
1714 2976 1907 3040 quibus
1930 2991 2084 3025 nemo
2124 2983 2247 3025 ante
2282 2976 2556 3025 mortalem
2592 2974 2837 3025 salutans
2870 2975 3113 3024 hominem

640 3076 769 3111 usus
793 3061 984 3111 fuerat.
1035 3062 1174 3111 Tota
1207 3061 1386 3126 angeli
1419 3063 1590 3111 oratio
1625 3077 1753 3111 vero
1777 3062 1857 3111 ita
1879 3062 2163 3113 salutantis
2190 3068 2285 3126 est,
2310 3068 2373 3112 ut
2404 3061 2560 3111 simul
2584 3062 2835 3112 insolitae
2860 3062 3115 3111 salutatio-

641 3148 723 3197 nis
773 3146 1003 3199 addatur
1049 3150 1203 3198 ratiO.
1262 3148 1396 3198 Cum
1445 3149 1584 3197 enim
1627 3148 1876 3213 angelus:
1921 3163 2020 3198 ave
2062 3150 2235 3214 gratia
2275 3150 2460 3214 plena!
2487 3178 2553 3185 —
2578 3150 2698 3198 Non
2746 3149 2889 3198 dono
2929 3154 3115 3197 tantum

645 3233 842 3299 alique,
870 3234 964 3283 sed
999 3238 1054 3283 et
1097 3234 1496 3300 impunitate
1533 3248 1564 3283 a
1597 3233 1747 3283 labe
1792 3235 2139 3299 originali3
2174 3235 2313 3285 bene
2348 3236 2707 3286 enim'scribit
2738 3250 2781 3285 s.
2807 3235 3115 3291 Ambrosius

647 3336 828 3386 expos.
852 3322 908 3370 in
932 3320 1063 3371 Luc.
1089 3321 1158 3383 11,
1187 3324 1233 3371 9.
1263 3320 1342 3371 ed.
1395 3322 1524 3371 Ben.
1550 3320 1591 3383 1,
1621 3322 1771 3373 1284.
1799 3322 1951 3384 „sola
1976 3322 2149 3385 gratia
2170 3322 2333 3387 plena
2357 3322 2563 3385 dicitur,
2592 3336 2731 3388 quae
2757 3321 2876 3371 sola
2900 3322 3107 3386 gratiam

645 3422 804 3473 quam
829 3407 980 3457 nulla
1003 3407 1112 3457 alia
1133 3412 1416 3471 meruerat,
1453 3412 1746 3457 consecuta
1770 3414 1875 3471 est,
1912 3414 1972 3457 ut
1996 3410 2201 3473 gratiae
2226 3408 2520 3474 repleretur
2554 3410 2825 3458 auctore.“
2874 3408 2935 3457 V.
2972 3415 3035 3455 et.
3068 3404 3116 3453 C.

641 3494 948 3560 Passaglia‚
985 3492 1049 3544 de
1083 3494 1424 3544 immaculato
1458 3494 1729 3559 Deiparac
1772 3510 1981 3560 semper
2013 3496 2248 3560 Virginis
2283 3501 2563 3561 conceptu.
2621 3496 2840 3545 Romae.
2882 3496 3025 3545 1855.
3057 3491 3115 3552 11,

647 3583 796 3631 1024.
841 3596 951 3647 seq.
978 3610 1046 3617 —
1073 3580 1307 3643 dixisset,
1358 3580 1500 3646 quod
1542 3596 1769 3646 magnae
1818 3584 2031 3631 omnino
2074 3583 2153 3631 rei
2194 3582 2449 3631 indicium
2492 3588 2587 3645 est,
2630 3582 2810 3631 verbis
2852 3582 2955 3631 illis
2996 3594 3116 3645 quae

643 3667 847 3717 adiicit:
896 3667 944 3716 D
963 3668 1213 3717 ominus
1249 3672 1310 3716 te
1324 3667 1484 3716 euml
1535 3682 1753 3717 causam
1778 3670 2011 3733 exponit,
2062 3684 2157 3718 cur
2182 3682 2299 3718 eam
2326 3668 2680 3733 appellaverit
2704 3668 2878 3734 gratia
2906 3668 3114 3733 plenam,

643 3752 897 3819 illamque
921 3770 1079 3819 porro
1105 3754 1396 3820 praedicat,
1422 3753 1761 3803 benedictam
1784 3756 1839 3803 in
1863 3755 2199 3818 mulieribus3
2230 3756 2433 3819 gratiae
2459 3753 2791 3819 plenitudine
2817 3753 3117 3803 benedictis·

644 3842 844 3905 simam,
893 3856 1002 3890 non
1045 3842 1159 3890 sine
1201 3842 1368 3891 tacita
1408 3840 1659 3890 antithesi
1704 3842 1910 3891 Mariae
1959 3848 2012 3891 et
2051 3842 2221 3891 Evae.
2282 3842 2601 3904 „Contraria
2640 3841 2776 3890 haec
2818 3846 2923 3903 est,
2964 3839 3120 3903 inquit

644 3942 686 3979 s.
715 3926 1002 3993 Gregorius
1027 3928 1302 3991 Nyssenus
1326 3927 1383 3976 in
1408 3926 1548 3975 diem
1571 3930 1682 3976 nat.
1732 3927 1927 3977 Christi
1950 3946 2001 3993 p.
2032 3931 2147 3991 779,
2174 3929 2344 3977 oratio
2380 3929 2482 3977 illis
2508 3928 2734 3977 vocibus
2760 3927 2894 3977 Gen.
2922 3930 2967 3990 3,
3002 3938 3118 3991 quas

643 4015 814 4079 prima
845 4014 1036 4064 mulier
1066 4014 1323 4063 audivit.“
1375 4013 1452 4063 cf.
1479 4014 1618 4063 Hist.
1645 4014 1707 4063 R.
1734 4015 1799 4063 D.
1827 4016 1889 4064 V.
1918 4016 1978 4064 Τ.
2004 4032 2055 4081 p.
2084 4018 2166 4065 16.
2228 4015 2268 4078 2)
2315 4014 2607 4079 Obstupuit
2638 4015 2809 4079 virg0‚
2846 4030 2953 4063 non
2982 4010 3117 4061 intel-

643 4100 814 4166 ligens
849 4101 978 4165 quid
1009 4101 1112 4151 sibi
1145 4100 1310 4151 vellet
1342 4100 1436 4151 illa
1467 4100 1739 4163 salutatiO,
1765 4116 2029 4166 quaenam
2054 4107 2197 4151 esset
2227 4102 2322 4151 illa
2344 4103 2531 4167 gratia,
2568 4102 2637 4151 ob
2664 4116 2826 4166 quam
2856 4105 3121 4151 vocaretur

644 4185 1024 4256 κεχαριτωμένη.
1063 4184 1378 4256 ἐυλογημένη,
1415 4201 1577 4252 supra
1611 4203 1766 4237 omne
1803 4203 1971 4252 genus
2006 4187 2281 4237 muliebre.
2344 4188 2385 4250 ³)
2421 4187 2552 4236 Rem
2584 4189 2868 4236 maximam
2902 4188 3119 4235 dicturus

645 4277 963 4341 praemittit:
991 4276 1142 4325 ecce!
1171 4275 1306 4327 Luc.
1334 4278 1380 4337 1,
1406 4276 1490 4325 31.
1547 4272 1588 4339 ⁴)
1615 4274 1773 4325 Unde
1806 4275 1964 4324 simul
1986 4274 2327 4323 manifestum
2352 4274 2547 4336 evadit,
2574 4289 2670 4323 cur
2692 4274 2841 4323 illam
2865 4272 3121 4323 vocaverit

645 4361 984 4411 benedictam
1007 4362 1063 4411 in
1089 4362 1415 4411 mulieribus.
1461 4360 1500 4427 ⁵)
1525 4362 1632 4411 Res
1658 4361 1965 4426 praeclaras
1990 4368 2154 4426 geret.
2200 4360 2239 4427 6)
2264 4362 2397 4423 Erit,
2424 4361 2546 4412 coll.
2570 4362 2657 4411 Ps.
2686 4364 2734 4425 2,
2758 4364 2805 4411 7.
2830 4363 2989 4413 Hebr.
3020 4364 3061 4421 1,
3079 4361 3119 4407 5.

645 4449 774 4513 quia
796 4464 830 4498 a
852 4450 970 4499 Deo
996 4450 1206 4513 genitus
1232 4454 1314 4499 est
1338 4449 1406 4499 ab
1433 4452 1676 4511 aetern0‚
1702 4448 1965 4513 stupendo
1990 4449 2149 4514 plane
2175 4453 2229 4499 et
2252 4448 2599 4497 inenarrabili
2632 4449 2809 4500 modo.
2856 4450 2919 4499 V.
2942 4448 3119 4498 Joann.

649 4538 694 4598 1,
737 4538 815 4585 14.
853 4538 932 4586 18.
983 4538 1031 4597 5,
1069 4539 1150 4586 17.
1185 4538 1268 4586 26.
1315 4536 1359 4597 Ι,
1393 4538 1442 4598 4,
1479 4537 1527 4585 9.
1574 4536 1728 4585 Rom.
1762 4538 1810 4597 8,
1846 4538 1928 4585 32.
1980 4535 2100 4585 coll.
2126 4536 2321 4585 Joann.
2348 4538 2397 4598 5,
2425 4536 2505 4585 18.
2556 4534 2596 4601 ⁷)
2630 4536 2718 4588 Ps.
2746 4538 2865 4597 131,
2894 4539 2971 4585 11.
3008 4533 3119 4583 Isai.

647 4623 694 4684 9,
731 4623 776 4670 6.
817 4623 862 4671 7.
911 4622 1088 4671 Amos.
1126 4624 1174 4685 9,
1210 4626 1290 4672 11.
1339 4622 1536 4671 Jerem.
1564 4624 1648 4685 30,
1675 4624 1721 4672 9.
1774 4620 1966 4671 Ezech.
2004 4624 2086 4684 37,
2114 4624 2197 4673 24.
2248 4622 2389 4673 Sane
2422 4638 2531 4671 non
2564 4621 2891 4671 mundanum
2924 4617 3122 4686 aliquod
