3267 5259
1136 463 1417 513 Evangelium
1446 476 1483 505 s.
1503 464 1698 505 Joannis.
2542 450 2672 517 295

217 639 383 719 Queis
436 636 575 704 hoc'
624 638 749 704 sibi
808 638 1093 705 voluisse
1156 648 1295 703 tum
1351 638 1481 720 his,
1545 660 1696 702 cum
1753 640 1818 701 in
1875 648 2012 702 tota
2069 639 2518 702 commentarii
2572 641 2670 703 sui

218 751 535 837 evangelici
560 752 731 815 serie
750 754 771 795 ¹
794 752 1075 837 scriptor
1105 752 1415 833 insinuat3
1446 759 1529 814 ut
1552 751 1607 814 fi
1624 749 1796 813 dem
1819 750 2369 815 vivificantem
2393 750 2668 815 habea-

218 888 349 927 mus
384 866 457 928 in
496 863 771 929 Jesum
818 863 1213 929 Christum
1254 886 1524 927 verum
1568 863 1718 927 Dei
1763 862 2066 927 Filium.
2135 862 2366 949 Neque
2399 865 2572 928 enim
2601 866 2668 927 in

220 979 397 1042 omnia
426 976 567 1059 alia,
602 998 773 1062 quae
807 976 1002 1041 scribi
1035 976 1117 1041 de
1142 976 1185 1041 J
1190 998 1307 1040 esu
1326 978 1693 1061 potuissent
1715 998 1784 1040 se
1822 998 2172 1040 excurrere
2203 977 2516 1060 insinuat3
2550 977 2666 1041 sed

220 1114 280 1154 ea
303 1090 491 1155 solum
524 1088 766 1153 docere
797 1088 1101 1171 voluisse,
1151 1111 1235 1155 ex
1279 1088 1512 1174 quibus
1544 1088 1698 1153 fidei
1739 1086 1820 1152 de
1867 1088 2132 1153 Verbo
2183 1111 2363 1153 caro
2408 1088 2663 1173 facto,

220 1204 334 1267 Deo
358 1202 689 1267 Salvatore
714 1200 1049 1267 hominum
1072 1211 1405 1267 momenta
1430 1210 1858 1287 suppeterent
1886 1201 2143 1265 idonea.
2172 1200 2320 1281 Quo
2347 1203 2438 1265 sic
2463 1202 2660 1267 lecto-

218 1339 299 1379 res
322 1315 459 1380 fidei
492 1316 679 1379 huius
726 1325 993 1379 tenaces
1028 1313 1127 1378 Illi
1157 1314 1419 1377 Nomini
1462 1336 1541 1378 ac
1572 1314 1758 1378 titulo
1805 1314 2069 1397 addicti,
2118 1314 2199 1378 de
2234 1316 2368 1377 vita
2399 1323 2667 1379 aeterna

216 1430 315 1492 sint
363 1430 712 1492 certissimi.
802 1428 1063 1492 Revera
1122 1437 1581 1513 argumentum
1645 1429 1857 1514 quarti
1916 1426 2262 1512 Evangelii
2325 1427 2668 1512 diligenter

219 1564 535 1627 expensum
581 1540 667 1605 ad
712 1539 869 1604 bina
912 1543 1035 1604 ista
1088 1549 1421 1605 momenta
1475 1540 1725 1606 consilii
1779 1538 1950 1605 belle
2013 1540 2395 1625 collineat23
2452 1542 2664 1606 Oeco-

216 1656 397 1719 nomia
422 1676 577 1718 vero
604 1653 787 1718 Libri
820 1654 1027 1717 amice
1062 1655 1411 1739 conspirat.
1462 1653 1768 1740 Quinque
1806 1655 1976 1718 enim
2009 1653 2209 1719 habet
2229 1654 2664 1740 Evangelium

218 1766 453 1831 Joannis
510 1776 763 1853 partes,
822 1788 991 1852 quae
1048 1777 1227 1831 sunt:
1300 1791 1349 1829 α.
1408 1767 1910 1853 Praeparatoria
1929 1771 1972 1849 ³,
2038 1790 2169 1852 qua
2227 1767 2662 1855 descriptione

218 1880 421 1960 gloriae
474 1880 887 1945 Redemtoris
942 1881 1421 1965 insequentium
1478 1880 1914 1945 Historiarum
1978 1881 2316 1944 certamini
2377 1880 2662 1966 prolusio

216 1993 284 2055 fit.
350 1992 465 2073 Qui
512 1993 597 2057 ab
642 1995 824 2058 initio
872 2016 943 2057 se
990 1994 1415 2057 manifestans
1460 1994 1680 2057 Deum
1725 1993 2059 2076 revelavit,
2107 2003 2406 2076 testante,
2454 1995 2662 2079 inquit

214 2104 623 2191 Evangelista,
686 2105 945 2170 Joanne
1000 2106 1296 2191 Baptista
1355 2108 1589 2170 nostris
1649 2106 2052 2191 temporibus
2111 2129 2258 2170 cum
2314 2116 2665 2192 appareret

214 2219 351 2281 inter
388 2218 711 2301 homineS,
760 2241 1038 2304 quorum
1084 2219 1223 2305 ipsc
1271 2242 1438 2283 unus
1485 2228 1615 2301 cst,
1664 2217 1936 2303 gloriam
1982 2219 2128 2283 Filii
2173 2220 2301 2282 Dei
2350 2218 2658 2283 exhibuit.

210 2328 522 2396 Adduntur
564 2331 961 2396 reflexiones
1006 2330 1347 2417 generales
1396 2332 1477 2395 de
1526 2332 1690 2396 Jesu
1737 2332 1954 2396 divino
2005 2332 2344 2397 Salvatorc
2385 2334 2659 2418 ,eiusque

212 2465 395 2527 opere.
455 2444 603 2525 Quo
640 2448 848 2530 magis
881 2448 932 2521 β.
968 2446 1260 2511 Christus
1304 2445 1603 2510 omnibus
1632 2446 2043 2511 Palaestinae
2077 2446 2367 2531 partibus
2398 2446 2658 2532 publice

210 2554 443 2639 gloriam
487 2582 676 2623 suam
723 2559 1078 2643 revelaret3
1140 2584 1217 2623 eo
1264 2561 1475 2643 magis
1522 2582 1561 2623 a
1606 2558 1822 2623 multis
1869 2561 2276 2645 agnoscitur,
2324 2558 2406 2622 ab
2453 2561 2658 2623 incre-

210 2666 347 2733 dulis
398 2680 615 2737 autem
679 2672 828 2737 odio
891 2671 1199 2755 habetur,
1262 2672 1439 2758 quod
1499 2672 1764 2736 tandem
1829 2672 1914 2736 ad
1969 2695 2292 2736 smnmum
2351 2674 2660 2758 pertingit

210 2779 497 2867 fastigium
516 2788 561 2848 ⁴.
640 2810 697 2866 γ.
743 2785 893 2850 Jam
939 2808 1045 2848 res
1092 2786 1495 2868 decernitur,
1549 2785 1615 2848 in
1663 2785 1914 2849 Lazaro
1972 2784 2056 2849 ad
2101 2787 2300 2848 vitam
2347 2795 2656 2850 revocato

208 2891 393 2959 divina
436 2896 675 2961 Christi
719 2906 1011 2983 potestas
1056 2900 1146 2961 ita
1193 2899 1467 2980 eminet3
1515 2907 1588 2962 ut
1620 2897 1856 2961 Judaei
1905 2897 2082 2983 quod
2127 2898 2256 2961 iam
2303 2898 2548 2962 dudum
2593 2900 2659 2963 in

208 3016 391 3073 mente
432 3008 680 3075 habent
724 3020 1141 3097 peragerent.
1217 3010 1367 3073 Non
1414 3012 1629 3074 irritus
1677 3020 1897 3074 tamen
1943 3011 2105 3075 Jesu
2150 3013 2322 3074 inter
2363 3012 2658 3075 homines

207 3116 362 3183 labor
408 3122 661 3187 futurus
719 3132 893 3206 erat;
950 3131 1228 3187 ventura
1283 3122 1453 3205 dios,
1519 3145 1649 3209 qua
1703 3146 1836 3187 non
1893 3123 2100 3188 solum
2145 3123 2481 3187 Israelitae
2541 3124 2658 3188 sed

206 3234 367 3297 etiam
411 3234 668 3299 Ethnici
716 3246 1080 3319 agnoscent
1124 3234 1533 3300 Christum!5
1606 3238 1654 3298 δ.
1703 3236 1915 3321 Impia
1966 3236 2210 3301 malitia
2255 3239 2321 3299 in
2367 3239 2653 3321 ipsorum

204 3342 631 3432 discipulorum
671 3358 931 3411 coetum
978 3349 1275 3432 ingressa
1313 3358 1430 3430 est,
1477 3348 1593 3412 sed
1633 3349 2067 3413 divinissimus
2101 3348 2403 3413 Salvator
2441 3359 2655 3413 certus

204 3454 269 3519 de
302 3462 581 3543 victoria,
623 3460 1121 3524 inaestimabilia
1161 3462 1394 3524 summi
1428 3464 1666 3525 amoris
1708 3460 1976 3525 exhibet
2009 3462 2420 3526 documenta.
2483 3462 2655 3526 Indi-

200 3571 373 3635 visam
410 3574 535 3638 Dei
575 3574 791 3638 Patris
837 3584 902 3637 et
937 3572 1084 3638 Filii
1132 3574 1549 3639 commendat
1595 3576 2042 3660 operationem
2090 3585 2286 3661 atque
2325 3576 2655 3661 insepara-

201 3680 365 3749 bilem
402 3686 776 3751 Divinitatis
814 3688 1139 3769 unionem,
1181 3709 1377 3772 quam
1408 3698 1673 3773 praeter
1711 3687 1838 3751 alia
1874 3687 2080 3752 multa
2118 3691 2312 3753 ctiam
2351 3697 2654 3752 testatam

382 3948 415 4013 ¹)
450 3950 619 4010 Quasi
656 3950 823 4015 digito
859 3951 917 3998 in
948 3948 1053 4000 hoc
1086 3950 1365 4001 consilium
1403 3951 1623 4000 intente.
1687 3950 1728 4014 2)
1756 3952 1818 3999 L.
1845 3950 1904 3999 C.
1931 3952 1995 4000 E.
2023 3950 2304 4012 Luthardt,
2341 3950 2408 3999 de
2439 3965 2650 4015 compo·

204 4030 361 4083 sitione
394 4036 675 4101 Evangelii
716 4036 965 4087 Joannei.
1026 4037 1357 4103 Norimberg.
1398 4038 1548 4087 1862.
1586 4054 1635 4103 p.
1676 4041 1721 4086 1.
1757 4053 1798 4087 s.
1855 4036 1932 4085 Id.
1970 4036 2066 4087 das
2097 4036 2210 4101 joh.
2244 4037 2344 4085 Er.
2379 4052 2428 4084 n.
2477 4038 2652 4086 seiner

205 4116 743 4183 Eingenthflmliehkeit
778 4123 1031 4188 geschild.
1054 4140 1105 4173 u.
1128 4123 1258 4173 erkl.
1280 4124 1351 4173 ib.
1376 4126 1525 4174 1853.
1552 4124 1593 4186 Ι,
1616 4124 1733 4173 226.
1755 4140 1822 4187 s.;
1859 4125 1950 4188 qui
1987 4127 2164 4172 tamen
2191 4124 2326 4171 iuste
2344 4123 2652 4188 increpatur

206 4216 231 4249 a
258 4204 560 4272 PnLtieke,
600 4226 789 4259 comm.
828 4210 895 4259 de
932 4226 997 4260 eo
1033 4211 1177 4276 quod
1214 4212 1429 4260 nimium
1474 4212 1603 4261 artis
1641 4216 1742 4261 etc.
1781 4228 1832 4276 p.
1866 4212 1949 4259 22.
1988 4226 2052 4259 ex
2089 4209 2395 4260 leviusculis
2441 4215 2496 4257 et
2539 4209 2650 4259 fere

208 4290 337 4342 nullis
370 4298 599 4362 vestigiis
635 4296 917 4362 collegisse
954 4297 1024 4347 ad
1060 4297 1387 4363 symbolicae
1424 4296 1828 4363 significationis
1865 4310 2112 4346 numeros
2155 4297 2350 4345 factam
2390 4298 2649 4362 composi-

208 4376 381 4429 tionem.
432 4383 574 4432 Idem
609 4383 757 4433 valet
794 4384 859 4434 de
895 4384 1078 4434 libello
1102 4385 1165 4434 A.
1195 4384 1256 4434 G.
1283 4385 1633 4447 Hoelemann,
1673 4384 1740 4434 de
1766 4386 1863 4433 Ev.
1890 4383 2090 4434 Joanni
2125 4384 2361 4445 introitu,
2399 4385 2646 4435 introitus

211 4459 439 4519 Geneseos
460 4471 767 4534 augustiore
793 4470 987 4535 effigie.
1036 4472 1183 4537 Lips.
1214 4474 1382 4533 1855„
1420 4473 1476 4521 in
1504 4488 1610 4538 quo
1636 4486 1914 4538 perperam
1938 4471 2162 4521 sumitur
2187 4486 2228 4519 s.
2248 4470 2450 4520 Joanni
2473 4470 2648 4536 prolo-

212 4562 307 4609 gum
340 4554 605 4622 Evangelii
640 4558 993 4623 concipienti,
1040 4558 1313 4609 Geneseos
1359 4560 1633 4609 exordium
1673 4559 2014 4609 obversatum
2051 4572 2184 4607 esse.
2259 4557 2301 4622 ³)
2353 4557 2413 4609 C.
2451 4558 2644 4607 1—111.

213 4634 245 4695 ⁸)
276 4636 327 4687 C.
354 4640 551 4694 Iv-X,
622 4642 665 4709 ⁵)
706 4644 765 4694 C.
800 4644 893 4693 xl.
930 4650 985 4694 et
1015 4646 1137 4695 XII.
