3267 5259
598 406 722 473 150
1262 418 1379 459 mat.
1404 418 1509 461 nov.
1536 417 1625 459 «nv.
1657 417 1710 459 s.
1739 416 1790 459 r.
1821 415 1988 459 Portos.
2017 416 2052 458 1.
2082 427 2176 469 ap.
2205 416 2406 459 namn.

596 593 679 658 ad
712 614 972 657 omnem
1005 591 1465 657 contumeliam
1498 590 1627 657 filio
1663 612 1781 656 suo
1815 589 2060 655 illatam
2103 590 2387 674 siluerat,
2435 613 2556 676 per
2585 589 2744 655 solis
2777 588 3060 654 obscura-

596 708 841 770 tionem
864 728 951 769 ex
973 714 1233 769 tacente
1268 705 1479 771 factus
1512 713 1656 769 erat
1682 703 1978 788 loquens.
2011 702 2310 767 Tandem
2329 703 2618 769 Christus
2640 703 2916 790 plurium
2937 704 3063 765 fere

594 818 903 883 horarum
980 817 1304 882 silentium
1377 818 1625 901 ingenti
1701 815 1986 881 clamore
2059 818 2237 902 rupit
2279 818 2709 901 ingeminans,
2779 814 2908 897 Eli,
2953 814 3063 893 Eli,

604 928 1260 1013 lammasabacthani,
1326 928 1386 993 h.
1458 952 1513 994 e.
1561 928 1748 993 Deus
1792 950 2005 1011 meus,
2064 928 2250 993 Deus
2293 951 2506 1009 meus,
2585 940 2658 993 ut
2702 926 2858 1013 quid
2899 927 3067 990 dere-

602 1042 845 1129 liquisti
890 1042 1065 1105 me!¹
1138 1040 1421 1120 Quidam
1466 1064 1623 1105 vero
1673 1064 1758 1105 ex
1829 1042 1926 1123 iis,
1989 1044 2100 1127 qui
2159 1041 2452 1122 aderant,
2495 1062 2622 1105 nec
2667 1042 2822 1105 satis
2877 1050 3064 1103 atten-

597 1156 861 1236 derant,
926 1178 1058 1220 non
1102 1154 1321 1218 Deum
1368 1153 1486 1217 sed
1530 1153 1743 1217 Eliam
1787 1153 2215 1239 prophetam2
2275 1152 2359 1217 ab
2421 1176 2499 1219 eo
2545 1162 2854 1217 vocatum
2899 1167 3064 1237 puta-

595 1278 765 1333 runt.
844 1268 1037 1332 Unde
1097 1266 1405 1331 dixerunt
1462 1268 1672 1349 ,sinite
1717 1266 2088 1349 videamus,
2152 1290 2236 1331 an
2297 1268 2518 1331 veniat
2575 1265 2756 1329 Elias
2800 1265 3068 1330 liberans

600 1382 790 1445 eum‘.
871 1380 950 1443 In
994 1380 1118 1445 hac
1165 1381 1475 1444 commoti
1520 1380 1718 1443 animi
1774 1378 2180 1462 conditione,
2244 1402 2374 1466 qua
2433 1378 2725 1443 divinum
2787 1378 3066 1443 solatium

598 1502 665 1557 et
728 1490 1001 1556 salutem
1057 1502 1345 1557 nostram
1408 1491 1858 1556 ardentissime
1917 1492 2096 1555 sitiit:
2119 1496 2144 1534 ³
2205 1494 2418 1556 sciens
2471 1491 2698 1573 Jesus,
2761 1490 3068 1576 completa

602 1606 849 1685 omnia,
921 1626 1087 1689 quae
1150 1606 1215 1667 in
1280 1603 1497 1669 divino
1547 1626 1663 1667 suo
1727 1603 1996 1669 consilio
2059 1603 2448 1669 decreverat
2499 1604 2699 1668 Pater
2757 1604 2878 1689 ipsi
2933 1612 3069 1665 ante

598 1728 875 1782 mortem
922 1727 987 1780 et
1031 1716 1291 1801 agenda
1336 1726 1402 1781 et
1446 1715 1862 1799 toleranda,⁴
1929 1718 2102 1781 sitire
2167 1738 2238 1781 se
2301 1716 2634 1803 professus
2695 1724 2820 1798 est,
2891 1736 3069 1799 quem

597 1838 826 1916 potum
870 1828 1227 1915 praebituri
1274 1829 1490 1893 forent
1532 1828 1946 1915 praevidens.
2015 1829 2308 1894 Positum
2371 1831 2542 1893 enim
2603 1828 2726 1893 fuit
2783 1826 2910 1891 illic
2965 1848 3070 1889 vas

598 1952 787 2006 aceto
853 1940 1119 2028 plenum
1130 1945 1189 2025 ,⁵
1263 1964 1391 2027 quo
1462 1943 1806 2027 spongiam
1871 1941 2145 2006 militum
2212 1941 2442 2027 aliquis
2507 1940 2769 2023 imbuit,
2845 1938 3068 2004 deinde

598 2155 725 2205 solis
762 2154 1045 2204 laborante
1080 2153 1193 2204 sole
1228 2153 1481 2215 iustitiae,
1519 2154 1574 2202 in
1610 2152 1770 2203 Thes.
1806 2170 1856 2203 n.
1891 2170 1944 2219 p.
1983 2154 2100 2203 364.
2137 2168 2179 2203 s.
2219 2153 2458 2215 Posneri,
2506 2153 2572 2203 de
2619 2152 2976 2219 singularibus
3011 2166 3068 2199 ac

598 2240 853 2291 mirandis
893 2240 1211 2305 quibusdam
1246 2254 1385 2306 quae
1422 2244 1590 2289 morte
1624 2239 1824 2290 Christi
1860 2240 1915 2288 in
1953 2244 2146 2289 natura
2181 2240 2504 2301 aeciderunt,
2542 2244 2720 2289 utrum
2755 2244 2950 2289 natura
2969 2238 3072 2287 fue·

600 2329 737 2377 rint?
774 2328 845 2377 ib.
883 2344 934 2393 p.
962 2328 1079 2377 369.
1106 2343 1148 2377 s.
1190 2326 1311 2375 Hoc
1346 2340 1477 2377 sane
1514 2326 1760 2391 prodigio
1785 2326 1937 2388 Jesu,
1963 2342 2084 2375 eum
2108 2327 2164 2376 in
2201 2342 2360 2375 cruce
2397 2326 2656 2391 penderet
2685 2326 2862 2375 adhue
2885 2326 3070 2383 vivens,

598 2413 769 2479 gloria
804 2414 1179 2479 Divinitasque
1218 2418 1423 2463 asserta
1458 2416 1555 2463 est.

812 2500 848 2563 ¹)
887 2498 986 2548 Ad.
1013 2517 1063 2565 q.
1089 2516 1139 2549 v.
1164 2498 1227 2549 A.
1251 2498 1501 2561 Pfeifl'eri,
1540 2500 1842 2565 Quinquag.
1869 2498 1973 2549 loc.
1999 2504 2138 2549 exot.
2164 2504 2217 2549 et
2243 2498 2440 2549 ebraic.
2474 2500 2538 2549 N.
2565 2500 2628 2549 Τ.
2665 2516 2720 2564 p.
2745 2502 2846 2549 909
2871 2516 2914 2549 s.
2959 2500 3072 2549 Ani·

598 2602 713 2637 mus
750 2603 859 2637 non
896 2593 977 2635 est
1012 2587 1189 2637 varias
1226 2584 1313 2635 hic
1350 2600 1631 2637 recensere
1669 2587 2164 2651 interpretationes,
2213 2585 2308 2635 sed
2353 2586 2664 2651 simpliciter
2712 2587 3072 2637 acerbissimae

600 2674 757 2724 huius
794 2673 1045 2739 querelae
1082 2688 1296 2723 sensum
1334 2678 1495 2738 atque
1530 2674 1742 2723 animae
1780 2673 1974 2723 Christi
2013 2688 2132 2721 cum
2157 2673 2382 2723 eandem
2409 2672 2704 2723 effunderet
2729 2673 3072 2723 conditionem

596 2762 936 2825 investigare.
987 2760 1393 2810 Observandum
1440 2764 1521 2809 est
1568 2760 1706 2809 haec
1743 2760 1910 2809 verba
1958 2759 2203 2809 desumta
2239 2775 2356 2811 esse
2393 2776 2458 2809 ex
2495 2760 2582 2809 Ps.
2609 2762 2694 2821 22,
2721 2762 2770 2809 2.
2797 2766 2834 2809 t.
2859 2776 2910 2809 o.
2945 2758 3072 2807 unde

598 2847 759 2897 etiam
794 2846 989 2897 Judaei
1028 2847 1189 2912 paulo
1229 2850 1351 2896 ante
1386 2846 1521 2897 Jesu
1557 2846 1854 2897 illuserant.
1903 2847 2208 2911 Tantopere
2248 2846 2490 2895 Christus
2527 2850 2645 2895 erat
2681 2846 2982 2904 derelictus,
3023 2852 3072 2893 ut

598 2933 805 2983 nullum
839 2934 895 2983 in
933 2948 1054 2983 eum
1090 2933 1337 2983 solatium
1374 2960 1441 2969 --
1478 2934 1619 2983 sicut
1655 2934 1712 2981 in
1749 2937 2006 2997 martyres
2045 2960 2110 2969 --
2149 2932 2510 2982 descenderet.
2551 2932 2808 2998 Repetite.
2829 2933 2932 2981 Dei
2956 2932 3072 2981 allo·

600 3021 743 3070 cutio
782 3019 1029 3070 affectum
1066 3017 1265 3069 doloris
1302 3024 1355 3068 et
1390 3019 1642 3069 desiderii
1679 3018 1908 3069 exhibet.
1967 3018 2080 3080 „Mi
2119 3019 2336 3069 Deus“
2377 3020 2625 3084 exprimit
2657 3018 2840 3083 fidem3
2881 3034 3071 3084 quare

606 3122 701 3155 me
739 3106 1042 3167 deseris,
1082 3110 1210 3155 nota
1246 3110 1327 3154 est
1362 3105 1622 3170 profunde
1660 3105 2030 3171 supplicantis.
2087 3104 2232 3155 Nihil
2269 3106 2409 3155 enim
2435 3106 2610 3170 potuit
2633 3104 2832 3155 Christi
2857 3107 3070 3155 animam

600 3193 845 3244 acerbius
882 3192 1140 3257 affligere,
1198 3207 1357 3257 quam
1403 3193 1487 3241 vel
1532 3208 1642 3243 uno
1680 3196 1946 3243 momento
1991 3193 2168 3243 Patris
2205 3192 2308 3243 sibi
2343 3194 2558 3258 propitii
2597 3208 2760 3243 sensu
2797 3208 2994 3253 carere,
3029 3198 3074 3241 et

600 3282 697 3332 sub
735 3282 1140 3345 ingravescente
1186 3284 1529 3343 peecatorum
1576 3285 1631 3329 et
1677 3279 1890 3329 divinae
1937 3281 2050 3329 irae
2087 3294 2248 3329 onere
2287 3279 2552 3330 desertum
2591 3280 2695 3329 sibi
2731 3280 2918 3331 videri.
2973 3280 3072 3340 „Ne

600 3368 819 3428 mireris,
858 3368 934 3416 ait
968 3384 1009 3417 s.
1036 3367 1397 3431 Hieronymus
1436 3366 1635 3417 Comm.
1662 3368 1718 3415 in
1743 3366 1931 3417 Matth.
1968 3366 2004 3417 1.
2039 3367 2132 3415 IV.
2169 3368 2226 3417 iu
2263 3383 2309 3417 c.
2351 3369 2433 3429 27,
2459 3369 2561 3429 47„
2600 3367 2885 3417 verborum
2923 3367 3072 3415 humi-

601 3454 801 3505 litatem
839 3460 893 3503 et
929 3455 1289 3519 querimonias
1326 3453 1593 3513 derelicti,
1646 3469 1808 3518 quum
1859 3453 2080 3503 formam
2118 3454 2258 3503 servi
2307 3455 2508 3515 sciens,
2560 3453 2874 3504 scandalum
2920 3454 3074 3503 erucis

600 3540 836 3590 videas“.
874 3558 925 3606 p.
952 3542 1069 3590 236.
1105 3540 1191 3590 Ita
1227 3546 1401 3589 tamen
1439 3541 1617 3590 animo
1656 3546 1710 3589 et
1745 3556 1964 3605 corpore
2003 3540 2250 3601 afflictus,
2289 3542 2500 3590 minime
2537 3544 2716 3591 tamen
2751 3540 2996 3591 dubitans
3017 3540 3074 3588 de

600 3628 781 3678 divino
828 3627 1025 3677 auxilio
1072 3626 1166 3678 sed
1222 3628 1601 3692 ingemiscens,
1660 3642 1918 3677 exsuceus
1965 3627 2092 3677 licet
2140 3634 2194 3677 et
2237 3632 2379 3678 testa
2423 3628 2624 3678 aridior
2669 3642 2706 3677 a
2753 3627 2948 3677 fiducia
2981 3643 3075 3677 nou

602 3714 831 3775 remisit3
870 3719 924 3763 et
960 3720 1206 3764 extensas
1244 3713 1312 3763 ad
1338 3714 1547 3764 Patrem
1586 3728 1790 3775 manus,
1831 3729 2056 3779 quarum
2101 3714 2320 3764 vincula
2365 3714 2524 3765 facile
2571 3730 2820 3780 rumpere
2865 3720 3074 3781 poterat,

602 3802 845 3851 immotas
900 3806 980 3851 tot
1032 3801 1176 3851 horis
1229 3818 1401 3867 usque
1456 3801 1525 3851 ad
1568 3806 1982 3851 consummatae
2037 3803 2292 3851 victoriae
2352 3802 2633 3851 terminum
2697 3803 2947 3851 servavit.
3005 3800 3074 3848 Cf.

600 3888 809 3953 Agellii,
851 3888 1055 3939 Comm.
1082 3889 1137 3937 in
1163 3888 1251 3937 Ρη.
1287 3905 1339 3954 p.
1366 3890 1449 3937 91.
1474 3905 1515 3939 s.
1542 3888 1684 3937 Hist.
1710 3888 1772 3938 R.
1798 3889 1867 3938 D.
1892 3890 1956 3939 V.
1982 3889 2044 3937 T.
2080 3905 2130 3953 p.
2159 3890 2276 3939 284.
2303 3904 2345 3939 s.
2395 3888 2437 3952 ²)
2473 3888 2618 3950 Quia
2653 3889 2821 3938 verba
2855 3890 3074 3953 proxime

602 3976 867 4025 accedunt
909 3975 978 4024 ad
1022 3975 1179 4025 Eliae
1226 3990 1444 4036 nomen,
1502 3977 1656 4025 cuius
1704 3975 1920 4026 celsitas
1967 3982 2019 4024 et
2063 3980 2254 4025 sancta
2289 3974 2555 4039 quaedam
2597 3976 2762 4023 virtus
2797 3976 2938 4025 inter
2969 3990 3074 4039 pro·

602 4063 789 4126 phetas
826 4062 1102 4127 insigniter
1136 4061 1317 4111 eluxit.
1380 4061 1421 4125 ³)
1459 4063 1583 4113 Fuit
1621 4064 1760 4111 enim
1799 4062 1932 4111 haec
1969 4061 2262 4127 corporalis
2301 4062 2442 4122 sitis,
2483 4068 2856 4125 argumentum
2892 4066 2944 4111 ct
2977 4077 3069 4111 em-

602 4148 777 4199 blema
800 4150 917 4199 sitis
942 4148 1249 4213 spiritualis,
1278 4154 1337 4197 ut
1361 4149 1614 4198 observat
1636 4150 1868 4213 scriptor
1894 4162 2190 4212 anonymus
2215 4148 2352 4213 pius,
2389 4164 2490 4197 nec
2513 4148 2782 4210 indoctus,
2807 4164 2908 4199 nec
2929 4148 3075 4197 inele-

602 4251 735 4300 gans
774 4236 939 4297 „Vitis
977 4236 1283 4299 mysticae“,
1322 4251 1417 4285 seu
1454 4240 1716 4285 tractatus
1742 4236 1808 4285 dc
1835 4236 2084 4300 passione
2111 4236 2328 4285 Domini
2351 4250 2398 4285 c.
2425 4235 2574 4285 XIII.
2600 4236 2740 4285 inter
2767 4234 2870 4301 Op.
2895 4251 2935 4283 s.
2961 4234 3076 4283 Ber-

602 4322 771 4373 nardi.
798 4322 881 4371 ed.
905 4322 1035 4371 Ben.
1074 4323 1193 4372 Par.
1223 4325 1373 4372 1719.
1412 4323 1473 4384 V,
1500 4324 1619 4373 458.
1683 4324 1725 4382 ⁴)
1769 4322 1839 4373 Ut
1873 4320 2183 4386 impleretur
2221 4322 2512 4386 Scriptura,
2553 4338 2692 4387 quae
2719 4322 2865 4387 apud
2889 4322 3076 4385 regium

602 4410 791 4457 Vatem
828 4414 909 4458 est
946 4410 1032 4459 Ps.
1060 4411 1141 4471 68,
1170 4411 1251 4458 22.
1316 4410 1357 4471 ⁵)
1396 4409 1529 4457 Erat
1566 4416 1776 4459 acetum
1815 4408 2039 4458 dilutum
2075 4413 2234 4473 potus
2259 4408 2520 4469 militarie,
2547 4408 2722 4459 dietus
2751 4412 3004 4473 ,ροσε-,εὴ
3049 4420 3078 4453 a

602 4493 855 4559 potando,
892 4500 953 4543 ut
988 4509 1114 4543 esca
1151 4496 1217 4544 ab
1257 4495 1481 4555 edendo,
1510 4501 1672 4559 atque
1697 4494 1954 4543 militibus
1979 4494 2234 4544 Romanis
2271 4495 2530 4556 inserviit,
2567 4497 2656 4559 qui
2695 4494 2880 4543 Jesum
2911 4493 3076 4543 obser-

602 4580 808 4629 vabant
844 4586 897 4629 et
932 4580 1183 4631 latrones.
