3267 5259
550 428 704 480 XLII
1375 443 1618 497 Apparatus
1648 443 1867 484 Histoi-ico
1886 467 1935 472 —
1954 443 2013 485 ch
2020 443 2206 486 ποιήσω.

550 625 830 684 scribitur
859 626 1191 700 baptizatus
1215 622 1634 702 τριακονταέτης
1661 622 1697 682 ¹.
1754 625 1814 681 S.
1846 625 1881 682 J
1892 642 1973 682 oa
1988 645 2155 682 unes
2196 624 2755 703 chrysostomus
2785 645 3051 706 quoque:

551 729 698 788 dicit
747 726 912 806 ,μετὰ
957 727 1246 806 τριάκοντα
1307 725 1422 800 ἔτη(
1483 730 1554 786 ad
1617 730 1975 806 baptismum
2033 733 2262 789 venisse
2318 731 2517 788 Jesum
2537 727 2580 790 ².
2652 731 2846 791 Divus
2906 751 3055 790 vero

552 830 1083 911 Hieronymus3
1121 834 1208 891 ait
1255 832 1546 904 ,Salvator
1589 835 1841 908 triginta
1886 853 2069 892 annos
2114 841 2287 894 natus
2330 839 2501 894 venit
2540 837 2611 893 ad
2642 836 3053 912 baptismum!

551 939 818 998 Similem
869 939 1106 997 modum
1151 938 1424 1016 loquendi
1475 944 1723 1022 usurpat
1766 960 1812 997 s.
1847 941 2307 1013 Augustinus
2326 938 2379 1012 ⁴,
2430 959 2582 1010 ‚cum
2625 941 2743 999 iam
2798 943 3055 1016 triginta

551 1049 700 1102 esset
743 1063 1062 1114 annorum,
1111 1044 1238 1102 eius
1282 1045 1440 1102 enim
1487 1047 1699 1102 aetatis
1743 1063 1778 1100 a
1824 1043 2049 1102 Joanne
2096 1046 2431 1120 baptizatus
2474 1049 2605 1103 est.‘
2658 1045 2825 1104 Idem
2864 1046 3051 1105 sentit

551 1149 993 1227 Euthymius
1023 1149 1350 1222 Zigabenus
1373 1147 1415 1207 ⁵.
1473 1148 1808 1206 subscribit
1836 1149 1929 1205 his
1958 1149 2191 1207 demum
2222 1171 2265 1206 s.
2299 1149 2489 1206 Bern
2504 1149 2719 1208 ardus
2758 1150 3051 1210 claraval-

551 1253 747 1326 lensis,
792 1253 1114 1311 mellifluus
1145 1253 1436 1311 Ecclesiae
1467 1255 1684 1324 doctor,
1729 1254 1833 1331 qui
1854 1251 1879 1290 ⁰
1916 1253 2205 1312 advertit:
2268 1253 2436 1324 ‚Cum
2467 1254 2719 1328 triginta
2755 1273 3051 1313 annorum

552 1362 780 1434 tempus
809 1359 1096 1432 exegisset
1124 1358 1190 1415 in
1221 1377 1413 1432 carne,
1449 1358 1550 1436 qni
1583 1358 1899 1415 secundum
1928 1358 2305 1418 divinitatem
2336 1359 2489 1417 idem
2520 1361 2644 1434 ipse
2672 1365 2776 1430 est,
2812 1366 2874 1418 et
2894 1360 3037 1418 anni

551 1463 676 1520 eius
705 1481 825 1520 non
871 1462 1170 1534 deficiunt,
1223 1465 1380 1522 inter
1410 1462 1717 1538 populares
1748 1464 1951 1520 turbas
1992 1464 2063 1520 ad
2095 1462 2455 1538 baptismum
2482 1463 2519 1520 J
2522 1464 2730 1522 oannis
2759 1465 3049 1524 advenit!

551 1567 760 1625 Paucis
811 1568 998 1642 igitur
1047 1567 1398 1626 sententiam
1457 1573 1718 1625 nostram
1777 1569 1863 1626 ita
1914 1565 2401 1643 complectamur:
2466 1567 2503 1624 J
2518 1587 2592 1625 es
2611 1587 2726 1626 um
2744 1614 2758 1639 ,
2822 1588 2861 1647 q
2878 1589 3051 1628 uem

550 1671 806 1745 vulgus
855 1690 980 1747 pro
1021 1671 1320 1748 Josephi
1365 1670 1531 1729 filio
1562 1672 1932 1742 habuerit,
1984 1690 2205 1730 annos
2248 1671 2400 1730 fere
2430 1672 2751 1746 triginta
2794 1679 3051 1732 natum

551 1776 584 1833 d
603 1777 847 1834 ocendi
899 1794 1145 1834 munus
1195 1777 1578 1852 auspicata
1597 1795 1655 1832 m
1702 1794 1863 1832 esse
1888 1772 1927 1834 ⁷.

759 1884 845 1936 31.
902 1881 1200 1945 Quaeritur
1232 1889 1494 1952 quantum
1539 1882 1683 1936 inter
1727 1881 1940 1934 initium
1971 1881 2411 1950 praedicationis
2446 1881 2697 1952 Joanm's,
2746 1889 2797 1934 et
2844 1884 3050 1954 baptis·

551 2005 692 2040 mum
755 1985 958 2040 Christi
1011 1993 1221 2056 tempus
1272 1987 1641 2042 intercesserit
1664 1985 1689 2038 ἒ
1762 1984 1825 2042 Si
1878 1993 1947 2042 ut
2004 1985 2267 2042 diximus
2316 1985 2569 2044 Joannes
2619 1987 2687 2044 B.
2741 1988 3051 2062 baptizare

552 2091 744 2166 coepit
771 2108 925 2148 anno
954 2092 1191 2166 imperii
1221 2089 1521 2150 Tiberiani
1552 2089 2018 2168 decimoquint03
2051 2092 2093 2148 i.
2128 2109 2177 2147 e.
2216 2094 2315 2148 25.
2350 2109 2405 2166 p.
2440 2089 2537 2160 C.;
2573 2095 2653 2150 30
2686 2110 2803 2150 aer.
2838 2091 3049 2161 Dion.;

551 2213 627 2254 ex
671 2194 812 2252 hinc
857 2199 1052 2254 tamen
1102 2215 1218 2254 nou
1265 2196 1561 2274 sequitur:
1609 2196 1807 2252 eodem
1855 2213 2010 2252 anno
2059 2194 2291 2254 labente
2336 2194 2638 2253 Christum
2685 2197 2749 2253 iu
2788 2196 2823 2253 J
2828 2197 3051 2254 ordane

551 2299 715 2358 ablui
739 2298 1007 2358 voluisse.
1041 2299 1338 2358 Christum
1363 2300 1731 2376 baptizatum
1755 2318 1875 2357 esse
1906 2303 2017 2372 oqt
2032 2317 2165 2359 avo
2196 2299 2367 2358 Idus
2396 2298 2433 2356 J
2443 2319 2479 2358 a
2492 2300 2733 2358 nuarii
2750 2346 2764 2371 ‚
2799 2302 3053 2378 antiqua

551 2409 610 2463 et
633 2409 901 2463 constans
923 2411 1012 2464 est
1032 2426 1077 2462 s.
1097 2427 1141 2462 s.
1160 2405 1405 2463 Patrum
1423 2402 1448 2443 ⁸
1477 2423 1544 2463 ac
1565 2406 1818 2484 denique
1848 2403 2385 2482 plerorumque,
2416 2406 2569 2483 quod
2592 2405 2859 2476 sciamus,
2887 2404 3045 2464 Scri-

552 2515 786 2587 ptorum
809 2510 1347 2568 Ecclesiasticorum
1369 2507 1394 2548 ⁹
1421 2511 1743 2579 sententia3
1778 2510 1955 2588 idque
1978 2509 2240 2583 agnoscit
2265 2514 2326 2568 et
2348 2509 2509 2568 canit
2530 2509 2791 2568 Ecclesia
2819 2529 2889 2568 ea
2918 2513 3048 2586 ipsa

550 2613 672 2686 die;
717 2633 865 2694 quae
895 2617 968 2675 ob
997 2616 1070 2696 id·
1099 2615 1356 2674 maxime
1395 2635 1431 2673 a
1468 2616 1678 2691 priscis
1720 2609 2071 2690 ,Θεοφάνεκιιι
2112 2614 2269 2671 dicta
2298 2619 2412 2672 est:
2452 2615 2607 2692 quod
2648 2614 2714 2672 in
2754 2617 3045 2690 baptismo

551 2719 774 2778 Christi
811 2721 998 2796 speeie
1037 2721 1288 2798 quadam
1329 2719 1595 2778 sensibili
1636 2720 1999 2778 sanctissima
2040 2717 2303 2776 Trinitas
2356 2721 2717 2777 innotescere
2761 2717 3040 2777 voluerit.

553 2820 871 2901 Ἐπιφάνεια
899 2843 1038 2884 vero
1068 2825 1197 2882 ideo
1228 2825 1390 2903 ,quia
1409 2825 1581 2882 hodie
1605 2823 1895 2881 Dominus
1926 2828 2120 2881 noster
2150 2828 2209 2882 et
2238 2823 2509 2882 Salvator
2534 2825 2811 2900 apparuit
2838 2841 3039 2882 secun-

551 2929 692 2986 dum
723 2947 957 2987 carnem
989 2930 1052 2987 in
1086 2933 1276 2988 terris.
1320 2929 1486 2988 Licet
1507 2931 1667 2987 enim
1694 2928 1836 2986 olim
1866 2935 2039 2986 natus
2070 2932 2218 2986 esset
2247 2948 2319 2985 ex
2345 2929 2537 2986 Maria
2566 2933 2625 2986 et
2656 2928 2908 3004 triginta
2936 2949 3037 2986 au-

551 3052 763 3092 norum
793 3034 1081 3111 explesset
1111 3039 1376 3106 aetatem,
1413 3043 1607 3093 tamen
1633 3035 2017 3108 ignorabatur
2046 3053 2082 3091 a
2112 3035 2347 3092 mundo,
2381 3034 2466 3091 Eo
2491 3039 2751 3109 tempore
2774 3035 3039 3108 cognitus

550 3143 638 3196 est
655 3184 669 3206 ,
725 3158 839 3218 quo
877 3141 950 3198 ad
987 3140 1271 3198 Joannem
1317 3140 1645 3215 Baptistam
1696 3144 1766 3198 ut
1815 3140 1879 3196 in
1922 3137 1959 3194 J
1960 3138 2175 3196 ordane
2230 3140 2631 3214 baptizaretur
2684 3139 2931 3198 advenit
2950 3135 3037 3197 ¹⁰.‘

554 3279 710 3284 ——-..-.
836 3279 963 3286 -.-—-

763 3330 802 3394 ¹)
841 3328 988 3380 Orat.
1014 3329 1129 3393 XL,
1156 3331 1238 3378 29.
1278 3329 1358 3378 ed.
1386 3329 1518 3379 Beu.
1553 3327 1612 3377 C.
1643 3327 1899 3378 Clement.
1938 3327 2059 3376 Par.
2089 3328 2239 3378 1778.
2278 3327 2321 3388 1,
2351 3329 2467 3377 714.
2542 3326 2585 3391 ²)
2622 3327 2781 3376 Hom.
2807 3328 2873 3389 X,
2904 3332 2950 3378 1.
2990 3331 3047 3379 in

551 3417 737 3468 Matth.
775 3416 875 3483 Op.
915 3417 995 3468 cd.
1023 3416 1368 3468 Montfaucon
1406 3417 1572 3466 Paris.
1604 3416 1753 3466 1727.
1790 3413 1910 3476 VII,
1939 3415 2055 3464 139.
2130 3413 2171 3478 ³)
2210 3413 2272 3464 In
2310 3413 2507 3464 Ezech.
2544 3413 2586 3476 1,
2618 3417 2666 3464 1.
2704 3415 2788 3464 ed.
2816 3414 3045 3467 Vanam.

550 3506 614 3567 V,
652 3507 701 3555 3.
774 3505 816 3570 ⁴)
863 3505 948 3554 Dc
985 3505 1170 3555 Trinit.
1207 3503 1322 3566 XV,
1360 3505 1444 3554 46.
1481 3501 1640 3564 VIII,
1678 3503 1796 3552 999.
1872 3501 1913 3567 ⁵)
1950 3500 2243 3551 Comment.
2281 3503 2337 3551 in
2372 3501 2463 3550 IV.
2501 3501 2709 3566 Evang.
2748 3501 2817 3551 ad
2854 3500 3047 3553 Matth.

551 3596 600 3655 3,
648 3594 694 3643 1.
741 3593 822 3642 ed.
860 3591 1135 3642 Matthaei.
1172 3591 1321 3657 Lips.
1362 3591 1513 3641 1792.
1561 3589 1606 3651 Ῑ,
1646 3590 1729 3640 86.
1804 3587 1845 3655 ⁶)
1884 3585 2048 3638 Scrm.
2086 3588 2129 3650 1,
2171 3589 2218 3638 7.
2266 3590 2321 3638 in
2364 3587 2673 3654 Epiphania
2706 3587 2925 3639 Domini
2964 3583 3047 3640 ed.

550 3679 672 3730 Par.
701 3680 850 3730 1667.
878 3678 948 3729 11.
975 3693 1025 3730 a.
1053 3681 1168 3729 153.
1209 3678 1250 3742 ⁷)
1275 3678 1448 3740 Quam
1484 3679 1540 3727 in
1576 3692 1689 3727 rem
1714 3690 1931 3742 prorsus
1969 3675 2309 3726 accommode
2347 3675 2595 3726 laudatur
2630 3691 2847 3742 quoque
2871 3692 3048 3728 canon

551 3766 863 3817 undecimus
901 3765 1130 3816 concilii
1165 3765 1683 3816 Neocaesareaensis
1720 3791 1785 3802 -
1822 3763 1969 3812 urbis
2004 3764 2059 3812 in
2106 3760 2454 3828 Cappadocia
2500 3763 2645 3812 circa
2689 3763 2917 3828 primum
2964 3764 3047 3814 vel

551 3854 844 3906 secundum
880 3868 1078 3904 annum
1115 3851 1371 3917 Sylvestri
1409 3851 1747 3901 314.--315.
1784 3849 2054 3901 celebrati.
2114 3848 2252 3899 Vide
2286 3848 2337 3899 J.
2370 3849 2439 3900 D.
2464 3850 2658 3910 Mami,
2696 3849 2843 3902 Sacr.
2880 3849 3047 3900 Cone.

549 3942 621 4004 11,
657 3943 775 3993 543.
813 3958 854 3992 s.
885 3967 942 3978 —
977 3941 1294 4004 „Presbyter
1339 3946 1462 3988 aute
1507 3937 1832 3988 tricesimum
1884 3937 2075 3988 aetatis
2124 3951 2255 3987 suae
2303 3951 2505 3987 annum
2552 3935 2860 3988 nullatenus
2908 3937 3047 3987 ordi·

549 4035 730 4092 netur,
779 4028 906 4080 licet
939 4007 1096 4078 valile
1134 4027 1204 4077 sit
1239 4026 1447 4092 dignus.
1509 4025 1645 4076 Nam
1682 4025 1944 4076 Dominus
1980 4031 2163 4076 noster
2194 4024 2462 4074 tricesimo
2506 4025 2697 4074 aetatis
2732 4038 2868 4074 suae
2904 4038 3048 4074 anno

551 4118 854 4184 baptizatus
879 4121 962 4167 est
985 4122 1040 4166 et
1063 4117 1140 4166 sic
1165 4115 1345 4180 coepit
1367 4113 1608 4164 docere.“
1652 4112 1732 4163 cf.
1754 4129 1801 4162 e.
1828 4111 2036 4174 Heseie,
2071 4110 2655 4176 Conciliengeschiehte
2680 4109 2861 4163 Freib.
2895 4113 3047 4162 1855.

551 4204 594 4266 1,
616 4206 736 4266 211,
757 4206 876 4255 216.
931 4202 972 4268 8)
1001 4201 1053 4252 S.
1081 4202 1462 4267 Chrysostomi,
1489 4200 1668 4252 homil.
1696 4201 1761 4250 de
1784 4200 2048 4266 baptismo
2076 4197 2198 4249 Chr.
2224 4214 2276 4248 n.
2304 4199 2351 4247 2.
2377 4196 2448 4259 11,
2468 4198 2587 4247 869.
2606 4196 2724 4246 370.
2776 4192 2829 4247 S.
2854 4197 3047 4248 Hiero-

550 4291 712 4354 nymi,
738 4291 792 4339 in
817 4306 864 4339 c.
885 4289 926 4339 1.
945 4287 1143 4340 Ezeoh.
1163 4288 1198 4338 l.
1219 4304 1260 4339 s.
1281 4304 1326 4338 c.
1349 4288 1401 4338 S.
1421 4287 1657 4351 Maximi,
1684 4288 1847 4352 episc.
1866 4287 2083 4336 Tam-in.
2107 4284 2246 4336 hom.
2266 4285 2425 4334 hiem.
2446 4283 2645 4334 XXIII.
2672 4283 2739 4332 de
2762 4285 3049 4350 baptismo.

554 4377 675 4426 Chr.
703 4392 754 4427 n.
781 4377 871 4427 VI.
925 4375 1132 4438 „Hodie
1167 4377 1308 4425 enim
1330 4383 1392 4424 ut
1415 4376 1753 4441 antiquorum
1778 4389 1876 4424 nos
1904 4373 2061 4424 (locet
2084 4371 2393 4423 veneranda
2414 4371 2629 4421 traditio
2645 4410 2659 4432 ‚
2701 4370 2771 4420 acl
2795 4371 3049 4422 Jordanis

553 4465 754 4514 fluenta
789 4463 1036 4514 Salvator
1072 4469 1251 4514 noster
1285 4464 1562 4522 accessit.“
1604 4462 1687 4512 ed.
1713 4461 1863 4512 Rom.
1887 4461 2035 4512 1784.
2064 4477 2115 4526 p.
2146 4461 2229 4510 95.
2285 4459 2327 4525 ⁹)
2352 4459 2564 4510 Paucos
2590 4459 2637 4508 si
2662 4459 2917 4523 excipias,
2956 4460 3049 4524 qui

553 4567 672 4602 cum
698 4568 739 4602 s.
759 4551 1084 4618 Epiphanio,
1109 4551 1319 4600 haeresi
1343 4550 1434 4612 LI,
1461 4551 1543 4600 25.
1570 4549 1612 4613 1,
1641 4550 1759 4600 448.
1785 4549 1853 4599 ad
1880 4547 1969 4599 vl.
2006 4548 2134 4599 Idus
2160 4547 2474 4597 Novembris
2500 4545 2697 4596 Christi
2728 4546 3047 4611 baptismum

554 4640 850 4689 conferunt.
916 4638 978 4703 ¹⁰)
1017 4635 1069 4686 S.
1095 4637 1358 4688 Maximus
1396 4637 1572 4699 Taua,
1613 4634 1776 4688 Serm.
1815 4634 1881 4684 de
1916 4640 2077 4704 temp.
2120 4636 2200 4686 10.
2238 4634 2303 4684 de
2339 4631 2535 4702 Epiph.
2572 4631 2666 4684 lv.
2704 4649 2758 4697 p.
2794 4633 2913 4682 421.
