3267 5259
573 427 697 493 164
1244 442 1357 483 mat.
1389 441 1493 483 sav.
1522 440 1611 484 aiv.
1641 442 1696 483 ιε.
1717 441 1770 483 ϊ.
1800 440 1970 485 Paion.
1997 441 2032 483 1.
2055 452 2152 493 cap.
2179 442 2378 484 nunu.

568 616 799 681 urbem
830 627 899 681 et
940 616 1317 703 properavit
1360 618 1676 681 nunciare
1713 615 1912 682 Petro
1947 626 2012 681 et
2041 616 2310 681 Joanni:
2374 638 2616 703 corpus
2645 615 2834 698 Jesu,
2881 616 3050 679 cuius

568 729 933 794 honorandi
958 752 1159 794 causa
1182 731 1451 811 exierat,
1484 752 1615 793 non
1642 728 1842 793 fuisse
1865 731 2222 794 inventum.
2253 729 2520 793 Interea
2547 730 2868 815 temporis
2891 738 3052 791 cete-

566 864 680 907 rae
724 842 1031 907 mulieres
1074 842 1161 906 ad
1206 840 1623 927 sepulchrum
1667 844 1960 925 veniunt,
2006 840 2187 928 quod
2233 864 2381 905 cum
2424 840 2890 926 ingrediuntur
2925 862 3052 903 rem

564 957 846 1041 penitius
877 956 1279 1041 cogniturae,
1308 976 1591 1019 vacuum
1624 953 1866 1019 vident.
1913 954 2250 1019 Attonitae
2279 952 2412 1037 ubi,
2459 976 2610 1019 cum
2641 952 2890 1018 frasu-a
2923 974 3052 1016 cor-

564 1090 688 1154 pus
754 1068 798 1132 J
802 1090 919 1132 esu
992 1079 1417 1153 quaererent,
1482 1068 1746 1130 nesciae
1815 1066 2099 1149 consilii,
2174 1064 2413 1131 dubiae
2483 1064 2814 1131 mentibus
2885 1066 3052 1129 cirea

568 1180 981 1266 sepulchrum
1026 1178 1242 1243 adhuc
1298 1187 1665 1243 morantur:
1720 1188 2040 1264 apparent
2083 1177 2298 1264 angeli
2343 1177 2822 1243 candidissimis
2863 1178 3052 1241 vesti-

564 1293 688 1357 bus
732 1292 999 1375 induti,¹
1048 1312 1325 1378 quorum
1370 1300 1646 1378 aspectu
1691 1290 1998 1355 mulieres
2041 1290 2217 1355 haud
2261 1293 2502 1376 exiguo
2531 1293 2766 1356 timore
2797 1289 3054 1377 percul-

566 1428 677 1470 sae
746 1416 915 1471 sunt.
990 1404 1237 1469 Verum
1284 1403 1564 1491 pavidas
1622 1414 1821 1489 atque
1891 1404 2118 1469 oculos
2184 1402 2481 1469 attollere
2539 1426 2676 1469 non
2731 1401 3054 1467 audentes

564 1516 883 1583 allocutus
918 1528 1017 1582 est
1046 1517 1211 1581 alter
1240 1516 1623 1602 angelorum
1655 1526 1856 1603 atque
1887 1517 2062 1582 bono
2111 1518 2325 1582 animo
2375 1538 2518 1582 esse
2561 1518 2774 1581 iussit:
2819 1515 2868 1580 J
2869 1537 3052 1580 esum

562 1632 629 1695 in
673 1632 877 1695 vitam
918 1629 1210 1713 rediisse,
1256 1631 1474 1716 prouti
1516 1630 1661 1715 ipse
1692 1628 2145 1715 praedixerat3
2189 1630 2618 1715 invitavitque
2661 1638 2736 1693 ut
2777 1630 3055 1715 propius

562 1743 779 1808 factae
824 1744 1225 1828 inspicerent
1266 1741 1505 1825 locum,
1550 1741 1664 1806 ubi
1723 1744 1974 1828 positus
2031 1742 2266 1808 fuerat.
2347 1742 2528 1807 Irent
2585 1741 2804 1807 statim
2847 1752 3054 1827 atque

559 1858 858 1920 nuntium
916 1878 957 1919 a
1016 1856 1287 1920 mortuis
1330 1855 1375 1920 J
1378 1878 1559 1919 esum
1618 1854 1888 1921 rediisse
1949 1856 2262 1921 afferrent
2325 1854 2686 1941 discipulis,
2751 1855 3054 1941 inprimis

562 1968 781 2033 Petro.
842 1968 985 2033 Imo
1032 1967 1234 2051 addit,
1280 1970 1658 2056 priusquam
1703 1970 1772 2033 in
1819 1968 2182 2034 Galilaeam
2228 1968 2506 2034 reduces
2534 1968 2750 2033 factae
2783 1967 3054 2048 fuerint,

562 2079 797 2145 eodem
863 2102 1007 2145 sese
1068 2080 1265 2145 Jesus
1311 2082 1639 2166 conferet,
1707 2080 1838 2145 illic
1880 2083 2112 2147 iterum
2160 2080 2499 2167 colloquiis
2545 2082 2681 2145 eius
2725 2080 3050 2145 fruentur.

562 2192 751 2257 Tunc
814 2192 1146 2276 muliereS,
1223 2217 1597 2259 sermonum
1673 2216 1837 2281 quos
1891 2196 1958 2259 in
2019 2192 2319 2259 Galilaea
2374 2193 2692 2259 habuerat
2750 2192 3050 2258 Christus

560 2326 901 2389 memores,
949 2308 1245 2392 protinus
1290 2318 1715 2373 monumento
1765 2330 2096 2393 egressae,
2157 2309 2388 2373 animis
2431 2308 2724 2394 pavore2
2773 2328 3046 2391 magno·

560 2440 687 2503 que
735 2418 976 2503 gaudio
1024 2418 1337 2503 distentiS,
1384 2418 1788 2505 fugientibus
1833 2420 2072 2485 similes
2116 2420 2478 2503 redierunt3
2524 2440 2830 2506 quaeque
2865 2418 3045 2482 vide-

556 2540 705 2595 rant
749 2554 897 2597 cum
942 2530 1279 2618 Apostolis
1326 2534 1690 2619 ceterisque
1739 2532 2073 2619 discipulis
2119 2533 2740 2597 communicaturae.

940 2830 998 2909 ξ.
1032 2832 1135 2896 37.
1198 2827 1455 2893 Prima
1504 2827 1798 2893 Christi
1843 2800 2198 2893 redivivi·
2227 2828 2644 2912 apparitio.

766 3014 955 3095 Quae
1002 3038 1149 3081 cum
1198 3016 1284 3081 ad
1328 3016 1746 3103 sepulchrum
1791 3018 1987 3099 fiunt,
2048 3016 2260 3081 redux
2318 3015 2470 3079 inde
2517 3014 2732 3079 Maria
2775 3015 3046 3100 Magda—

556 3128 703 3193 lcnc
748 3130 928 3192 venit
974 3128 1058 3193 ad
1102 3130 1370 3194 Petrum
1418 3140 1615 3215 atque
1663 3130 2008 3213 Joannem,
2058 3138 2123 3193 et
2168 3130 2320 3214 quia
2352 3128 2658 3213 angelum
2693 3126 2776 3191 de
2809 3126 3042 3190 Resur-

556 3242 845 3305 rectione
892 3252 1240 3307 testantem
1286 3266 1419 3308 non
1466 3242 1842 3325 audiverat,
1893 3242 2128 3307 Christi
2193 3263 2431 3326 corpus
2493 3241 2832 3304 nunciavit
2891 3238 3038 3303 sub-

554 3353 757 3418 latum
826 3378 1005 3437 esse3
1074 3378 1291 3441 neque
1362 3359 1527 3421 scire
1589 3378 1660 3421 se
1724 3357 1881 3442 quid
1941 3356 2024 3420 de
2084 3354 2191 3419 illo
2249 3363 2466 3418 actum
2515 3362 2710 3417 esset.
2787 3350 3040 3431 Quibus

556 3467 788 3530 auditis
835 3466 921 3531 illi
968 3470 1262 3553 protinus
1308 3469 1545 3534 festino
1595 3468 1946 3533 admodum
1995 3466 2201 3552 gradu
2249 3466 2334 3529 ad
2379 3464 2800 3551 sepulchrum
2855 3460 3036 3527 simul

554 3602 623 3642 sc
696 3579 1123 3644 contulerunt.
1188 3580 1499 3663 Joanncs,
1567 3584 1676 3667 qui
1738 3584 1950 3646 iunior
1995 3589 2152 3661 erat,
2223 3580 2399 3665 prius
2447 3578 2533 3642 ad
2576 3576 2796 3641 locum
2847 3577 3036 3662 perti-

764 3826 800 3887 ι)
840 3824 893 3874 S.
940 3824 1153 3875 Marcus
1187 3826 1451 3888 iuvenem,
1512 3827 1545 3875 i.
1587 3843 1632 3876 e.
1672 3826 1944 3891 angelum,
1997 3825 2210 3875 exhibet
2245 3828 2397 3875 veste
2435 3823 2596 3889 longa
2633 3824 2704 3873 ad
2741 3823 2884 3875 talos
2919 3839 3034 3890 pro·

552 3914 721 3971 tensa,
762 3924 920 3976 quam
962 3907 1141 3975 στολὴν
1176 3908 1353 3975 λευκήν
1390 3912 1654 3978 adpellat3
1694 3928 1813 3963 cum
1849 3914 2028 3963 Lucas
2057 3910 2267 3975 ,,ἑσθῆτα
2293 3906 2690 3978 ἀστρῶττουσαν“
2722 3911 2871 3961 dicit.
2905 3910 3036 3961 Alba

551 4000 675 4043 sunt
710 3995 1017 4060 angelorum
1052 4000 1371 4047 vestimenta
1428 4026 1492 4035 -—
1548 3995 1730 4062 στολήν
1777 4000 1914 4048 enim
1961 4004 2016 4048 et
2057 3998 2430 4048 vestimentum
2477 4004 2686 4047 veteres
2737 3999 3034 4063 promiserit¹

548 4088 809 4148 usurpant
860 4110 927 4121 --
981 4088 1040 4133 ut
1083 4084 1396 4149 praedicent
1440 4085 1535 4135 tali
1581 4090 1757 4135 veste:
1813 4105 1862 4137 a.
1908 4085 2284 4151 Expiationem
2335 4090 2506 4133 morte
2561 4083 2760 4133 Christi
2815 4084 3036 4141 factam;

550 4170 593 4219 b.
650 4174 903 4219 tesseram
958 4170 1355 4235 triumphalem3
1410 4190 1451 4223 c.
1497 4170 1757 4221 laetitiam
1807 4188 1834 4221 e
1880 4172 2270 4222 resurrectione
2321 4170 2456 4221 Jesu
2509 4169 2880 4219 resultantem.
2933 4166 3036 4219 sed

551 4256 711 4305 ctiam
749 4250 1108 4324 ἀστράπτουσαι
1144 4264 1297 4307 erant
1342 4258 1511 4308 stolae
1548 4258 1884 4323 angelorum,
1931 4260 1966 4309 i.
2003 4274 2047 4309 e.
2085 4258 2348 4324 fulgentes
2383 4257 2548 4306 veluti
2583 4255 2794 4306 indices
2829 4256 3036 4305 fumi-ae

550 4342 750 4407 gloriae
789 4347 842 4391 ct
875 4346 1233 4407 permanentis
1270 4344 1558 4394 felicitatis.
1608 4344 1689 4393 Cf.
1730 4344 1783 4395 S.
1811 4344 2052 4411 Gregorii
2077 4346 2165 4409 M„
2201 4347 2258 4394 in
2293 4343 2594 4409 Evangelia
2617 4342 2651 4391 l.
2677 4342 2752 4392 Π.
2789 4342 2928 4393 hom.
2953 4344 3036 4391 21.

550 4428 631 4476 ed.
658 4426 789 4477 Bon.
816 4428 857 4490 1,
889 4430 1037 4480 152⁷.
1064 4446 1105 4479 s.
1154 4428 1205 4479 J.
1230 4429 1293 4479 A.
1328 4430 1559 4493 Bodeni,
1604 4430 1796 4481 illustr.
1835 4432 1868 4482 l.
1903 4432 2038 4481 Mar.
2075 4433 2164 4493 16,
2191 4432 2240 4480 5.
2277 4429 2495 4478 Witteb.
2525 4430 2678 4479 1739.
2741 4428 2786 4495 ²)
2831 4430 3036 4479 Tantus

549 4515 687 4563 enim
726 4528 817 4563 eas
850 4522 1048 4565 tremor
1085 4520 1443 4581 occupaverat
1479 4523 1798 4582 stuporque,
1835 4524 1894 4567 ut
1930 4532 2058 4582 prae
2095 4520 2236 4567 metu
2273 4516 2532 4565 neminem
2575 4516 2790 4564 obvium
2835 4514 3034 4578 alloqui

550 4614 713 4649 ausae
750 4602 872 4650 sint.
