3267 5259
1227 465 1458 507 Harmonia
1483 464 1828 516 Evangeliorum.
2686 450 2763 498 IX

279 641 427 690 enim
463 645 636 690 tecum
675 645 808 691 est.“
871 641 928 690 Si
965 640 1048 690 vel
1085 641 1302 690 minima
1335 640 1439 690 Dei
1476 656 1641 707 opera
1674 640 1849 690 Deum
1886 639 2121 690 referunt
2166 643 2325 705 atque
2362 639 2761 690 admirationem

282 743 496 778 omnem
531 733 816 794 superantr,
855 727 982 793 quid
1017 729 1166 777 Deus
1202 728 1354 794 ipse?
1390 727 1511 792 quid
1549 728 1653 777 Dei
1688 727 1776 777 vel
1809 727 2025 776 minima
2058 742 2178 788 vox,
2217 728 2259 776 si
2282 728 2499 776 minima
2524 727 2766 777 vocanda

281 819 389 876 est,
434 829 573 880 quae
611 814 796 864 divina
831 817 946 864 est?
1003 815 1156 864 Haec
1192 814 1352 880 plane
1398 815 1564 864 verba
1597 813 1884 879 Evangelii
1918 819 2056 877 sunt,
2107 813 2173 863 de
2210 815 2402 879 quibus
2437 813 2571 863 illud
2607 813 2765 879 longe

279 902 646 952 verissimum:
685 917 795 952 non
819 917 934 952 esse
960 901 1288 951 numeranda
1312 901 1406 951 sed
1431 900 1795 966 ponderanda.
1845 900 2107 966 Quodque
2132 899 2256 950 olim
2282 915 2543 950 nonnemo
2568 905 2765 950 temere

280 1002 356 1038 ac
402 988 616 1050 leviter,
665 988 722 1038 id
771 1004 868 1039 nos
916 994 1039 1054 apte
1090 988 1372 1038 admodum
1421 993 1474 1038 et
1519 993 1705 1039 sancte
1755 988 1821 1038 de
1870 988 2063 1038 divinis
2108 987 2215 1037 illis
2264 986 2316 1037 S.
2352 986 2763 1052 Evangeliorum

279 1075 508 1126 vocibus
565 1076 804 1126 dicamus
823 1092 838 1126 ε
858 1113 871 1126 .
893 1113 904 1124 .
927 1113 940 1125 .
961 1112 974 1125 .
1033 1089 1227 1141 „grave
1282 1080 1334 1124 et
1385 1075 1715 1126 immutabile
1768 1077 1967 1126 sanctis
2022 1075 2231 1140 pondus
2287 1075 2440 1124 adest
2490 1073 2664 1124 verbis
2713 1080 2768 1125 et

281 1178 473 1213 vocem
511 1163 658 1213 facta
703 1165 1042 1228 sequuntur.“
1105 1163 1188 1212 De
1233 1162 1508 1228 voluptate
1545 1179 1609 1212 ex
1646 1162 1897 1212 Historiis
1933 1162 2001 1211 D.
2039 1162 2103 1212 N.
2140 1161 2192 1211 J.
2232 1160 2291 1211 C.
2328 1163 2387 1210 in
2422 1162 2760 1211 concordiam

281 1249 545 1312 redactis,
595 1249 892 1300 haurienda
925 1255 1181 1299 tacemus.
1243 1249 1324 1300 cf.
1359 1248 1422 1299 G.
1457 1249 1524 1298 H.
1563 1249 1631 1299 ab
1667 1249 1885 1310 Einem,
1925 1248 2059 1315 disp.
2100 1247 2272 1298 exhib.
2306 1247 2427 1300 hist.
2465 1247 2674 1300 Christi.
2714 1252 2769 1298 et

282 1337 475 1402 Apost.
511 1336 657 1388 Gott.
696 1337 846 1387 1758.
897 1336 954 1386 C.
991 1337 1059 1387 H.
1086 1336 1293 1399 Albers,
1332 1351 1517 1387 comm.
1556 1336 1622 1386 de
1658 1341 1923 1387 momento
1961 1341 2015 1385 et
2050 1337 2274 1386 veritate
2310 1335 2583 1386 Historiae
2617 1335 2765 1386 Jesu.

280 1424 362 1472 ib.
392 1426 541 1474 1795.
567 1440 618 1489 p.
647 1425 729 1474 13.
755 1440 798 1474 s.
847 1422 1266 1486 Staudenmaier,
1300 1422 1441 1473 Einl.
1467 1424 1523 1472 in
1549 1423 1598 1472 d.
1623 1423 1811 1473 Leben
1834 1422 1983 1484 Jesu‚
2010 1423 2067 1472 in
2091 1437 2213 1473 ann.
2240 1422 2492 1472 zeitschr.
2518 1422 2553 1473 f.
2581 1422 2764 1473 Theol.

279 1505 466 1560 Frefb.
506 1511 658 1560 1842.
696 1509 844 1572 VIII,
883 1511 968 1560 87.
1005 1525 1048 1559 s.

497 1597 547 1649 8.
597 1598 862 1660 Quaenam
901 1617 926 1648 e
953 1597 1187 1667 pluribus
1223 1599 1564 1650 Harmoniam
1609 1598 1946 1649 cmwz'rmandi
1986 1599 2079 1649 viis
2112 1597 2373 1650 ineunda!
2429 1596 2550 1646 Etsi
2587 1595 2765 1647 divino

281 1683 450 1750 plane
497 1683 721 1734 consilio
766 1683 966 1734 factum
1013 1685 1105 1746 sit,
1155 1689 1214 1733 ut
1262 1683 1575 1734 divinissimi
1623 1682 1916 1734 Salvatoris
1964 1683 2143 1734 Nostri
2188 1689 2312 1734 acta
2364 1683 2615 1749 dictaque
2659 1699 2766 1733 non

282 1772 360 1822 ab
413 1787 548 1832 nno,
607 1771 700 1821 sed
757 1785 792 1820 a
844 1776 1073 1836 quatuor
1133 1770 1489 1836 Scriptoribus
1543 1769 1667 1820 fidei
1722 1777 1935 1821 nostrae
1990 1770 2507 1834 commendarentur3
2560 1786 2768 1836 semper

281 1865 468 1908 tamen
512 1873 564 1908 u.
601 1874 652 1907 v.
699 1859 928 1923 probata
973 1863 1055 1908 est
1105 1873 1286 1908 eorum
1333 1857 1617 1918 industria,
1675 1859 1767 1923 qui
1815 1857 2134 1908 Harmonias
2182 1856 2599 1922 Evangeliorum
2644 1871 2767 1907 con-

281 1951 472 1996 texere
519 1947 553 1994 i.
592 1961 638 1994 e.
685 1961 848 1995 unum
895 1944 1062 1994 veluti
1109 1961 1138 1994 e
1185 1949 1414 2010 quatuor
1459 1944 1608 1996 libris
1656 1944 1907 2011 scriptum
1956 1944 2218 1995 conficere
2266 1945 2445 1994 eonati
2488 1948 2626 1994 sunt.
2696 1945 2771 1994 Et

285 2033 396 2082 hoc
433 2031 646 2098 quidem
691 2033 792 2081 viri
834 2032 922 2082 isti
969 2031 1237 2094 fecerunt,
1283 2046 1404 2080 cum
1441 2037 1500 2080 ut
1538 2046 1633 2096 per
1669 2031 1807 2081 hanc
1850 2037 2087 2082 mutuam
2123 2030 2587 2096 Evangelistarum
2634 2031 2772 2081 inter

281 2134 350 2170 se
389 2118 754 2180 collationem,
805 2133 944 2184 quae
979 2119 1131 2168 varia
1165 2132 1199 2168 a
1243 2117 1465 2168 diversis
1510 2118 1834 2181 referuntur,
1884 2133 1981 2168 sno
2030 2132 2273 2184 quaeque
2318 2118 2541 2183 tempori
2587 2122 2769 2183 aptata

279 2207 525 2271 integras
559 2206 598 2255 J
599 2221 693 2256 esu
733 2204 926 2256 Christi
962 2205 1229 2256 Historias
1265 2220 1372 2254 uno
1411 2210 1661 2255 contextu
1698 2205 1951 2270 legendas
1990 2204 2263 2255 offerrent:
2304 2210 2415 2256 tum
2453 2205 2544 2254 ubi
2582 2204 2767 2254 eadem

277 2291 378 2343 vel
399 2292 566 2342 verba
588 2292 675 2342 vel
699 2293 844 2342 sacta
879 2307 914 2342 a
949 2293 1186 2358 pluribus
1213 2297 1306 2342 aut
1329 2293 1398 2341 ab
1425 2292 1670 2342 omnibus
1707 2297 2035 2354 enarrantur,
2072 2307 2131 2342 se
2166 2292 2393 2342 invicem
2417 2290 2764 2354 illustrarent,

280 2385 340 2429 et
369 2379 710 2446 explicarent.
759 2379 879 2440 Qua
902 2385 1078 2429 autem
1115 2380 1321 2430 ratione
1344 2379 1398 2428 id
1423 2381 1685 2445 praestari
1721 2379 1931 2442 debeat,
1969 2395 2076 2430 non
2103 2380 2315 2430 omnino
2342 2380 2592 2429 convenit
2626 2381 2767 2430 inter

281 2466 549 2530 eruditos,
602 2467 692 2532 qui
739 2465 840 2516 hac
876 2467 931 2516 in
968 2482 1025 2517 re
1074 2481 1292 2533 operam
1338 2467 1683 2517 collocarunt.
1746 2467 1923 2516 Prima
1966 2466 2257 2517 dissidendi
2306 2467 2518 2516 occasio
2556 2471 2659 2528 est,
2699 2481 2770 2517 an

277 2556 396 2604 ista
427 2553 848 2618 Evangeliorum
895 2555 1032 2603 inter
1080 2569 1137 2605 se
1183 2553 1424 2616 collatio,
1471 2555 1548 2603 ita
1597 2553 1802 2603 institui
1852 2553 2071 2616 debeat3
2117 2558 2177 2602 ut
2220 2555 2465 2619 proprius
2512 2555 2769 2620 cuiusque

277 2640 674 2706 Evangelistae
712 2640 839 2690 ordo
877 2655 1138 2706 nusquam
1175 2641 1572 2702 interturbetur,
1609 2640 1705 2690 sed
1741 2641 2147 2705 interponantur
2190 2645 2393 2690 tantum
2443 2654 2581 2706 quae
2624 2640 2768 2706 apud

281 2733 493 2778 ceteros
544 2727 809 2792 leguntur.
869 2728 992 2777 Non
1035 2727 1230 2778 desunt
1273 2742 1426 2790 sane,
1473 2728 1565 2792 qui
1611 2727 1689 2776 ita
1732 2725 1847 2776 fieri
1893 2726 2085 2776 debere
2132 2727 2482 2791 arbitrantur3
2529 2727 2623 2776 sed
2660 2743 2769 2778 non

282 2829 470 2865 omnes
507 2813 699 2864 eadem
737 2829 802 2863 ex
838 2827 1020 2864 causa.
1080 2814 1183 2863 Alii
1221 2815 1359 2864 enim
1391 2843 1446 2851 —
1477 2829 1523 2864 e.
1549 2829 1599 2879 g.
1625 2812 1865 2863 Andreas
1904 2812 2183 2877 Osiander,
2221 2814 2403 2863 Harm.
2438 2815 2644 2880 Evang.
2675 2815 2769 2865 lat.

280 2901 446 2952 Antv.
475 2901 629 2951 1537.
670 2907 723 2951 et
760 2903 910 2951 1540.
935 2901 1028 2951 lat.
1067 2906 1120 2950 et
1154 2917 1232 2966 gr.
1259 2901 1421 2950 Basil.
1450 2903 1601 2950 1537.
1640 2904 1694 2950 et
1729 2902 1811 2950 61.
1838 2928 1903 2936 —
1928 2900 2031 2950 hoc
2066 2900 2185 2950 ideo
2224 2901 2415 2963 secere,
2454 2902 2581 2967 quia
2612 2903 2668 2951 in
2704 2917 2771 2952 ea

282 2993 412 3039 sunt
445 2990 746 3038 sententia:
797 2987 1035 3053 singulos
1069 2987 1484 3053 Evangeliorum
1529 2989 1815 3053 scriptores
1852 2993 2158 3037 accuratum
2196 2987 2433 3038 ordinem
2474 2994 2769 3056 temporum

281 3081 339 3126 ct
376 3079 623 3126 exactam
669 3089 841 3124 rerum
887 3079 1152 3140 gestarum
1187 3075 1391 3136 seriem,
1429 3075 1485 3124 in
1521 3077 1728 3125 cunctis
1769 3089 1901 3140 quas
1938 3074 2269 3125 tradiderunt
2304 3075 2536 3126 historiis
2582 3076 2765 3125 obser-

281 3177 461 3213 vasse.
511 3161 619 3211 Alii
645 3165 822 3211 autem
845 3161 984 3212 idem
1007 3167 1327 3228 peregerunt
1351 3189 1416 3198 -—
1442 3161 1606 3211 veluti
1639 3161 1700 3213 C.
1724 3161 2038 3224 Molinaeus,
2073 3161 2267 3212 Collat.
2292 3166 2347 3212 et
2368 3177 2458 3212 nn.
2486 3180 2535 3228 q.
2561 3163 2767 3228 Evang.

281 3249 466 3299 Hann.
497 3249 649 3298 1565.
687 3249 888 3299 Alanus
917 3248 1116 3314 Copus,
1142 3249 1343 3299 Histor.
1370 3249 1578 3313 Evang.
1597 3249 1730 3298 unit.
1755 3249 1889 3298 Lov.
1911 3249 2061 3299 1572.
2100 3247 2159 3298 C.
2185 3248 2436 3311 Becillus,
2462 3266 2514 3315 p.
2538 3249 2596 3299 C.
2619 3249 2769 3299 Orat.

281 3336 552 3386 connexio
575 3335 779 3401 Evang:
805 3335 1020 3386 Romae.
1045 3337 1193 3386 1625.
1209 3363 1275 3371 —
1290 3335 1431 3400 qnod
1454 3335 1521 3384 iis
1547 3333 1708 3384 fixum
1732 3335 1931 3398 sedeat,
1960 3334 2030 3385 ad
2055 3340 2355 3386 contextum
2384 3351 2417 3385 a
2440 3335 2770 3386 s.Matthae0

289 3427 568 3472 servatum
593 3421 918 3488 reliquorum
942 3423 1276 3472 narrationes
1300 3420 1780 3472 accommodandas
1804 3437 1949 3485 esse3
1976 3421 2125 3471 multi
2151 3426 2328 3472 autem
2354 3423 2480 3488 quia
2503 3437 2544 3472 s.
2568 3424 2767 3473 Lucam

287 3509 480 3560 ducem
521 3509 721 3558 ordinis
759 3509 1046 3575 elegerunt,
1086 3525 1150 3559 eo
1187 3509 1330 3575 quod
1355 3510 1412 3560 in
1436 3508 1767 3575 praefatione
1809 3513 1853 3570 1,
1881 3511 1928 3557 3.
1967 3508 2112 3558 dicat
2146 3524 2203 3558 se
2240 3505 2507 3572 ,,καθεξῆ’ς“
2546 3511 2770 3576 scriptu-

281 3611 430 3658 rum,
478 3595 566 3645 vel
605 3596 736 3660 quia
778 3595 905 3646 licet
941 3601 1235 3662 agnoscant
1274 3596 1430 3662 plura
1471 3593 1672 3663 ὕστερον
1708 3590 1937 3663 πρότερον
1982 3611 2016 3645 a
2060 3597 2223 3646 sacris
2260 3595 2365 3646 illis
2408 3594 2765 3662 Scriptoribus

286 3683 560 3747 exposita,
599 3681 842 3747 religioni
880 3687 1057 3732 tamen
1094 3683 1320 3746 ducunt,
1365 3698 1520 3749 quem
1557 3683 1782 3748 quisque
1828 3687 2041 3733 secutus
2077 3685 2148 3732 sit
2190 3683 2427 3734 ordinem
2473 3685 2765 3749 invertere3

283 3767 387 3820 sed
431 3785 594 3818 unum
640 3768 744 3819 hoc
787 3770 888 3819 sibi
937 3770 1200 3835 agendum
1247 3786 1510 3821 sumsere=
1559 3774 1620 3820 ut
1666 3770 1992 3820 notationem
2042 3770 2239 3822 ordinis
2289 3772 2403 3821 sine
2450 3771 2563 3821 ulla
2595 3776 2771 3821 textus

281 3856 706 3922 transpositione
751 3856 988 3906 indicent
1031 3873 1126 3922 per
1171 3857 1570 3907 observationes
1608 3855 1677 3906 ad
1715 3856 1858 3919 loca,
1906 3872 2043 3923 quae
2080 3873 2175 3923 per
2218 3859 2649 3923 anticipationem
2684 3859 2769 3908 vel

281 3941 787 4009 recapitulationem
824 3944 890 3992 ab
927 3959 1252 4009 unoquoque
1288 3943 1458 3994 relata
1495 3924 1838 3994 existimant..
1874 3944 1955 3994 Ab
1992 3947 2229 4011 utrisque
2266 3944 2611 4007 discedimus,
2650 3959 2771 3994 cum

285 4030 526 4096 priorum
565 4031 832 4080 sententia
867 4045 992 4079 vero
1033 4030 1300 4080 absimilis
1325 4031 1420 4093 sit3
1461 4031 1811 4096 posteriorum
1850 4029 2033 4096 relig-io
2070 4031 2271 4081 inutilis
2308 4033 2615 4096 reperiatur.
2664 4031 2772 4081 Res

283 4117 408 4182 ipsa
431 4116 682 4178 ostendit,
721 4117 766 4165 si
791 4117 907 4182 quis
935 4116 1187 4167 mediocri
1213 4119 1502 4168 attentione
1529 4118 1952 4168 circumstantias
1978 4124 2357 4184 persequatur:
2395 4117 2771 4182 Evangelistas

287 4205 346 4252 in
383 4201 573 4254 ordine
609 4203 964 4253 Historiarum
1001 4219 1107 4254 non
1143 4205 1316 4254 minus
1355 4219 1513 4269 quam
1548 4205 1603 4254 in
1652 4205 1809 4255 rebus
1855 4205 1984 4269 ipsis
2020 4203 2373 4266 illustrandis,
2420 4208 2631 4254 mutuas
2668 4204 2771 4253 sibi

289 4291 517 4340 invicem
568 4289 841 4355 symbolas
887 4290 1192 4341 contulisse.
1265 4290 1419 4352 Quod
1467 4291 1641 4356 ipsum
1688 4290 1849 4340 facile
1898 4269 2214 4356 reperimus,
2268 4290 2425 4340 modo
2474 4290 2773 4356 Evangelia

293 4376 550 4441 legamus,
602 4381 656 4426 et
698 4376 885 4426 sedulo
931 4391 1327 4443 comparemus3
1378 4391 1550 4442 neque
1601 4377 1739 4427 enim
1788 4377 1897 4426 alia
1939 4377 2030 4427 via
2073 4381 2223 4442 patet
2267 4391 2375 4442 qua
2418 4376 2475 4426 id
2516 4379 2772 4444 consequi

293 4477 594 4527 possumus.
656 4463 776 4514 Non
813 4465 952 4514 enim
985 4464 1090 4514 hoc
1125 4466 1180 4514 in
1215 4466 1430 4530 negotio
1472 4460 1813 4531 προληπτικῶς
1850 4479 1988 4514 unus
2026 4479 2055 4513 e
2090 4469 2321 4528 quatuor
2354 4464 2771 4530 Evangeliorum

295 4549 660 4615 Scriptoribus
711 4550 1039 4616 seligendus,
1090 4551 1158 4601 ad
1208 4553 1360 4601 cuius
1407 4550 1703 4616 exemplum
1759 4555 2052 4600 ceterorum
2101 4551 2279 4616 capita
2324 4552 2379 4600 in
2427 4551 2772 4602 Harmoniam

293 4635 630 4702 redigantur3
679 4635 775 4686 sed
812 4653 874 4686 ex
913 4637 1154 4703 diligenti
1193 4637 1616 4688 consideratione
1655 4636 2185 4700 circumstantiarum,
2234 4652 2371 4703 quae
2409 4637 2553 4703 apud
2589 4652 2771 4688 omnes
