3267 5259
543 408 675 473 3oe
1293 422 1355 461 De
1382 422 1579 463 fontibus
1606 422 1770 463 Hister.
1803 422 1854 463 D.
1883 422 1938 463 N.
1963 422 2006 463 J.
2037 422 2084 463 C.
2113 432 2262 461 comm.

542 601 683 679 quid
732 603 854 677 ipse
894 602 965 659 de
1010 602 1243 661 Christo
1282 603 1587 677 cogitarit,
1639 602 2062 679 cogitandoque
2105 604 2434 673 invenerim
2483 603 3034 677 Theologiam‚

544 724 721 782 quam
750 706 973 777 dicunt,
1004 726 1205 764 suam
1232 707 1483 765 scribere
1510 707 1736 775 voluit3
1769 708 1868 763 sed
1895 706 1932 762 J
1935 725 2038 763 esu
2063 711 2246 765 semet
2273 706 2714 765 manifestantis
2745 708 3036 778 historias,

542 811 648 887 qui
692 810 958 881 ,maiores
1002 810 1485 889 perfectioresque
1528 830 1822 869 sermones
1865 815 2126 869 reservat
2161 813 2242 882 ei,
2289 813 2396 889 qui
2423 831 2606 887 supra
2635 818 2844 887 peetus
2871 830 3030 869 recu-

542 914 693 973 buit‘
722 912 757 971 ¹.
826 915 969 972 Ideo
1014 917 1133 972 iam
1176 916 1333 991 apud
1380 915 1617 973 Veteres
1662 914 2044 988 Theologi
2089 914 2346 989 elogium
2389 917 2644 985 meruit-3
2707 936 2834 975 non
2891 917 3036 994 quod

545 1014 861 1093 Θεολογίαν
892 1019 1291 1077 Historiarum
1321 1038 1481 1077 more
1524 1020 1830 1089 scriberet,
1877 1019 1978 1077 sed
2005 1020 2079 1077 ob
2109 1019 2376 1079 divinam
2419 1019 2590 1077 illam
2617 1020 2694 1077 de
2723 1020 3032 1089 Trinitate‚

542 1123 727 1200 deque
756 1122 991 1180 Deitate
1020 1122 1163 1180 Filii
1193 1142 1335 1199 prae
1362 1125 1569 1181 ceteris
1598 1124 1926 1181 doctrinam
1945 1118 1988 1193 ⁸2,
2029 1140 2177 1199 quae
2207 1142 2244 1181 a
2285 1123 2452 1181 nullo
2481 1122 3036 1199 Hagiographorum

544 1232 665 1284 tam
708 1227 1024 1301 diligenter
1070 1232 1132 1285 et
1160 1246 1235 1284 ex
1266 1228 1553 1303 professo,
1600 1246 1778 1305 quam
1817 1248 1854 1285 a
1891 1227 1948 1285 d.
1977 1226 2206 1285 Joanne
2237 1231 2324 1284 est
2354 1228 2594 1285 tradita.
2665 1228 3036 1302 singularem

542 1330 778 1409 quidem
839 1350 1035 1388 rerum
1096 1332 1165 1389 de
1225 1332 1638 1391 Deo-Homine
1705 1332 2134 1389 narrandarum
2201 1331 2410 1405 selegit
2469 1338 2732 1407 partem;
2813 1333 3036 1408 scripsit

544 1439 741 1492 tamen
784 1434 1187 1493 Historiarum
1230 1436 1541 1507 volumem
1590 1438 1778 1509 ‚cuius
1821 1454 2052 1493 sensum
2096 1437 2394 1511 percipere
2438 1455 2611 1493 nemo
2657 1440 2880 1511 potest,
2927 1438 3035 1495 nisi

542 1540 645 1615 qui
684 1558 861 1613 supra
898 1545 1099 1614 pectus
1138 1541 1277 1598 Jesu
1312 1542 1599 1610 recubuit,
1647 1539 1745 1599 vel
1781 1542 2066 1615 acceperit
2104 1560 2140 1597 a
2167 1540 2206 1598 J
2207 1560 2307 1598 esu
2349 1542 2622 1611 Mariam,
2661 1560 2818 1619 quae
2861 1544 3032 1599 etism

544 1642 725 1717 ipsius
756 1646 942 1700 mater
971 1643 1095 1701 fiat‘
1118 1642 1161 1702 ³.

780 1973 837 2049 ξ.
886 1973 993 2035 57.
1056 1968 1479 2032 vindiciae
1528 1972 1986 2049 γνησιότητος
2031 1968 2462 2053 Evangelii
2509 1972 2806 2053 quarti.

751 2202 857 2265 Ex
913 2202 1100 2266 dictis
1157 2205 1451 2288 quaestio
1510 2202 1590 2266 do
1641 2206 1889 2287 αὺθεντίᾳ
1945 2212 2010 2265 ot
2065 2201 2365 2286 ἀξιοπιστίᾳ
2421 2200 2768 2287 Evangelii
2834 2203 3036 2288 quarti

542 2315 845 2379 universe
878 2324 1149 2401 peracta
1181 2318 1434 2379 censeri
1466 2326 1708 2401 posset,
1743 2316 1862 2379 nisi
1894 2316 2336 2400 reperirentur
2367 2313 2688 2397 homineS,
2721 2317 2834 2401 qui
2871 2316 3036 2378 omni

542 2430 980 2492 venerationis
1048 2430 1267 2514 speeie
1339 2428 1671 2514 deposita,
1739 2430 1805 2492 in
1871 2428 2045 2492 hunc
2113 2452 2162 2491 s,
2217 2426 2493 2492 Librum
2559 2437 2698 2491 tam
2768 2427 3038 2492 licenter

542 2542 825 2625 grassari
874 2540 1189 2624 audeant3
1238 2551 1309 2606 ut
1355 2552 1670 2627 quantum
1717 2542 1782 2605 in
1828 2543 1984 2627 ipsis
2031 2550 2130 2605 est
2174 2540 2235 2605 d.
2269 2540 2547 2605 ‚Ioannis
2601 2540 3037 2626 Evangelium

542 2663 639 2733 τῆς
686 2658 900 2729 νοθείας
945 2652 1333 2718 insimulent.
1399 2654 1726 2718 Invasisse
1777 2654 2034 2718 videtur
2063 2654 2190 2717 hoc
2223 2663 2444 2717 nostro
2487 2644 2654 2717 aevo
2703 2653 3034 2740 plurimoS,

542 2790 759 2853 neque
830 2791 944 2831 eos
1014 2788 1240 2831 omnes
1308 2766 1547 2831 iudicio
1618 2777 1684 2831 et
1751 2767 2090 2832 doctrinae
2165 2769 2358 2852 copia
2433 2776 2786 2852 expetam,
2863 2768 3038 2831 furor

544 2880 840 2966 quidam3
875 2902 1003 2965 quo
1029 2882 1320 2966 inprimis
1352 2879 1506 2944 talia
1528 2880 1846 2945 Veterum
1879 2882 2139 2965 scripta,
2173 2880 2254 2943 de
2281 2878 2538 2966 quibus,
2572 2882 2732 2965 quin
2757 2882 3036 2965 genuina

545 2994 692 3076 sint,
740 3016 933 3057 nemo
984 2992 1269 3079 prudens
1304 2992 1623 3057 dubitavit
1662 3016 1971 3080 unquam,
2020 3016 2059 3057 a
2093 2995 2222 3057 suis
2268 2992 2648 3057 auctoribus
2694 2994 3034 3057 temerario

543 3127 707 3171 ausu
752 3105 1146 3170 abiudicant.
1232 3107 1451 3191 Atque
1498 3106 1673 3170 idem
1717 3106 1842 3169 hoc
1888 3105 2252 3191 Evangelio
2299 3130 2348 3169 s.
2383 3106 2666 3171 Joannis
2713 3106 3032 3185 accidere,

544 3240 741 3304 quam
787 3218 1133 3303 plurimum
1182 3218 1478 3282 dolemus
1498 3223 1540 3283 ⁴.
1606 3219 1867 3304 Operae
1901 3220 2096 3303 igitur
2125 3220 2404 3303 pretium
2447 3220 2687 3283 facturi
2723 3219 3032 3295 videmur,

555 3388 734 3396 ——--.-
766 3389 839 3395 ----
865 3389 898 3394 ...-

760 3476 797 3539 1)
846 3474 1135 3539 Origenes,
1174 3475 1207 3524 1.
1246 3490 1288 3523 s.
1324 3490 1369 3523 c.
1410 3490 1462 3524 n.
1500 3476 1549 3524 6.
1586 3491 1638 3539 p.
1682 3478 1762 3524 14.
1835 3474 1876 3539 2)
1931 3475 2050 3523 Hoc
2101 3478 2276 3523 autem
2325 3476 2566 3538 apprimo
2615 3476 2874 3523 convenit
2921 3489 3032 3522 cum

544 3576 647 3611 usu
682 3562 829 3610 vocis
866 3558 1160 3629 Θεολογίας,
1210 3565 1265 3610 et
1300 3556 1579 3629 Θεολόγου,
1624 3560 1772 3627 apud
1807 3562 1861 3610 S.
1898 3561 1958 3609 P.
1995 3566 2050 3609 et
2083 3560 2136 3609 S.
2170 3560 2235 3609 E.
2273 3558 2451 3610 obvio.
2509 3561 2574 3610 V.
2609 3560 2838 3621 Suiceri,
2881 3560 3032 3610 Thes.

545 3662 587 3697 s.
623 3646 673 3696 h.
706 3664 759 3696 v,
792 3664 845 3711 p.
883 3648 1033 3697 1356.
1068 3662 1111 3697 s.
1184 3648 1227 3711 ³)
1274 3646 1553 3713 Origenes,
1588 3647 1624 3697 l.
1659 3664 1702 3698 s.
1734 3664 1780 3697 o.
1853 3648 1897 3711 ⁴)
1935 3647 2106 3697 Priori
2151 3646 2366 3713 quidem
2411 3646 2634 3697 saeculo
2681 3649 2884 3712 reperti
2917 3650 3032 3696 sunt

544 3732 804 3796 nonnulli,
830 3760 897 3769 -
923 3748 1146 3798 quorum
1183 3734 1289 3784 (lux
1326 3735 1483 3799 quasi
1516 3740 1571 3784 et
1604 3734 1987 3800 antesignanus
2019 3738 2138 3783 erat
2169 3734 2236 3783 E.
2261 3734 2551 3796 Ewanson,
2589 3733 2682 3783 the
2719 3734 3032 3785 dissonanee

544 3820 603 3870 of
634 3820 723 3871 the
760 3821 881 3870 four
917 3820 1195 3886 generally
1240 3821 1485 3871 received
1521 3820 1866 3886 Evangelists
1913 3819 2021 3870 and
2055 3820 2145 3870 the
2183 3820 2437 3869 evidence
2473 3820 2536 3870 of
2567 3819 2706 3870 their
2743 3821 3032 3886 respective

543 3906 892 3971 authenticity
920 3908 1215 3957 examined.
1264 3907 1508 3972 Ipswich.
1538 3910 1708 3969 1792„
1733 3906 1870 3957 alios
1895 3922 1946 3958 v.
1967 3921 2016 3957 a.
2043 3906 2208 3969 Stein,
2235 3907 2270 3957 l.
2295 3922 2342 3956 c.
2366 3923 2420 3973 p.
2439 3908 2490 3957 8.
2511 3921 2554 3957 s.
2575 3934 2644 3945 --·
2665 3910 2759 3973 qui
2789 3908 3030 3957 Veterum

542 3994 929 4044 haeretieorum
960 3994 1251 4059 Alogorum
1274 3995 1419 4060 apud
1444 3994 1806 4060 Epiphanium
1831 3994 1977 4043 haer.
2003 3994 2095 4056 LI,
2121 3997 2170 4043 3.
2207 4010 2258 4059 p.
2287 3996 2406 4044 423.
2443 3993 2802 4045 deliramenta.
2821 4002 3030 4045 secutus

543 4096 606 4131 eo
632 4076 853 4149 ἀκρισίας
879 4084 1144 4147 progressi
1180 4082 1409 4143 fuerunt,
1448 4086 1507 4130 ut
1530 4081 1885 4145 Evangelium
1909 4080 2138 4131 Joannis
2162 4082 2300 4130 inter
2323 4078 2640 4148 νενοθευμένα
2667 4081 3030 4131 amandarent.

542 4168 731 4218 Taedii
756 4169 971 4234 plenum
998 4175 1051 4218 et
1073 4183 1261 4234 parum
1286 4168 1533 4218 utilitatis
1571 4168 1877 4218 habiturum
1901 4170 2174 4234 negotium
2209 4168 2363 4229 foret,
2387 4169 2434 4217 si
2459 4182 2646 4218 omnes
2673 4168 2770 4217 hos
2795 4182 3028 4219 recense-

543 4270 733 4319 remus,
774 4256 865 4321 qui
890 4256 1187 4306 Evansonii
1222 4256 1451 4321 vestigia
1480 4256 1693 4305 calcare
1728 4256 2046 4305 maluerunt.
2097 4254 2472 4320 Progredimur
2505 4254 2579 4304 ad
2613 4271 2706 4306 eos
2739 4257 2830 4321 qui
2854 4260 3030 4305 nostra

546 4346 725 4392 aetate
762 4338 1009 4400 αὖθεντίας
1040 4342 1226 4393 horum
1262 4344 1760 4393 commentariorum
1798 4341 2092 4393 adversarii
2129 4342 2377 4391 existunt.
2431 4341 2556 4391 Non
2579 4346 2664 4392 est
2687 4342 2834 4407 quod
2857 4342 3028 4391 multis

544 4442 871 4493 exponamus
898 4444 1079 4479 eorum
1104 4428 1357 4479 dicteria:
1394 4430 1487 4494 qui
1510 4428 1680 4479 veluti
1705 4428 1938 4489 Str-auss,
1967 4428 2370 4492 Lfltzelberger,
2395 4428 2580 4477 Bruno
2603 4428 2802 4490 Bauer,
2827 4430 2958 4478 Krit.
2983 4426 3031 4475 d.

542 4514 642 4563 Ev.
658 4514 799 4564 Berl.
820 4516 969 4565 1850.
998 4532 1117 4565 cum
1142 4515 1329 4567 schola.
1352 4516 1778 4581 Nootubingensi
1799 4516 1834 4564 i.
1851 4530 1898 4564 e.
1917 4514 1978 4564 F.
2001 4514 2124 4563 Chr.
2143 4514 2304 4575 Bam,
2323 4514 2459 4563 Krit.
2478 4514 2607 4565 Unt.
2629 4520 2682 4565 ii.
2702 4515 2754 4564 d.
2773 4516 2872 4565 Ev.
2895 4514 3028 4565 Tub.

548 4600 695 4649 184⁷.
732 4617 783 4665 p.
814 4602 893 4650 79.
920 4614 961 4650 s.
999 4602 1051 4651 J.
1090 4602 1187 4651 das
1226 4600 1553 4651 Christenth.
1590 4601 1727 4651 Tflb.
1766 4602 1916 4650 1853.
1954 4618 2004 4666 p.
2045 4604 2160 4650 131.
2195 4617 2236 4651 s.
2291 4601 2350 4650 F.
2389 4600 2448 4649 C.
2481 4600 2542 4650 A.
2579 4601 2900 4667 Sehweghr,
2939 4601 3030 4649 der
