3267 5259
1026 451 1245 493 Historiae
1274 453 1316 492 S.
1340 450 1523 493 Joannis
1550 450 1791 501 Baptistae.
2575 436 2656 499 19

212 648 333 689 eum
388 624 463 689 ab
520 626 662 712 ipso
732 625 1022 690 Domino
1078 626 1347 689 maximi
1389 622 1794 706 habendum,
1865 621 2108 709 Spiritu
2174 632 2400 687 sancto
2465 623 2572 687 vel
2619 646 2658 687 a

214 740 593 823 conceptione
624 739 691 802 in
740 747 927 803 utero
970 738 1367 803 cumulatum
1392 740 1441 819 ¹3
1494 736 1906 801 Nazaraeum
1937 737 2126 800 fore2
2171 744 2236 799 et
2266 734 2349 799 ab
2381 738 2661 821 ipsomet

217 852 399 913 matris
424 851 485 913 in
516 862 701 915 utero
736 850 1147 936 prophetam,
1182 852 1291 936 qui
1322 848 1507 913 Eliae
1538 850 1844 913 virtutem
1893 859 1958 912 et
2003 850 2294 934 spiritum
2353 849 2658 931 imitatus,

218 984 375 1046 quam
428 963 717 1049 plurimis
777 962 866 1027 ad
910 964 1378 1048 poenitentiam
1439 962 1768 1044 adductis,
1814 960 2129 1047 populum
2181 960 2466 1025 Domino
2514 984 2660 1047 per-

220 1073 419 1137 fectum
455 1086 807 1161 paraturus
855 1075 1213 1139 adveniret.
1302 1074 1476 1139 Huic
1536 1076 1775 1139 nuncio
1839 1095 1988 1137 cum
2033 1071 2230 1137 fidem
2290 1096 2421 1137 non
2483 1074 2660 1137 adhi-

220 1184 419 1251 buisset
458 1210 685 1270 senex,
718 1190 944 1253 uxoris
990 1197 1273 1252 aetatem
1315 1188 1444 1251 iam
1476 1196 1856 1272 provectam
1905 1207 2141 1249 causae
2187 1187 2388 1250 instar
2433 1186 2660 1250 attulit.

222 1297 465 1383 Angelus
507 1310 579 1365 ut
627 1299 818 1365 dictis
864 1299 1065 1365 robur
1110 1298 1400 1382 adderet,
1446 1297 1854 1363 incredulum
1900 1322 2022 1362 usu
2066 1297 2328 1383 linguae
2373 1298 2661 1382 mulctat,

224 1421 491 1494 quatenus
559 1414 673 1499 qui
742 1411 1185 1477 dissentiendo
1262 1411 1517 1477 locutus
1584 1412 1833 1494 fuerat,
1899 1410 2180 1475 tacendo
2248 1386 2664 1496 postmodum

225 1522 445 1587 credere
488 1524 792 1589 disceret.
863 1516 1047 1591 Muto
1086 1526 1307 1611 itaque
1354 1523 1675 1588 Zacharia
1719 1526 1785 1587 in
1825 1523 2089 1588 domum
2135 1546 2432 1608 regresso
2481 1523 2665 1588 brevi

223 1632 505 1700 Elisabeth
584 1636 927 1721 gravidam
994 1659 1063 1701 se
1132 1638 1418 1722 agnovit.
1507 1636 1745 1722 Lapsis
1819 1658 2059 1700 novem
2127 1658 2168 1699 a
2234 1640 2666 1722 conceptione

224 1747 503 1813 mensibus
570 1748 942 1831 Elisabeth,
1010 1772 1287 1835 puerum
1356 1748 1576 1814 edidit.
1669 1749 1925 1814 Octava
1993 1748 2132 1831 die,
2201 1752 2670 1836 consanguinei

224 1881 411 1925 recens
460 1872 689 1925 natum
743 1862 1062 1926 infantem
1121 1861 1452 1927 vocabant
1498 1886 1583 1926 ex
1626 1872 1903 1948 paterna
1957 1860 2429 1948 appellatione3
2493 1862 2670 1947 quod

228 1992 343 2034 cum
380 1976 563 2038 matri
596 1974 991 2061 displiceret,
1036 1974 1281 2039 volenti
1312 1984 1385 2038 ut
1429 1974 1472 2040 J
1484 1998 1519 2040 o
1536 1978 1831 2039 annes³
1875 1974 2219 2056 diceretur,
2275 1976 2668 2059 minimeque

227 2082 335 2147 aliis
370 2086 953 2171 acquiescentibus,
1009 2087 1089 2151 de
1117 2110 1235 2152 sua
1258 2089 1583 2153 sententia
1626 2087 1991 2173 postulatus
2031 2086 2384 2152 Zacharias
2431 2088 2672 2172 signis⁴

227 2200 509 2263 exaravit:
547 2199 591 2265 J
594 2221 843 2264 oannes
870 2210 969 2263 est
998 2223 1239 2265 nomen
1272 2202 1429 2265 eius.
1476 2199 1647 2264 Tum
1680 2201 1864 2285 quasi
1895 2223 2093 2264 manu
2125 2222 2242 2265 sua
2273 2199 2671 2286 subscripsit,

226 2306 275 2370 id
315 2310 472 2395 quod
518 2312 753 2397 angelo
800 2314 1135 2377 nuncianti
1183 2312 1454 2379 credere
1500 2312 1818 2397 noluerat,
1859 2314 2204 2398 statimque
2246 2322 2544 2399 apertum
2577 2322 2676 2377 est

228 2442 283 2483 os
344 2426 503 2507 eius,
577 2427 765 2510 quasi
854 2422 1135 2490 nominis
1209 2428 1535 2511 impositio
1610 2425 1874 2510 linguae
1954 2425 2218 2490 vincula
2305 2424 2606 2490 solvisset
2632 2428 2673 2487 ⁵.

225 2530 481 2622 Recepta
545 2536 901 2602 Zacharias
964 2537 1260 2624 loquela,
1320 2538 1668 2623 magnifice
1735 2536 1866 2601 Dei
1932 2537 2325 2602 beneficium
2389 2537 2676 2602 humano

227 2651 415 2728 generi
444 2672 675 2715 recens
706 2652 1091 2736 praestitum
1114 2650 1498 2737 prophetico
1525 2652 1755 2736 spiritu
1780 2652 2066 2714 cantavit
2088 2652 2130 2713 ⁶.
2175 2649 2434 2714 Nedum
2458 2659 2678 2714 autem

405 2879 441 2942 ¹)
462 2878 725 2929 Joannem
750 2879 808 2928 in
832 2884 983 2929 utero
1008 2880 1191 2929 matris
1217 2894 1348 2930 suae
1374 2878 1765 2929 sanctificatum
1789 2879 1970 2941 fuisse,
1998 2884 2249 2929 constans
2276 2882 2358 2929 est
2383 2876 2435 2928 S.
2459 2876 2510 2929 S.
2531 2880 2590 2929 P.
2617 2878 2679 2929 P.

226 2968 271 3009 et
290 2961 337 3011 S.
369 2962 419 3013 S.
446 2965 673 3015 traditio.
698 2965 821 3018 Hoc
856 2970 1039 3032 aperte
1065 2966 1258 3015 docent
1282 2981 1323 3015 s.
1336 2966 1654 3031 Cyprianus,
1691 2982 1774 3031 ep.
1809 2966 2001 3029 LXIX,
2039 2968 2119 3015 12.
2157 2966 2225 3015 ad
2257 2966 2437 3031 Magn.
2469 2982 2522 3032 Ρ.
2563 2969 2678 3017 196.

228 3046 475 3115 Origenes,
509 3053 565 3101 in
596 3052 733 3103 Luc.
768 3052 820 3102 h.
854 3052 952 3115 IV,
979 3069 1031 3118 p.
1066 3054 1149 3103 98.
1184 3070 1227 3104 s.
1276 3070 1318 3103 s.
1345 3052 1578 3117 cyrillus
1614 3052 1772 3115 hicn,
1808 3056 1912 3102 cat.
1945 3052 2115 3115 XVII,
2153 3054 2201 3102 8.
2238 3055 2285 3101 9.
2320 3066 2443 3118 pag.
2478 3056 2595 3103 268.
2635 3069 2676 3103 s.

226 3134 515 3201 Ambrosius,
540 3156 661 3206 exp.
686 3140 789 3189 Ev.
816 3156 857 3190 s.
884 3140 1017 3189 Luc.
1044 3140 1080 3189 l.
1104 3140 1147 3189 Ι.
1172 3156 1226 3205 p.
1254 3141 1405 3190 1277.
1432 3155 1474 3189 s.
1522 3140 1898 3205 Hieronymus,
1923 3141 1979 3188 in
2003 3139 2200 3189 Jerem.
2230 3142 2274 3201 1,
2301 3142 2350 3189 4.
2375 3140 2466 3204 IV,
2493 3142 2610 3190 837.
2638 3157 2680 3191 s.

230 3219 478 3287 Gregorius
500 3225 591 3287 M„
616 3226 752 3276 Mor.
778 3226 875 3287 III,
904 3228 952 3275 7.
976 3243 1028 3291 p.
1056 3228 1139 3275 77.
1165 3242 1208 3276 s.
1256 3226 1447 3277 Petrus
1474 3225 1854 3291 Chrysologus,
1881 3242 2035 3277 serm.
2061 3226 2392 3275 LXXXVIH
2416 3244 2468 3291 p.
2497 3228 2612 3277 134.
2639 3244 2681 3277 s.

232 3314 525 3383 Bernartius,
560 3336 644 3386 ep.
682 3323 801 3371 174.
838 3320 907 3370 ad
943 3320 1075 3371 Can.
1110 3320 1285 3387 Lugd.
1318 3321 1369 3383 1,
1405 3323 1522 3371 311.
1557 3324 1676 3371 312.
1719 3322 1784 3371 V.
1819 3338 1864 3371 e.
1901 3336 2023 3371 ann.
2059 3338 2112 3387 p.
2148 3322 2264 3371 700.
2301 3326 2353 3370 ct
2388 3320 2480 3370 alii
2515 3321 2682 3371 multi.

234 3400 387 3453 Pstres
402 3412 691 3471 sequuntur
714 3405 1033 3457 scholastici
1056 3424 1177 3458 cum
1203 3407 1325 3457 divo
1352 3407 1557 3457 Thoma
1578 3408 1677 3471 ΠΙ,
1699 3425 1749 3473 q.
1771 3410 1854 3457 27.
1876 3423 1924 3457 a.
1947 3411 1993 3459 1.
2016 3412 2068 3458 et
2095 3411 2142 3457 6.
2170 3408 2252 3457 ed.
2277 3408 2410 3458 Bon.
2439 3410 2589 3459 1858.
2615 3410 2680 3469 Χ,

235 3489 333 3538 545.
353 3494 457 3542 581.
490 3494 677 3559 Neque
704 3498 867 3559 negat
900 3510 941 3543 s.
967 3495 1315 3560 Augustinus,
1351 3510 1435 3559 ep.
1464 3496 1578 3557 187,
1606 3494 1672 3543 de
1703 3508 1876 3559 praes.
1901 3495 1969 3544 D.
1994 3494 2029 3544 l.
2057 3509 2106 3544 a.
2131 3494 2295 3544 Dard.
2323 3510 2368 3543 c.
2398 3496 2443 3544 7.
2469 3512 2520 3560 p.
2547 3496 2682 3557 686„

235 3590 363 3637 quem
399 3580 729 3645 explicarunt
770 3580 822 3629 d.
864 3580 1121 3644 Thomas,
1156 3582 1214 3630 in
1244 3582 1325 3630 111
1360 3598 1410 3647 q.
1447 3584 1493 3632 1.
1529 3596 1578 3631 a.
1614 3583 1664 3630 6.
1700 3598 1745 3631 e.
1781 3597 1825 3631 e.
1860 3598 1912 3647 p.
1948 3584 2065 3631 582.
2101 3587 2154 3631 et
2187 3598 2230 3632 s.
2287 3582 2684 3645 Bonaventura,

240 3676 390 3726 expos.
416 3666 465 3715 in
490 3682 535 3715 c.
560 3666 601 3715 1.
626 3666 763 3716 Luc.
800 3666 883 3716 ed.
916 3667 1088 3731 Lugd.
1119 3670 1269 3718 1669.
1304 3668 1373 3730 Π,
1402 3670 1449 3717 7.
1476 3684 1517 3718 s.
1545 3666 1626 3717 Cf.
1651 3668 1810 3719 Joan.
1839 3667 1908 3717 da
1943 3666 2201 3732 Sylveira,
2239 3666 2439 3717 Comm.
2469 3669 2524 3717 in
2557 3674 2683 3717 text.

237 3744 411 3815 Evang.
432 3751 472 3813 1,
496 3768 541 3801 c.
566 3756 615 3803 4.
642 3770 693 3819 q.
718 3753 893 3802 XXII.
920 3758 973 3802 et
995 3753 1195 3803 XXIII.
1222 3771 1273 3820 p.
1301 3756 1383 3804 64.
1404 3756 1488 3803 65.
1514 3751 1555 3819 ²)
1582 3754 1648 3803 V.
1673 3754 1811 3804 Hist.
1831 3753 1895 3802 R.
1913 3754 1980 3803 D.
1999 3755 2064 3803 V.
2083 3754 2144 3803 T.
2165 3771 2216 3819 p.
2243 3756 2356 3804 160.
2404 3752 2443 3820 ³)
2467 3756 2686 3820 Etymo-

240 3831 357 3897 logia
374 3852 473 3887 non
494 3838 771 3905 vulgarem
794 3842 937 3905 parit
960 3841 1185 3905 gratiam
1210 3840 1333 3889 huic
1357 3841 1573 3903 nomini,
1601 3854 1760 3905 quam
1786 3856 1850 3889 ex
1873 3855 2190 3906 quacunque
2216 3844 2458 3905 petamus
2481 3842 2684 3906 lingua,

242 3920 371 3969 omini
398 3923 531 3974 bono
576 3940 790 3991 semper
840 3926 1197 3991 respondebit.
1246 3926 1503 3991 Agnoscit
1537 3928 1677 3976 enim
1722 3926 1953 3976 radicem
1985 3922 2084 3996 ’ρ’ζῐ,
2121 3941 2258 3992 quae
2285 3931 2339 3977 et
2361 3928 2416 3975 in
2441 3932 2608 3975 matre
2636 3932 2689 3975 et

242 4012 417 4067 filiabus
452 4020 739 4085 significat:
794 4021 1060 4084 gratiosus
1102 4020 1227 4083 fuit,
1277 4022 1503 4086 gratiam
1550 4022 1842 4087 praestitit3
1888 4027 2213 4087 quapropter
2269 4026 2377 4092 '5305'
2429 4021 2570 4071 idem
2609 4026 2689 4071 est

245 4110 357 4170 quod
378 4106 486 4171 Θεὸς
511 4112 731 4179 ἠλέησεν,
758 4114 845 4163 vel
890 4110 1195 4183 ἐχαρίτωσις.
1261 4114 1341 4163 cf.
1368 4115 1675 4178 Butnerum,
1703 4115 1738 4165 l.
1765 4132 1810 4165 c.
1836 4134 1888 4182 p.
1915 4119 2031 4167 286.
2081 4114 2124 4182 ⁴)
2151 4118 2292 4178 Quia
2315 4115 2506 4167 surdus
2533 4115 2688 4165 simul

246 4199 285 4239 et
300 4204 451 4248 mutus
472 4206 599 4263 erat,
618 4206 851 4250 mentem
871 4214 1023 4250 suam
1042 4201 1275 4250 tabellae
1292 4202 1459 4253 veteri
1480 4218 1624 4251 more
1652 4219 1713 4251 ex
1735 4218 1859 4251 cera
1877 4203 2050 4252 factae
2076 4204 2358 4268 inscripsit.
2385 4200 2464 4251 Cf.
2493 4201 2688 4265 Ovidii,

246 4288 411 4333 metam.
454 4286 552 4350 IX,
588 4292 673 4338 11.
722 4286 1057 4350 Tertulliani,
1085 4288 1149 4337 de
1175 4286 1302 4337 idol.
1329 4305 1376 4337 c.
1400 4290 1484 4337 23.
1509 4289 1551 4351 Ι,
1578 4290 1661 4338 52.
1709 4290 1799 4339 Fr.
1825 4290 2080 4354 Baringii‚
2108 4288 2234 4339 diss.
2261 4288 2326 4337 de
2350 4285 2602 4357 πινακιδίῳ
2624 4320 2688 4326 --

244 4370 449 4431 pugillari
466 4401 531 4412 -—-
549 4373 864 4433 Zachariae,
890 4373 945 4422 in
971 4374 1131 4424 Thes.
1157 4374 1231 4423 th.
1260 4390 1311 4440 Ρ.
1339 4376 1457 4424 306.
1483 4392 1524 4425 s.
1553 4374 1592 4441 ⁵)
1618 4375 1751 4425 Luc.
1781 4380 1826 4425 1.
1853 4378 2040 4425 5—25.
2067 4376 2288 4425 57-66,
2317 4374 2398 4424 cf.
2425 4375 2689 4441 Origenis,

244 4452 285 4499 in
306 4454 483 4508 Lucam
506 4459 685 4509 homil.
712 4460 807 4509 IX.
834 4460 907 4522 V,
947 4462 1063 4510 106.
1112 4460 1153 4527 ⁶)
1191 4460 1333 4522 Quia
1356 4462 1609 4511 nativitas
1633 4463 1740 4511 ista
1775 4464 1982 4527 signum
2018 4462 2122 4511 fuit
2144 4463 2493 4513 certissimum
2530 4463 2690 4535 bene-

244 4536 339 4589 ficia
369 4543 459 4593 Dei
492 4562 587 4612 per
620 4546 878 4597 Messium
915 4546 1240 4597 conferenda
1273 4562 1440 4612 prope
1479 4553 1533 4597 et
1558 4564 1682 4597 mox
1717 4548 1992 4614 impletum
2027 4549 2109 4598 iri.
2165 4548 2320 4598 Hanc
2352 4548 2508 4598 fidem
2544 4566 2689 4599 more

244 4632 403 4691 τειῑιιιιι,
438 4632 512 4683 his
554 4634 731 4683 verbis
781 4634 1050 4698 exprimit,
1090 4646 1229 4697 quae
1274 4634 1419 4684 facta
1464 4634 1642 4698 potius
1686 4636 1804 4700 ipso
1851 4650 2037 4700 opere,
2085 4650 2245 4700 quam
2291 4634 2465 4684 adhuc
2511 4635 2691 4684 futura

2309 4722 2376 4769 241·
