3267 5259
660 410 782 476 146
1326 424 1444 468 nist.
1474 424 1579 467 nov.
1608 425 1698 469 «nv.
1727 425 1780 468 u.
1811 426 1860 467 r.
1891 424 2061 469 rex-10⁶.
2089 425 2123 467 1.
2143 437 2235 479 cap.
2265 426 2467 469 numm.

652 608 943 663 mentum
1005 608 1293 664 exstaret
1352 600 1553 685 ipsius
1614 603 2060 685 arrogantiae3
2130 601 2308 686 quod
2373 624 2599 687 regem
2667 625 2739 666 se
2805 602 3098 688 professus

656 720 814 793 erat,
864 733 1009 775 cum
1058 732 1293 775 revera
1336 734 1469 777 non
1518 723 1709 777 esset.
1757 713 2004 779 Pilatus
2033 713 2100 777 id
2134 714 2312 799 quod
2353 718 2662 801 scriptum
2709 716 2850 799 fuit,
2891 714 3096 779 habert-

652 846 721 887 se
769 846 887 910 pro
938 825 1177 909 scripto
1226 834 1367 889 rato
1414 825 1812 912 respondit¹.
1889 826 2078 891 Tunc
2123 830 2532 911 vestimenta,
2595 830 2830 915 quibus
2873 828 3096 892 indutus

651 935 773 999 fuit
804 935 845 999 J
850 958 1017 1018 esus,
1066 958 1147 1000 ca
1176 937 1409 1002 milites
1440 949 1812 1003 sumserunt
1849 938 1989 1021 sibi,
2039 962 2122 1004 ex
2153 962 2334 1005 more
2366 964 2658 1025 romano,
2705 952 2900 1028 prout
2927 940 3098 1027 spolia

649 1050 933 1112 sontium
952 1050 994 1111 2.
1074 1046 1396 1114 Omnibus
1464 1052 1556 1115 sic
1616 1053 1902 1138 peractis
1963 1052 2270 1118 custodes
2329 1054 2774 1131 considentes,
2844 1054 3096 1118 centurio

650 1170 715 1223 et
761 1162 985 1245 quiqui
1029 1159 1158 1225 illic
1205 1162 1500 1245 aderant,
1548 1164 1894 1230 crucifixos
1941 1165 2392 1251 observarunt,
2437 1189 2520 1231 ne
2567 1166 2738 1233 forte
2783 1165 2867 1231 ab
2911 1166 3098 1229 amicis

649 1272 1149 1337 detraherentur
1166 1276 1209 1339 3.

1433 1576 1491 1655 ξ.
1526 1574 1629 1641 32.
1693 1572 1931 1637 Jesus
1975 1575 2050 1638 in
2097 1597 2349 1639 cruce.

854 1743 1020 1809 Cum
1071 1744 1267 1810 Jesus
1310 1746 1566 1827 integer
1610 1748 1784 1809 vitae
1829 1745 1982 1811 licet
2035 1745 2429 1832 scelerisque
2491 1768 2723 1832 purae,
2787 1746 3098 1809 damnatus

648 1854 982 1921 seditionis
1028 1860 1289 1922 nomine
1338 1868 1403 1921 et
1447 1858 1734 1922 affectati
1780 1860 1997 1943 regni,
2067 1860 2237 1923 inter
2297 1858 2460 1923 duos
2519 1858 2808 1923 latrones
2855 1856 3098 1922 suffixus

645 1970 823 2031 cruci
888 1970 1235 2055 penderet,
1306 1970 1750 2056 spectaculum
1806 1973 2030 2055 utiquc
2093 1970 2160 2035 id
2219 1970 2586 2035 miserabile
2648 1970 2788 2035 fuit.
2871 1970 3096 2033 Revera

644 2082 813 2144 enim
886 2084 1097 2147 crucis
1166 2082 1585 2168 supplicium,
1656 2085 1706 2147 si
1775 2083 2081 2147 infamiae
2139 2083 2550 2169 magnitudo,
2623 2093 2688 2146 et
2747 2084 3096 2168 praesertim

640 2215 1001 2278 poenarum
1038 2192 1423 2259 diuturnitas
1467 2195 1533 2258 in
1581 2218 1659 2259 eo
1708 2194 2082 2279 attenditur,
2132 2194 2644 2259 crudelissimum
2693 2194 2834 2278 fuit,
2881 2195 3096 2258 teterri-

644 2326 954 2391 mumque
972 2310 1017 2370 4.
1068 2306 1193 2371 Ast
1230 2330 1308 2372 eo
1342 2308 1605 2372 minime
1641 2309 1946 2372 commoti
1981 2316 2130 2372 sunt
2158 2306 2501 2393 pontifices
2538 2309 2826 2391 maximi,
2873 2306 3096 2371 scribae

850 2505 887 2573 ¹)
936 2507 1207 2574 Quidquid
1244 2508 1409 2574 aliqui
1446 2514 1770 2573 repugnent,
1824 2510 1996 2573 potuit
2041 2514 2246 2558 mutare
2299 2509 2504 2559 Pilatus
2551 2525 2646 2574 per
2695 2508 2844 2574 leges
2877 2520 3096 2557 romanas

638 2593 800 2643 'rituli
836 2594 1019 2656 verba,
1057 2594 1151 2645 sed
1188 2594 1373 2644 noluit.
1415 2594 1575 2657 „Ideo
1614 2597 1752 2645 enim
1777 2596 1982 2645 Pilatus
2022 2595 2165 2661 quod
2200 2596 2414 2660 scripsit
2449 2597 2676 2661 scripsit,
2717 2596 2842 2660 quia
2863 2596 3096 2644 Dominus

636 2679 779 2746 qnod
805 2680 936 2729 dixit
962 2680 1153 2744 dixit3⁴⁴
1180 2682 1354 2746 inquit
1376 2698 1417 2731 s.
1444 2680 1790 2747 Aug-ustinus,
1817 2683 1871 2731 in
1897 2680 2093 2731 Joann.
2119 2682 2219 2731 Ev.
2245 2698 2291 2730 c.
2320 2683 2402 2731 19.
2427 2688 2492 2730 tr.
2528 2684 2641 2731 117.
2669 2698 2720 2731 n.
2747 2684 2796 2731 5.
2821 2698 2874 2746 p.
2899 2682 3006 2730 798.
3032 2679 3098 2727 lta

634 2767 739 2815 Dei
776 2766 1114 2816 Providentia
1150 2767 1459 2817 moderante
1499 2768 1712 2829 accidit,
1755 2772 1814 2817 ut
1851 2769 1918 2818 ab
1956 2767 2166 2817 homine
2191 2768 2420 2817 Ethnico
2445 2768 2690 2832 quisnam
2717 2782 2904 2817 revera
2925 2767 3096 2818 haben-

636 2852 734 2902 dus
773 2858 915 2902 esset
948 2852 1109 2903 Jesus
1146 2857 1395 2903 testatum
1434 2856 1740 2919 acciperent
1762 2853 1972 2916 Judaei,
2011 2858 2174 2919 atque
2211 2856 2498 2919 impietatis
2525 2866 2656 2903 suae
2682 2854 3096 2919 approbationem

638 2938 889 3003 legerent.
946 2939 1025 2990 Cf.
1065 2940 1116 2989 J.
1154 2939 1542 3005 Langhausen,
1590 2940 1656 2990 de
1693 2942 2080 2991 resurrectione
2117 2941 2168 2990 J.
2207 2940 2266 2991 C.
2303 2940 2534 2991 hostium
2581 2941 2898 2991 testimoniis
2934 2936 3096 2988 confir·
3184 2995 3185 3012 χ

636 3029 796 3074 mata.
842 3025 1080 3091 Regiom.
1111 3028 1262 3077 1764.
1299 3042 1350 3093 p.
1378 3028 1426 3076 5.
1452 3042 1495 3077 s.
1557 3026 1599 3091 ²)
1639 3026 1906 3078 Credibile
1939 3034 2019 3078 est
2043 3044 2108 3078 ex
2133 3027 2350 3078 cohorte
2375 3032 2488 3078 tota
2512 3032 2744 3093 quatuor
2767 3026 2936 3077 solum
2957 3026 3096 3075 fnisse

636 3111 854 3173 militae,
904 3128 1125 3178 quorum
1172 3128 1337 3179 opera
1381 3113 1544 3164 Jesus
1580 3113 1804 3164 suffixus
1841 3116 1984 3165 cruci
2023 3115 2137 3165 fuit.
2195 3118 2440 3175 Quatuor
2485 3130 2611 3179 crgo
2657 3114 2902 3164 fecerunt
2943 3121 3096 3177 partes

634 3198 799 3264 pallii.
844 3200 927 3249 Dc
964 3201 1147 3250 tunica
1182 3199 1345 3266 longa
1378 3201 1537 3267 talari
1574 3206 1688 3251 tota
1714 3201 1880 3251 textili
1907 3230 1974 3238 —
1999 3201 2050 3251 d.
2075 3218 2124 3267 q.
2151 3218 2200 3251 v.
2237 3201 2290 3251 J.
2315 3202 2485 3262 Marx,
2525 3200 2720 3251 Gesch.
2745 3200 2795 3250 d.
2821 3200 2873 3249 h.
2895 3198 3096 3249 Rockes.

636 3286 803 3335 Trier.
820 3288 969 3335 1844.
996 3303 1047 3351 p.
1063 3289 1109 3336 9.
1124 3302 1165 3336 s.
1192 3314 1259 3323 -—-
1286 3286 1495 3352 qualem
1514 3286 1715 3337 Judaei
1737 3292 2016 3352 gestarunt
2041 3294 2094 3337 et
2118 3287 2256 3337 aliae
2281 3290 2335 3337 in
2357 3287 2576 3337 Oriente
2599 3292 2804 3353 gentes,
2841 3302 2956 3337 cum
2980 3290 3094 3334 esset
3182 3322 3183 3361 ἢ

637 3371 968 3422 inconsutilis
1008 3372 1277 3435 dixerunt,
1317 3388 1383 3423 ne
1422 3373 1750 3436 scindamus,
1810 3374 1904 3423 sed
1941 3376 2096 3425 sortis
2134 3374 2352 3424 arbitrio
2401 3375 2760 3436 comittamus,
2817 3374 2935 3439 quis
2975 3371 3094 3420 illam

636 3458 848 3508 habeat.
903 3458 957 3509 Si
996 3460 1279 3510 scidissent
1314 3465 1367 3509 et
1404 3459 1684 3509 artificium
1721 3460 2079 3525 perdidissent
2115 3466 2168 3511 et
2202 3476 2382 3523 usnm3
2421 3460 2544 3509 hinc
2581 3476 2710 3525 crgo
2747 3458 2950 3509 malunt
2973 3457 3094 3507 illam

635 3547 791 3593 unius
838 3560 977 3609 esse,
1032 3548 1338 3611 iustumque
1374 3547 1638 3607 iudicant,
1687 3549 1962 3597 cuiusnam
2007 3548 2190 3597 futura
2225 3548 2296 3597 sit
2333 3547 2560 3612 experiri
2605 3552 2766 3597 sorte.
2835 3546 2950 3595 Hoc
2997 3546 3093 3607 ipso

635 3632 941 3694 mysterium
978 3632 1279 3698 Prophetae
1318 3633 1557 3681 canentis
1598 3638 1680 3682 est
1718 3632 2006 3698 impletum.
2055 3634 2142 3683 Ps.
2180 3636 2263 3695 21,
2297 3636 2375 3683 19.
2423 3632 2596 3682 Facta
2630 3632 2764 3681 haec
2803 3648 2840 3683 a
2871 3630 3096 3681 militibus

636 3722 781 3779 sunt,
830 3722 889 3766 nt
932 3718 1055 3767 huic
1103 3720 1357 3771 vaticinio
1403 3734 1499 3769 sua
1548 3724 1822 3769 constaret
1863 3719 2010 3771 fides.
2061 3719 2142 3769 Cf.
2167 3720 2230 3769 A.
2255 3718 2472 3785 Agellii,
2515 3718 2716 3769 Comm.
2755 3720 2810 3768 in
2837 3720 2921 3769 Ps.
2957 3734 3004 3781 p.
3026 3718 3092 3763 96.

636 3803 677 3867 ³)
716 3804 867 3865 Quae
902 3806 1115 3871 scriptis
1150 3805 1405 3855 mandata
1441 3810 1565 3855 sunt
1600 3820 1635 3855 a
1671 3822 1712 3856 s.
1741 3806 2014 3856 Matthaeo
2051 3808 2134 3868 27,
2185 3808 2267 3856 31..
2317 3823 2360 3856 s.
2409 3807 2592 3855 Marco
2633 3808 2714 3867 15,
2763 3808 2849 3855 20.
2883 3822 2922 3856 s.
2965 3804 3094 3853 Luca

636 3892 717 3953 23,
754 3894 834 3941 26.
872 3908 913 3941 s.
962 3896 1015 3941 et
1057 3891 1271 3942 Joanne
1311 3893 1391 3952 19,
1423 3893 1502 3941 16.
1536 3908 1576 3942 s.
1642 3890 1682 3957 ⁴)
1731 3892 1803 3942 Ut
1855 3906 2048 3957 parens
2095 3891 2184 3942 ille
2241 3906 2491 3943 romanae
2531 3892 2868 3958 eloquentiae
2913 3904 3092 3939 crucem

634 3978 887 4041 adpellat.
938 3978 1093 4044 Ipsos
1130 3978 1183 4027 in
1221 3993 1379 4027 cruce
1419 3976 1613 4027 Christi
1654 3979 1921 4028 eruciatus
1959 3980 2077 4043 quis
2115 3994 2222 4029 non
2252 3978 2440 4029 oculus
2463 3979 2728 4043 inspicere
2755 3978 2960 4043 refugit,
2993 3975 3094 4039 quis
3177 4004 3179 4025 i

636 4080 741 4114 non
788 4066 997 4115 animus
1044 4080 1163 4113 cum
1218 4064 1435 4115 horrore
1483 4064 1548 4114 de
1591 4066 1658 4113 iis
1715 4066 1948 4129 cogitat?
2013 4066 2132 4115 Non
2183 4070 2392 4130 poterat
2437 4082 2479 4116 s.
2513 4065 2758 4115 Joannes
2805 4070 3092 4114 commotum

633 4152 999 4202 vehementius
1039 4153 1269 4201 animum
1308 4150 1503 4200 Christi
1540 4153 1597 4200 in
1634 4167 1843 4201 crucem
1880 4152 2110 4201 animam
2147 4153 2354 4216 agentis
2403 4152 2654 4217 passione
2699 4153 2912 4213 testari,
2959 4162 3094 4215 quam

634 4255 837 4289 summo
872 4238 1157 4288 verborum
1194 4237 1507 4302 compendio
1548 4240 1629 4299 19,
1661 4240 1742 4287 23.
1771 4254 1813 4287 s.
1861 4254 1970 4287 rem
2019 4242 2220 4303 gestam
2267 4237 2740 4303 comprehendens.
2793 4237 2866 4287 At
2905 4237 3094 4287 uberem

634 4325 832 4375 doloris
870 4326 1191 4390 terrorisque
1228 4326 1529 4387 materiam,
1569 4340 1689 4373 cum
1727 4324 1904 4375 solatii
1941 4340 2048 4373 non
2087 4326 2259 4375 minus
2295 4324 2562 4375 foecunda
2595 4326 2691 4389 sit3
2739 4330 2794 4374 et
2829 4324 2926 4374 sub
2961 4322 3096 4371 aesti-
3175 4342 3177 4353 ·

634 4413 863 4461 mationc
900 4412 1035 4461 tanti
1072 4412 1243 4461 meriti
1278 4411 1367 4461 vel
1403 4412 1459 4460 in
1495 4411 1740 4476 glaciatis
1779 4412 2084 4477 pectoribus
2129 4411 2308 4462 focum
2356 4413 2550 4461 amoris
2596 4411 2894 4461 accendere
2935 4409 3094 4475 possit.

634 4499 820 4561 paucis
859 4498 1095 4548 delibare
1132 4497 1407 4548 audemus.
1458 4495 1742 4548 Sedentem
1779 4502 1939 4548 acuta
1975 4513 2150 4559 cruce,
2189 4498 2525 4560 distractum,
2581 4502 2640 4547 ut
2685 4512 2812 4547 ossa
2855 4493 3096 4546 numerari

633 4590 853 4649 possent
890 4585 1011 4635 coll.
1050 4586 1137 4635 Ps.
1166 4587 1247 4646 21,
1280 4587 1357 4634 15.
1387 4586 1465 4635 18.
1507 4600 1718 4651 corpus,
1757 4590 2113 4651 extensusque
2141 4585 2208 4635 ad
2235 4590 2522 4635 antennam
2547 4600 2755 4647 manus,
2793 4584 2864 4635 ad
2888 4580 3096 4633 erut-isle
