3267 5259
594 365 716 430 118
1242 378 1357 419 mat.
1388 377 1492 418 nov.
1522 375 1610 417 aiv.
1641 377 1694 418 s.
1725 377 1776 418 r.
1805 375 1976 418 renos.
2007 376 2040 418 1.
2067 387 2162 427 esp.
2191 375 2392 416 alterum.

588 563 649 615 et
690 558 875 626 vita3
922 558 1122 616 doctor
1165 556 1323 628 veri,
1385 558 1554 615 dator
1598 556 1760 614 vitae
1778 554 1816 615 ¹.
1885 555 1948 613 Si
2005 557 2247 631 proinde
2307 555 2723 630 cognovissetis
2777 575 2900 626 me,
2977 557 3074 632 qui

588 662 689 721 via
731 681 878 732 sum,
926 667 987 718 et
1029 679 1142 738 quo
1186 679 1290 734 ego
1335 661 1501 732 vad0,
1586 660 1824 717 Patrem
1867 659 2110 738 inquam
2153 679 2348 716 meum
2391 659 2808 732 cognovissetis
2821 655 2866 716 ².
2947 659 3074 715 Non

588 765 890 823 intellexit
932 764 1244 839 Philippus
1260 809 1273 835 ,
1336 783 1509 842 quem
1554 763 1906 821 desiderium
1949 764 2106 838 cepit
2147 763 2524 837 cognoscendi
2567 762 2791 834 Deum,
2839 763 3076 820 Patrem

588 869 651 926 in
697 868 931 926 Christo
973 867 1163 926 videri
1211 887 1398 942 posse;
1444 867 1574 925 ideo
1619 869 1871 924 modeste
1915 871 2085 941 rogat
2127 867 2446 937 Christum,
2495 872 2564 924 ut
2606 867 2724 942 ipsi
2753 867 3076 944 ceterisque

588 973 891 1049 discipulis
936 973 1171 1030 Patrem
1225 973 1491 1030 ostendat
1506 969 1548 1030 3.
1612 972 1943 1046 Respondet
1985 971 2288 1042 Dominus,
2336 976 2398 1028 et
2439 969 2828 1048 conqueritur
2871 971 3074 1038 amice,

586 1077 739 1154 quod
770 1095 804 1132 a
834 1075 1137 1152 discipulis
1168 1081 1332 1133 tanto
1364 1075 1639 1150 temporis
1670 1074 1986 1132 intervallo
2014 1107 2102 1118 -·—
2131 1075 2386 1132 triennio
2417 1107 2505 1116 —
2533 1075 2802 1131 nondum
2831 1073 2912 1131 sit
2947 1093 3074 1147 eog-

588 1180 813 1238 nit-um:
860 1199 919 1237 se
958 1199 1077 1237 esse
1107 1197 1314 1238 verum
1338 1179 1449 1237 Dei
1480 1178 1692 1254 filium,
1738 1179 1978 1256 ideoque
2007 1178 2072 1235 in
2109 1179 2234 1254 ipso
2265 1178 2428 1236 cerni
2457 1178 2698 1235 Patrem
2710 1176 2753 1235 ⁴.
2807 1177 3074 1236 Consola-

589 1289 775 1342 torem
800 1283 1007 1341 deinde
1031 1284 1325 1359 promittit
1348 1303 1528 1341 ——sc.
1562 1281 1855 1358 Spiritum
1876 1279 2180 1340 sanctum⁵
2208 1315 2294 1324 —
2312 1327 2326 1352 ,
2358 1289 2430 1339 ut
2473 1287 2710 1339 maneat
2753 1301 2894 1339 cum
2913 1281 3072 1356 ipsis,

588 1407 702 1444 non
737 1406 919 1462 parvo
945 1387 1142 1464 aliquo
1171 1387 1450 1462 temporis
1480 1386 1687 1462 spatie,
1721 1387 1819 1444 sed
1849 1405 2076 1461 semper
2105 1387 2269 1444 donis
2299 1385 2420 1443 suis
2435 1383 2476 1444 ⁶.
2509 1385 2804 1460 Spiritum
2836 1386 3076 1463 inquam

588 1491 887 1562 veritatis,
952 1495 1020 1548 ut
1063 1491 1165 1569 qui
1210 1491 1290 1548 sit
1334 1511 1365 1548 e
1408 1491 1661 1548 veritate
1680 1488 1720 1548 ⁷.
1769 1491 2024 1548 Mundus
2067 1490 2344 1565 spiritum
2387 1491 2548 1547 hunc
2592 1508 2711 1548 non
2759 1489 3068 1564 cognoscit,

590 1663 696 1670 ——

798 1757 837 1822 ¹)
887 1755 1290 1806 observandam
1346 1755 1569 1820 singulis
1613 1753 1800 1804 horum
1860 1757 2126 1804 nominum
2182 1757 2379 1820 apponi
2435 1755 2746 1805 articulum:
2792 1753 2825 1818 ἠ
2873 1750 3006 1814 ὁδός,
3049 1755 3075 1818 τ’,

589 1839 803 1907 ἀλήθεια,
838 1839 971 1906 καὶὴ
1010 1838 1141 1906 ζωὴς
1186 1847 1245 1890 ut
1276 1841 1570 1903 indicetur,
1632 1857 1740 1890 non
1769 1842 2057 1906 quamlibet
2095 1843 2260 1903 viam,
2297 1844 2591 1903 veritatem,
2630 1847 2724 1892 aut
2759 1843 2928 1892 vitam
2965 1859 3075 1891 esse

590 1930 879 1990 Christum,
918 1928 1012 1978 sed
1049 1927 1217 1978 solam
1256 1934 1310 1977 et
1342 1929 1574 1978 unicam.
1612 1927 1751 1977 Coll.
1787 1928 1902 1977 Act.
1937 1930 1987 1989 4,
2017 1931 2096 1978 12.
2161 1929 2332 1988 „Quia
2367 1929 2468 1977 uisi
2505 1943 2601 1993 per
2639 1928 2936 1990 Christum,
2975 1946 3076 1978 non

586 2019 694 2066 itur
731 2016 799 2066 ad
820 2015 1134 2077 Christum,“
1174 2016 1347 2079 inquit
1380 2029 1423 2064 s.
1460 2015 1592 2076 Le0,
1632 2030 1785 2064 serm.
1821 2016 1903 2064 67.
1939 2014 2006 2063 de
2039 2015 2188 2064 Pass.
2219 2017 2297 2076 16,
2333 2017 2382 2063 2.
2409 2031 2462 2079 p.
2499 2017 2614 2064 120.
2665 2014 2708 2078 ²)
2745 2015 2853 2064 Per
2887 2015 3076 2064 Filium

590 2105 801 2169 agnitus
840 2108 920 2153 est
955 2103 1137 2164 Pater,
1176 2103 1350 2166 patuit
1386 2101 1525 2150 enim
1578 2116 1710 2150 vera
1763 2102 2106 2166 generatione
2145 2117 2260 2150 esse
2298 2102 2540 2162 Patrem,
2587 2117 2697 2166 qua
2731 2101 2982 2151 Filium
3017 2118 3076 2150 et

587 2205 644 2240 se
681 2191 917 2255 genitum
952 2188 1163 2238 habeat.
1207 2187 1501 2249 „Viderunt
1533 2187 1780 2253 Apostoli
1819 2186 2090 2236 Christum
2125 2188 2416 2238 secundum
2452 2201 2666 2237 carnem
2691 2195 3002 2248 assumtam,
3026 2190 3076 2236 in

588 2290 695 2341 qua
730 2280 845 2324 erat
879 2275 1130 2336 Verbum,
1170 2280 1223 2324 et
1258 2274 1314 2322 in
1350 2274 1528 2323 Verbo
1566 2274 1744 2324 Pater.
1785 2273 1938 2323 Unde
1975 2275 2030 2322 in
2065 2274 2182 2337 ipso
2219 2273 2468 2322 viderunt
2491 2274 2756 2322 Patrem.“
2812 2274 2904 2323 Ita
2928 2275 3074 2323 dinus

583 2361 816 2412 Thomas
842 2377 1022 2426 expos.
1050 2375 1214 2410 aurea
1238 2361 1291 2409 in
1318 2361 1602 2420 Joannem,
1632 2375 1678 2409 c.
1702 2362 1783 2409 14.
1809 2359 1844 2408 1.
1873 2359 1942 2408 Π.
1969 2359 2051 2408 ed.
2075 2360 2196 2409 Par.
2228 2361 2378 2409 1660.
2403 2359 2546 2420 XVI,
2575 2362 2696 2409 469.
2733 2360 2776 2424 ³)
2801 2361 2868 2422 Q.
2895 2361 2948 2410 d.
2975 2377 3074 2410 non

584 2447 724 2497 ultro
751 2447 1055 2512 quaerendo
1084 2447 1277 2496 erimus
1316 2447 1541 2495 molesti.
1579 2446 1766 2495 Tacite
1793 2451 1970 2495 autem
1994 2445 2128 2494 illud
2163 2451 2339 2510 negat,
2380 2445 2522 2510 quod
2560 2445 2804 2496 Christus
2841 2449 3074 2511 proxime

585 2533 957 2594 affirmaverat,
1013 2534 1225 2583 Patrem
1264 2534 1331 2582 ab
1369 2534 1499 2598 ipsis
1535 2534 1641 2582 iam
1677 2533 1850 2582 visum
1887 2547 2020 2582 esse.
2075 2531 2117 2596 ⁴)
2145 2532 2359 2580 Etenim
2395 2548 2490 2596 per
2515 2532 2904 2582 hiunanitatem
2935 2533 3072 2581 vide-

583 2622 742 2671 batur
777 2621 833 2669 in
872 2619 1081 2670 Christo
1120 2621 1379 2679 Verbum,
1436 2619 1720 2669 videbatur
1757 2619 1916 2668 etiam
1954 2618 2143 2681 Pater,
2201 2619 2291 2683 qui
2335 2619 2486 2668 Deus
2534 2624 2616 2668 est
2659 2621 2820 2668 unius
2857 2626 3072 2669 naturae

584 2723 705 2756 cum
740 2707 935 2756 Verbo.
1000 2705 1095 2765 „In
1132 2708 1249 2770 ipso
1287 2707 1427 2754 enim
1466 2711 1519 2754 et
1554 2721 1652 2770 per
1689 2706 1860 2770 ipsum
1897 2705 2072 2754 Patris
2119 2705 2352 2769 cognitio
2400 2704 2745 2769 prodebatur.
2807 2703 2918 2754 Sed
2963 2721 3074 2754 cum

582 2793 882 2842 hominibus
908 2791 1155 2841 salutaris
1178 2798 1477 2857 appareret,
1516 2797 1625 2840 tum
1663 2807 1759 2856 per
1793 2789 1917 2839 Filii
1952 2791 2237 2840 humanam
2272 2790 2494 2839 formam
2529 2791 2870 2840 videbatur.“
2909 2793 3070 2841 Euse-

582 2879 701 2929 bius
729 2877 806 2939 C„
833 2877 1116 2927 demonstr.
1144 2894 1225 2928 ev,
1264 2879 1328 2940 V,
1358 2880 1438 2928 13.
1466 2895 1516 2942 p.
1543 2879 1625 2926 24.
1655 2876 1736 2926 cf.
1763 2882 1817 2926 et
1841 2877 1907 2926 ei.
1934 2876 2016 2926 de.
2043 2876 2172 2926 eccl.
2199 2875 2384 2925 Theol.
2410 2875 2510 2938 111,
2537 2879 2618 2926 21.
2647 2877 2714 2925 ed
2739 2877 2941 2942 Migne.
2977 2877 3072 2942 Op.

580 2965 704 3014 Par.
756 2965 905 3014 1857.
939 2963 1040 3024 VI,
1079 2965 1227 3013 1046.
1275 2965 1475 3014 Probat
1519 2965 1600 3025 14,
1649 2965 1730 3012 10.
1784 2962 1840 3013 id
1887 2961 2029 3029 quod
2075 2962 2206 3011 dixit
2255 2977 2300 3012 a.
2339 2962 2431 3012 illo
2469 2969 2812 3028 argumente,
2867 2963 3070 3030 quodvfi

580 3047 925 3118 περιχώρησις,
964 3050 1344 3112 circumsessiO,
1382 3063 1730 3114 personarum
1767 3049 2062 3098 divinarum
2107 3054 2294 3100 mutua
2338 3051 2683 3100 inexistentia
2718 3065 2753 3100 a
2787 3051 3068 3116 Theologis

580 3134 898 3201 adpellatur.
936 3137 998 3184 V.
1037 3134 1416 3196 Lombardum,
1456 3139 1589 3185 sent.
1631 3135 1674 3184 Ι.
1704 3137 1785 3197 19,
1816 3136 1860 3184 1.
1887 3151 1928 3184 s.
1963 3152 2016 3199 p.
2061 3137 2144 3184 25.
2181 3135 2338 3184 Hanc
2374 3137 2545 3201 ipsam
2583 3137 3070 3188 circumsessionem

582 3221 816 3272 ostendit
842 3239 903 3272 eo
930 3222 1141 3284 indicio,
1180 3221 1322 3286 quod
1348 3237 1485 3286 quae
1512 3223 1625 3287 ipse
1652 3220 1884 3286 loquitur
1909 3226 2071 3286 atque
2097 3223 2221 3286 agit,
2260 3221 2394 3272 haec
2431 3223 2592 3272 Pater
2625 3223 2684 3272 in
2710 3225 2830 3288 ipso
2857 3239 3069 3274 manens

581 3309 849 3374 loquatur,
890 3313 1052 3372 atque
1090 3311 1230 3372 agat.
1267 3307 1454 3373 Neque
1480 3307 1644 3357 semel
1680 3308 2026 3373 proposuisse
2063 3313 2344 3358 contentus
2379 3311 2432 3358 b.
2473 3311 2554 3371 14,
2577 3313 2658 3359 11.
2681 3316 2736 3358 et
2765 3311 2848 3360 12.
2887 3312 3070 3376 probat

580 3397 637 3444 in
672 3409 731 3444 se
770 3395 969 3444 habere
1006 3395 1220 3443 Patrem
1256 3409 1321 3443 ex
1358 3393 1602 3443 doctrina
1639 3399 1694 3443 et
1727 3393 2024 3458 miraculis3
2070 3393 2166 3444 sed
2203 3399 2258 3443 et
2293 3410 2338 3444 c.
2381 3395 2522 3460 quod
2555 3403 2886 3460 potestatem
2921 3401 3068 3447 etiam

581 3479 855 3545 discipulis
904 3481 973 3530 sit
1016 3480 1237 3530 daturus
1274 3480 1503 3542 maiora,
1550 3481 1596 3530 si
1639 3481 1802 3530 fuerit
1837 3496 1970 3545 opus
2020 3507 2087 3515 —
2125 3479 2245 3530 coll.
2283 3480 2417 3530 Luc.
2460 3482 2539 3543 17,
2579 3483 2646 3544 6.,
2693 3510 2764 3518 -
2815 3484 3068 3548 patrandi.

578 3565 642 3616 Id
680 3565 823 3630 quod
860 3566 1005 3616 solus
1042 3565 1190 3616 Deus
1228 3571 1405 3632 potest
1450 3565 1646 3616 facere.
1709 3566 1858 3627 Quae
1906 3565 2144 3617 Christus
2195 3567 2277 3617 his
2328 3567 2534 3630 docuit,
2596 3571 2788 3634 ecquis
2842 3571 3066 3636 proferre

579 3651 791 3714 audeat,
831 3653 959 3716 quin
994 3653 1109 3718 ipse
1145 3652 1295 3702 Deus
1332 3654 1432 3702 sit?
1476 3653 1556 3702 Cf.
1595 3653 1827 3714 Pati-itii,
1863 3655 1920 3704 in
1955 3653 2152 3703 Joann.
2192 3669 2378 3704 comm.
2415 3671 2467 3720 p.
2509 3657 2626 3704 172.
2687 3656 2729 3719 ⁵)
2765 3653 3070 3723 Παράπλητυι

580 3737 917 3799 dicebantur,
958 3739 1049 3802 qui
1098 3753 1132 3787 a
1186 3737 1289 3788 reis
1338 3738 1608 3800 advocati,
1663 3755 1760 3804 pro
1805 3739 1912 3789 illis
1958 3739 2411 3804 deprecabantur,
2467 3747 2522 3790 et
2575 3757 2772 3793 causas
2831 3745 3067 3808 agebant.

580 3823 624 3888 ⁶)
663 3823 785 3874 Non
822 3823 993 3874 solum
1031 3815 1096 3875 de
1132 3824 1419 3889 Apostolis,
1458 3825 1553 3874 sed
1590 3831 1644 3875 et
1679 3825 1745 3875 de
1781 3825 2031 3876 Ecclesia
2065 3826 2467 3891 intelligendum
2509 3829 2933 3902 „Vobisquw‘
2969 3832 3002 3878 i.
3027 3845 3067 3877 e.

579 3925 699 3960 cum
734 3911 983 3961 Ecclesia
1017 3927 1137 3962 mea
1170 3911 1409 3960 manebit
1444 3911 1670 3977 Spiritus
1707 3928 1748 3963 s.
1784 3914 1841 3962 in
1876 3917 2207 3978 perpetuum,
2257 3919 2316 3964 ut
2354 3929 2470 3964 eam
2508 3914 2706 3964 doceat
2741 3931 2956 3966 omnem
2989 3932 3066 3964 ve-

578 3997 804 4047 ritatem.
864 3999 1079 4048 Etenim
1136 4013 1345 4062 semper
1390 3997 1619 4062 Spiritus
1667 4015 1706 4048 s.
1751 3999 2034 4050 Ecclesiae
2080 4001 2413 4050 necessarius
2467 4005 2574 4062 est,
2637 4003 2864 4066 eiusque
2917 4003 3068 4067 capiti

578 4098 780 4132 summo
818 4082 1087 4145 Pontifici,
1144 4099 1211 4132 ne
1250 4098 1283 4132 a
1318 4086 1542 4133 veritate
1581 4085 1805 4134 aberret.
1864 4085 2136 4150 Apostolis
2175 4087 2313 4134 enim
2351 4087 2505 4136 datus
2543 4091 2626 4138 est
2651 4087 2887 4153 Spiritus
2923 4103 2984 4148 s.‚
3017 4093 3066 4136 nt

576 4169 877 4218 Ecclesiam
912 4171 1189 4220 veritatem
1227 4169 1495 4233 docerent,
1533 4170 1772 4236 nihilque
1808 4171 2000 4221 falsum
2036 4171 2115 4220 illi
2150 4171 2447 4235 traderent3
2487 4172 2710 4223 eandem
2750 4175 2822 4224 ob
2859 4189 3064 4224 causam

580 4254 796 4304 Summo
833 4255 1079 4306 Pontifici
1116 4257 1449 4307 necessarius
1486 4261 1582 4318 est,
1622 4261 1678 4306 et
1711 4273 1752 4307 s.
1793 4257 2068 4320 Conciliis;
2125 4273 2251 4322 ergo
2287 4257 2393 4308 illis
2432 4274 2646 4324 quoque
2685 4275 2720 4309 a
2755 4261 2874 4310 Deo
2903 4261 3066 4309 datur.

580 4341 621 4405 ⁷)
665 4340 872 4400 „Alium
908 4343 1088 4406 itaque
1124 4342 1461 4392 Paracletum
1498 4344 1743 4408 spiritum
1777 4349 1960 4405 vocat,
2005 4345 2061 4392 in
2106 4345 2324 4408 propria
2369 4345 2582 4409 quidem
2627 4345 2906 4410 hypostasi
2955 4362 3064 4394 eum

577 4427 764 4478 volens
801 4427 1051 4493 intelligi,
1109 4429 1199 4494 qui
1236 4433 1437 4479 tantam
1474 4435 1654 4480 tamen
1693 4446 1812 4480 cum
1847 4431 1965 4496 ipso
2004 4429 2396 4480 similitudinem
2434 4431 2657 4494 habeat,
2717 4439 2933 4497 tamque
2981 4447 3068 4498 per

580 4513 757 4562 omnia
792 4513 949 4563 simili
987 4514 1189 4562 ratione
1228 4516 1438 4579 operari
1472 4516 1646 4579 possit
1681 4531 1746 4566 ea
1784 4531 1922 4582 quae
1959 4520 2013 4566 et
2059 4517 2172 4581 ipse
2219 4521 2498 4581 operatur,
2555 4523 2614 4566 ut
2659 4518 2777 4582 ipse
2829 4517 3068 4568 videatur
