3267 5259
592 448 718 512 214
1340 458 1533 500 Dedecus
1560 458 1924 509 Disquisitionum
1953 458 2308 507 theologicarum.

593 641 813 697 Christi
846 639 1349 715 pulchritudinem
1379 640 1451 696 ad
1482 638 1878 695 Divinitatem
1909 639 2266 706 referebant3
2310 640 2476 696 modo
2505 641 2688 697 verba
2727 641 2969 713 ipsorum
2999 649 3044 695 et

594 764 754 801 mens
806 746 955 801 serio
1000 745 1065 800 in
1110 762 1356 800 examen
1407 748 1727 800 revocetur.
1789 741 2160 817 Explicaturi
2209 744 2398 800 Isaiae
2449 743 2520 799 de
2580 744 2792 799 Measia
2844 764 3047 817 passuro

593 847 976 923 prophetiam,
1018 846 1141 905 loca
1172 852 1273 917 52,
1315 850 1411 903 14.
1462 852 1569 915 53,
1619 851 1676 903 3.
1723 848 2154 904 accommodant
2193 848 2264 904 ad
2305 852 2534 921 tempus
2575 847 2896 913 Passionis;
2937 866 3046 903 cum

593 952 815 1009 scilicet
840 950 1006 1007 Jesus
1036 952 1279 1025 probris,
1314 950 1543 1021 ictibus,
1578 952 1766 1025 sputis
1795 956 1854 1006 et·
1882 951 2107 1007 foedato
2137 950 2328 1021 vultu,
2364 952 2528 1008 triste
2559 952 2649 1008 sui
2691 951 3046 1026 spectaculum

594 1056 963 1113 intuentibus
1016 1056 1347 1129 praebebat.
1424 1052 1540 1111 Ubi
1600 1073 1742 1111 vero
1793 1055 2144 1111 vaticinium
2195 1054 2416 1112 Psalmi
2471 1060 2550 1111 44
2567 1100 2580 1124 ,
2629 1060 2687 1111 3.
2765 1056 3048 1129 ‚speciosus

596 1160 787 1217 forma
814 1178 952 1233 prae
982 1157 1123 1215 filiis
1162 1158 1489 1216 hominum‘
1530 1158 2031 1233 interpretantur3
2075 1160 2144 1215 de
2175 1158 2612 1233 pulchritudine
2653 1158 2894 1227 Christi,
2925 1178 3048 1234 qua(-

596 1284 671 1319 ex
702 1262 1032 1319 Divinitate
1062 1267 1120 1318 et
1150 1280 1379 1320 morum
1410 1263 1719 1319 sanctitate-
1751 1262 1998 1335 petitur,
2033 1261 2372 1339 loquuntur.
2423 1260 2954 1339 Quomodooumque
2975 1282 3046 1317 res

597 1386 716 1423 sese
754 1366 1058 1435 habuerat,
1100 1364 1249 1423 illud
1288 1371 1380 1423 sat
1408 1384 1694 1442 superque
1727 1366 2006 1422 habemus
2036 1367 2322 1423 evictum:
2371 1368 2436 1423 in
2467 1366 2697 1424 Christo
2727 1366 3049 1441 aptissimam

596 1470 857 1528 omnium
888 1470 1143 1544 partium
1174 1468 1427 1543 corporis
1456 1469 1896 1543 dispositionem
1925 1469 2122 1525 fuisse.

1803 1669 1884 1732 V.

956 1819 1056 1873 De
1100 1818 1420 1875 instituto
1466 1816 1643 1872 vitae
1686 1819 2008 1871 externae
2051 1818 2121 1870 et
2164 1816 2398 1882 lingua
2444 1814 2715 1870 Christi.

810 1972 897 2027 De
920 1974 1077 2031 vitae
1102 1980 1379 2031 externae
1409 1975 1471 2029 iu
1496 1971 1679 2041 victu,
1713 1969 1949 2040 vestitu,
1985 1971 2268 2045 rebusque
2297 1968 2432 2026 aliis
2462 1970 2534 2026 ad
2565 1971 2818 2044 corporis
2841 1971 3052 2025 necessi-

600 2084 778 2135 tatem
810 2078 1258 2151 pertinentibus,
1292 2078 1355 2134 in
1386 2096 1595 2149 genere
1628 2075 1782 2132 idem
1811 2074 1965 2151 quod
1989 2073 2060 2129 de
2083 2073 2274 2131 forma
2297 2073 2538 2129 Domini
2571 2073 2773 2129 Nostri
2801 2073 3050 2135 diximus,

596 2186 853 2237 statuere
877 2200 978 2237 nos
1002 2182 1305 2239 convenit:
1336 2180 1558 2237 scilicet
1586 2178 2042 2235 mediocritatem
2072 2177 2370 2234 Christum
2399 2178 2682 2245 tenuisse-3
2719 2184 2784 2233 ut
2810 2177 2946 2233 nihil
2967 2187 3052 2233 aut

600 2292 755 2343 certe
788 2304 993 2360 parum
1024 2306 1059 2343 a
1088 2287 1383 2342 communi
1412 2285 1722 2341 hominum
1751 2283 2023 2339 instituto
2051 2280 2403 2338 deflecteret.
2469 2284 2558 2337 Ac
2589 2281 2659 2337 de
2695 2282 2820 2338 cibo
2850 2281 3056 2357 quidem

601 2395 661 2447 et
704 2396 847 2465 potu
890 2408 1319 2447 communem
1364 2388 1587 2447 fuisse
1631 2406 1734 2461 pro
1773 2387 1964 2460 gentis
2013 2405 2170 2443 more
2216 2386 2352 2442 inde
2399 2391 2577 2460 patet,
2621 2386 2778 2462 quod
2821 2384 3054 2440 Christus

598 2494 923 2569 apologiam
980 2496 1071 2551 sui
1120 2494 1419 2551 convictus
1472 2493 1783 2549 institurus
1827 2490 2112 2548 affirmet:
2175 2490 2392 2546 Matth.
2444 2494 2512 2546 11
2535 2534 2550 2559 ,
2605 2494 2702 2546 18.
2752 2492 2844 2546 19.
2897 2488 3054 2557 ,venit

600 2598 637 2655 J
640 2616 853 2655 oannes
906 2616 1091 2675 neque
1144 2597 1524 2667 manducans,
1581 2614 1769 2672 neque
1813 2596 2045 2663 bibens,
2103 2599 2161 2650 et
2203 2594 2409 2650 dicunt
2460 2594 2832 2650 daemonium
2871 2593 3053 2649 habet:

604 2701 773 2760 venit
810 2700 967 2758 filius
1009 2702 1265 2759 hominis
1308 2701 1664 2758 manducans
1709 2706 1768 2756 et
1815 2700 2018 2756 bibens
2063 2704 2122 2755 et
2168 2698 2375 2755 dicunt
2417 2716 2543 2755 ecce
2588 2698 2762 2755 homo
2804 2715 2972 2755 vorax
3009 2703 3056 2750 et

605 2812 835 2882 potator
874 2807 1043 2863 vinis
1100 2804 1268 2862 Unde
1312 2804 1613 2878 colligitur
1641 2805 1929 2861 consuetis
1957 2802 1990 2859 J
1999 2803 2312 2859 udaeorum
2353 2802 2500 2859 cibis
2530 2802 2852 2859 Dominum
2891 2818 3052 2865 usum.

605 2911 705 2987 qui
740 2914 861 2967 tam
888 2928 1055 2983 saepe
1086 2908 1347 2985 alioquin
1380 2926 1745 2965 communem
1775 2926 1907 2965 cum
1939 2906 2060 2963 illis
2097 2924 2358 2963 mensam
2397 2906 2626 2963 habuit.
2689 2904 2853 2967 Quod
2883 2904 3056 2979 utique

605 3033 636 3070 e
661 3014 885 3070 ratione
915 3012 1133 3088 publici
1166 3013 1479 3069 ministerii
1508 3013 1704 3081 fuisse,
1739 3011 1946 3068 docent
1973 3030 2019 3067 s.
2038 3009 2333 3079 heuneus,
2360 3010 2400 3067 l.
2420 3029 2476 3086 q.
2495 3010 2628 3067 adv.
2646 3009 2807 3067 haer.
2833 3006 3048 3065 XXXI.

610 3122 667 3173 2.
701 3137 757 3191 p.
794 3121 938 3174 663.
992 3136 1037 3173 s.
1068 3117 1324 3174 Joannes
1355 3117 1816 3193 chrysostomus,
1851 3116 1916 3171 in
1946 3115 2158 3171 Matth.
2191 3115 2348 3171 hom.
2379 3112 2722 3181 XXXVII,
2761 3116 2816 3169 3.
2853 3132 2903 3187 p.
2935 3114 3052 3167 418.

610 3225 787 3289 419.;
832 3219 1073 3278 uberius
1112 3240 1252 3277 vero
1290 3240 1336 3277 s.
1369 3220 1766 3293 Augustinus,
1815 3224 2020 3276 contra
2057 3218 2342 3275 Faustum
2379 3216 2550 3288 XVI,
2589 3222 2692 3275 31.
2727 3216 2900 3285 VIII,
2933 3216 3050 3271 3o3.

606 3346 651 3382 s.
685 3324 935 3381 Thomas
964 3326 1099 3401 Aq„
1132 3324 1355 3381 Summ.
1390 3323 1513 3380 III.
1540 3341 1597 3400 q.
1627 3328 1730 3380 40.
1755 3342 1808 3379 a.
1839 3328 1896 3379 2.
1930 3328 2154 3393 ,utrum
2185 3322 2450 3379 Christus
2480 3326 2774 3379 austeram
2811 3322 2978 3377 vitam
3004 3319 3056 3372 in

607 3429 717 3485 hoc
758 3427 975 3486 mundo
1014 3428 1219 3485 ducere
1264 3428 1569 3485 debuerit!
1628 3426 1712 3497 X,
1749 3431 1894 3483 838.
1970 3425 2054 3483 Ut
2095 3425 2307 3496 victus,
2355 3426 2442 3482 ita
2475 3430 2534 3481 et
2577 3426 2825 3482 vestitus
2867 3420 3053 3479 Christi

608 3530 871 3604 vulgaris
922 3532 1069 3601 fuit3
1132 3551 1239 3589 nec
1290 3532 1572 3605 pretiosus
1624 3529 1796 3588 valde
1813 3574 1828 3601 ,
1891 3548 1998 3587 nec
2051 3529 2194 3587 vilis
2253 3530 2507 3585 omnino.
2585 3528 2880 3586 Pretiosus
2925 3525 3056 3582 enim

608 3634 810 3691 molles
839 3636 1024 3704 decet3
1059 3640 1117 3692 et
1145 3636 1247 3711 qui
1280 3634 1552 3692 mollibus
1590 3634 1942 3705 vestiuntur,
1976 3638 2045 3690 ut
2073 3634 2160 3690 ait
2189 3634 2312 3707 ipse
2342 3632 2614 3691 Salvator
2651 3634 2864 3690 Matth.
2889 3636 3052 3697 11‚8.‚

612 3738 695 3809 ,in
740 3739 1005 3796 domibus
1050 3758 1253 3811 regum
1295 3740 1473 3795 sunt!
1552 3738 1702 3794 Vilis
1747 3743 1942 3795 autem
1987 3756 2106 3794 non
2147 3737 2420 3795 movisset
2470 3736 2763 3805 militum,
2809 3736 2906 3813 qui
2947 3750 3055 3789 eum

608 3842 1056 3913 crucifixerunt,
1099 3842 1506 3917 cupiditatem,
1540 3847 1610 3899 ut
1640 3842 1764 3899 eius
1801 3846 1989 3899 vestes
2017 3846 2171 3899 sorte
2217 3840 2581 3916 partirentur
2619 3842 2778 3898 inter
2813 3860 2892 3909 se,
2931 3835 3056 3914 quod

610 3966 807 4005 omnes
854 3952 1174 4005 narrarunt
1222 3946 1652 4020 Evangelistae.
1722 3946 1818 4001 Ex
1863 3945 2068 4002 iisdem
2121 3944 2361 4019 perinde
2413 3945 2605 4021 liquet
2646 3944 2956 4010 Christum,
3003 3942 3055 3994 ut

610 4051 837 4123 integre
866 4070 934 4109 ac
962 4052 1228 4107 decenter
1256 4050 1589 4119 vest-iretur,
1622 4054 1843 4106 vestem
1873 4048 2144 4107 habuisse
2168 4068 2282 4106 non
2309 4066 2488 4105 unam
2521 4054 2582 4105 et
2609 4048 2950 4124 simplicem;
2977 4042 3056 4099 sed

609 4155 863 4212 variam:
906 4154 1179 4211 intimam
1216 4153 1493 4211 videlicet
1528 4158 1587 4210 et
1618 4153 1920 4211 extimam.
1992 4154 2252 4209 Numero
2291 4151 2508 4226 plurali
2541 4149 2630 4226 ,τὰ
2667 4148 2870 4225 ἱμάτιαί
2897 4148 3058 4206 utitur

610 4259 665 4314 d.
706 4258 959 4315 Joannes
1004 4264 1108 4327 13,
1154 4262 1211 4313 4.
1254 4262 1313 4313 et
1357 4262 1461 4326 19,
1513 4262 1613 4313 23.
1689 4258 1927 4315 Praeter
1985 4255 2330 4324 interulam,
2393 4257 2658 4329 gestabat
2717 4260 2962 4313 tunicam
3009 4261 3054 4305 et

611 4360 879 4435 pallium.
941 4360 1340 4418 communiter
1384 4359 1631 4435 pallium
1673 4360 1760 4416 ita
1790 4362 2100 4434 gerebatur
2137 4360 2293 4434 apud
2326 4360 2581 4429 Veteres,
2613 4364 2686 4417 ut
2723 4361 2864 4416 duae
2891 4361 3056 4413 extre-

611 4464 844 4521 mitates
896 4465 970 4521 ab
1020 4470 1269 4541 utroque
1320 4464 1502 4521 latere
1554 4468 1872 4521 retrorsum
1923 4464 2307 4521 reiicerentur
2325 4506 2340 4531 ‚
2390 4468 2450 4520 et
2498 4463 2566 4519 in
2609 4462 2865 4520 humeris
2905 4456 3060 4517 fibula

610 4566 847 4625 strictae
884 4566 1340 4625 continerentur.
1404 4568 1497 4624 Ex
1534 4567 1665 4625 istis
1705 4566 2070 4625 vestimentis
2115 4566 2496 4625 celeberrima
2523 4586 2750 4642 semper
2779 4572 2858 4623 est
2885 4562 3061 4621 habita
