3267 5259
525 382 654 448 536

1612 567 1716 620 Pas.
1769 574 1774 634 1

596 639 661 688 N.
714 641 759 689 7.
822 639 1098 699 Quomodo
1151 638 1249 690 hos
1298 656 1340 690 s.
1388 640 1579 689 Petrus

664 712 833 758 morte
868 708 1139 757 mulctarit
1199 742 1579 758 ........
1617 710 1716 758 321

596 776 833 827 Effectus
858 776 1087 843 prodigii
1119 778 1393 842 praedicti,
1429 779 1581 827 varia

664 844 1041 911 Apostolorum
1078 846 1335 896 miracula
1359 882 1577 895 .....
1616 846 1718 895 322
1769 835 1774 912 Ι

598 915 841 979 Apostoli
861 916 1051 979 vincti3
1071 915 1281 965 liberati
1298 931 1395 981 per
1410 916 1578 980 Ange·

668 982 804 1047 lum3
848 986 1037 1033 iterum
1086 998 1265 1034 coram
1300 984 1578 1049 synedrio;

665 1052 823 1103 huius
849 1052 1128 1102 consilium
1148 1089 1579 1103 .........
1634 1080 1701 1089 ——-

598 1122 660 1171 N.
716 1123 765 1171 4.
828 1121 1137 1172 Gamalielis
1198 1123 1263 1172 de
1324 1121 1580 1187 religione

668 1190 863 1241 Christi
900 1192 1165 1241 sententia
1202 1227 1579 1240 ........

596 1259 840 1325 Apostoli
874 1259 1158 1325 flagellati3
1194 1260 1580 1326 praedicant.
1618 1260 1720 1308 323

527 1330 585 1407 ἓ.
634 1332 738 1395 63.
786 1326 853 1391 8.
918 1326 1289 1413 Stephanus
1354 1326 1581 1391 Proto-

665 1570 745 1620 les
816 1570 1125 1620 hellenistas
1200 1575 1252 1619 et
1320 1570 1582 1620 hebraeos

665 1644 871 1705 septem
895 1640 1123 1689 Diaconi
1149 1638 1418 1705 eliguntur
1462 1676 1474 1688 .
1516 1675 1529 1689 .
1567 1674 1581 1687 .

599 1709 662 1758 N.
700 1710 749 1757 6.
784 1708 1147 1758 Diaconorum
1182 1709 1475 1758 ministeria
1516 1745 1530 1757 .
1566 1744 1581 1757 .

600 1778 653 1827 S.
697 1777 955 1843 Stephani
1001 1777 1173 1839 zelus,
1224 1778 1478 1827 victoriae
1528 1780 1583 1826 in

1965 638 2415 704 disputationibus
2463 652 2587 687 cum
2633 638 2884 688 adversa·
2921 570 3016 618 '⁸‘-

1966 708 2058 757 riis
2083 741 2886 757 ................
2922 708 3018 756 324

1893 776 1958 827 Ν.
2011 780 2056 826 1.
2117 777 2348 837 Quinam
2401 776 2602 825 fuerint
2647 776 2886 826 Liber-

1965 846 2114 908 tini,
2141 851 2194 895 et
2212 860 2352 910 quae
2375 843 2584 894 illorum
2609 858 2890 911 synagoga

1965 914 2264 979 disputatur
2287 948 2885 964 ............
2940 941 3005 951 -

1895 982 1950 1033 S.
2011 983 2312 1049 Stephanus
2371 989 2676 1033 accusatus.
2749 984 2888 1033 Eius

1967 1054 2135 1102 oratio
2173 1052 2512 1118 apologetica
2553 1086 2884 1102 .......
2939 1079 3005 1087 -

1893 1120 2068 1171 Furor
2103 1122 2432 1171 Judaeorum
2478 1123 2534 1170 in
2577 1138 2620 1171 s.
2659 1120 2888 1186 Stepha-

1964 1206 2106 1241 num.
2166 1190 2579 1254 Protomartyris
2621 1190 2886 1255 lapidatio

1966 1264 2021 1309 et
2055 1258 2330 1325 sepultura.
2395 1294 2888 1309 ..........
2923 1260 3022 1308 325

1771 1333 1776 1378 ¹
1827 1348 1885 1424 ξ.
1935 1348 2037 1411 64.
2082 1343 2384 1408 Ecclesia
2413 1345 2583 1407 inter
2627 1356 2886 1429 gentes.

778 1422 1025 1514 martyr
1044 1467 1579 1482 ...........
1639 1460 1701 1468 ——
1770 1403 1776 1502 ἱ

597 1501 681 1550 Ex
701 1502 984 1551 occasione
1002 1500 1275 1551 dissensus
1296 1503 1432 1550 inter
1454 1500 1581 1550 tide-
1771 1533 1778 1809 1

2080 1432 2342 1481 Fidelium
2363 1434 2683 1497 persecutio.
2703 1432 2888 1481 Evan-

2081 1500 2276 1566 gelium
2333 1500 2728 1551 disseminatur.
2791 1500 2891 1550 Sa·

2079 1572 2459 1620 maritanorum
2498 1571 2798 1635 baptismus
2837 1576 2892 1619 et

2083 1637 2430 1689 confirmatio.
2470 1639 2652 1688 Simon
2690 1640 2888 1703 Magus
2924 1638 3022 1687 326

1897 1708 1952 1759 S.
1989 1707 2266 1773 Philippus
2304 1708 2548 1773 baptizat
2580 1708 2890 1757 eunuchum

1967 1779 2183 1842 reginae
2221 1777 2506 1839 candacis,
2543 1777 2842 1843 praedicat.
2875 1814 2888 1826 .
2927 1776 3022 1825 327

1396 2001 1789 2052 HISTORIAE
1827 2002 1880 2053 S.
1917 2002 2152 2053 PAULI.

529 2142 587 2221 ἕ.
636 2142 741 2207 65.
790 2138 854 2204 S.
888 2138 1073 2203 Pauli
1118 2138 1388 2223 natales,
1436 2158 1581 2209 insti-

784 2230 936 2291 tutio,
973 2244 1147 2278 mores
1204 2263 1582 2278 ........
1618 2228 1720 2277 327

599 2297 663 2348 N.
692 2299 772 2346 11.
810 2296 1026 2360 Tarsus,
1063 2298 1237 2363 patria
1263 2297 1411 2347 Sauli
1434 2296 1580 2347 illus·

667 2370 838 2415 tratur
891 2400 1580 2417 ..............
1636 2394 1704 2403 -

599 2435 664 2485 Ν.
701 2437 782 2486 13.
818 2435 977 2486 Unde
1014 2435 1207 2485 Saulus
1245 2436 1376 2484 civis
1414 2450 1581 2485 roma-

667 2507 807 2555 nus?
852 2505 1195 2570 Privilegium
1230 2506 1463 2555 civitatis
1498 2520 1579 2555 ro·

668 2588 859 2623 manae
895 2574 1083 2639 quanti
1118 2574 1420 2623 faciendum
1463 2610 1476 2624 .
1514 2610 1527 2623 .
1566 2609 1579 2623 .
1634 2602 1701 2609 —

602 2643 751 2692 Sauli
789 2642 1034 2694 educatio
1074 2648 1127 2693 et
1162 2644 1423 2693 institutio
1462 2680 1475 2692 .
1514 2680 1526 2691 .
1564 2679 1578 2692 .
1616 2644 1721 2691 328

599 2711 664 2761 Ν.
694 2713 740 2761 1.
774 2712 916 2761 Num
944 2712 1136 2762 Saulus
1173 2714 1381 2778 graecis
1414 2711 1581 2762 literis

667 2782 903 2831 imbutus
939 2782 1133 2831 fuerit?
1151 2816 1581 2833 .........
1638 2807 1700 2817 -

599 2851 663 2900 N.
714 2852 762 2899 2.
822 2851 905 2899 De
966 2850 1273 2916 eloquentia
1329 2866 1371 2901 s.
1426 2850 1581 2900 Pauli

670 2920 946 2969 annotatio
991 2955 1577 2969 ............
1632 2947 1696 2956 -

601 2986 797 3038 Saulus
820 2988 1142 3039 Pharisaeus
1179 2989 1248 3038 ad
1284 2989 1449 3055 pedes
1474 2986 1576 3038 Ga-

671 3056 895 3108 malielis
942 3092 1578 3108 .............
1634 3084 1698 3092 ·—

598 3127 664 3176 N.
719 3126 768 3175 4.
830 3126 1139 3177 Gamalielis
1196 3128 1469 3191 ingenium
1529 3130 1584 3176 et

670 3211 844 3245 mores
888 3230 1476 3246 ............
1514 3223 1579 3231 -
1633 3222 1703 3232 -

600 3264 871 3315 Judicium
934 3265 1000 3314 de
1062 3281 1105 3315 s.
1153 3264 1310 3314 Pauli
1370 3264 1580 3315 (licendi

670 3334 1041 3399 scribendique
1076 3350 1271 3400 genere
1306 3370 1579 3385 ......
1618 3334 1719 3383 329

602 3402 655 3453 S.
680 3401 838 3453 Pauli
860 3404 1100 3466 virtutes,
1136 3418 1223 3454 ars
1254 3403 1581 3465 mechanica,

670 3471 965 3522 coelibatus
999 3508 1582 3523 ............
1618 3475 1723 3523 330

602 3542 666 3591 N.
704 3544 753 3589 2.
799 3540 1018 3606 Species
1067 3558 1107 3591 s.
1146 3542 1301 3592 Pauli
1347 3548 1580 3605 externa,

672 3612 1016 3676 corporisque
1048 3610 1263 3662 habitus
1307 3647 1579 3661 ......
1636 3638 1702 3647 -

600 3680 666 3729 N.
704 3682 752 3729 2.
806 3680 923 3729 Vox
972 3674 1256 3744 σκηνοποιός
1305 3681 1433 3745 quid
1480 3680 1582 3731 sibi

671 3748 836 3798 velit?
895 3784 1579 3799 ..............
1618 3750 1719 3799 331

600 3818 666 3869 N.
712 3820 757 3869 7.
806 3819 1019 3868 Erasini
1063 3820 1430 3883 interpretatio
1479 3817 1583 3868 loci

669 3888 713 3937 1.
752 3886 873 3938 Cor.
913 3889 959 3949 7,
1000 3890 1046 3937 7.
1084 3888 1321 3937 reiicitur
1362 3922 1582 3937 .....
1639 3916 1702 3924 —-

532 3959 591 4036 ξ.
639 3958 741 4023 66.
790 3954 1024 4019 Saulus
1071 3954 1290 4019 caedis
1330 3956 1581 4041 spirans

786 4041 871 4105 ad
914 4041 1109 4105 fidem
1144 4041 1379 4107 Christi
1429 4064 1581 4107 con-

784 4130 1056 4193 vertitur
1103 4182 1581 4196 ..........
1620 4148 1720 4197 332

602 4215 667 4266 Ν.
716 4218 764 4267 3.
817 4216 1072 4265 Damasci
1125 4216 1282 4278 situs,
1332 4214 1581 4277 conditio,

672 4284 882 4335 incolae
944 4320 1582 4336 .............
1636 4312 1704 4319 -

604 4354 797 4404 Saulus
819 4354 1135 4420 baptizatur,
1160 4353 1285 4405 inde
1310 4353 1585 4419 praedicat

675 4422 942 4473 Christum
997 4459 1582 4473 ............
1620 4424 1721 4473 333

604 4491 669 4540 N.
690 4494 737 4541 3.
762 4492 998 4543 Ananias
1014 4494 1179 4554 timet,
1199 4494 1431 4543 monitus
1450 4498 1583 4543 atta·

672 4576 795 4611 men
832 4562 1069 4625 baptizat
1103 4560 1324 4612 Saulum
1361 4597 1581 4612 .....
1636 4588 1704 4599 -

1896 2141 2172 2206 Digressio
2219 2140 2290 2190 ad
2339 2141 2492 2206 epist
2545 2138 2664 2190 Gal.
2705 2142 2763 2202 1,
2811 2142 2891 2189 12.

1971 2225 2174 2275 „neque
2223 2211 2362 2260 enim
2407 2224 2508 2274 ego
2555 2212 2624 2259 ab
2670 2209 2892 2259 homine

1967 2281 2151 2345 accepi
2177 2279 2308 2328 illud
2333 2306 2397 2315 ——
2419 2278 2786 2344 Evangelium
2805 2306 2892 2339 —,

1965 2364 2141 2413 neque
2179 2348 2364 2410 didici,
2413 2349 2508 2398 sed
2545 2364 2642 2413 per
2678 2348 2890 2397 revela·

1963 2419 2160 2467 tionem
2195 2417 2248 2467 J.
2286 2416 2484 2468 Christi
2497 2452 2891 2468 ........
2927 2418 3022 2466 333

1898 2502 2400 2554 Animadversiones
2450 2506 2646 2569 quibus
2701 2510 2891 2553 neote-

1966 2575 2192 2622 ricorum
2213 2572 2280 2623 de
2299 2589 2340 2625 s.
2357 2574 2511 2622 Pauli
2533 2574 2894 2623 conversione

1965 2643 2242 2707 opiniones
2291 2644 2360 2693 ab
2410 2642 2646 2693 absurdo
2696 2643 2890 2692 confu-

1963 2716 2145 2761 tantur
2187 2747 2888 2762 ..............
2941 2738 3004 2746 —

1825 2817 1886 2895 ξ.
1933 2813 2040 2880 67.
2083 2814 2257 2877 Acta
2287 2837 2338 2877 s.
2369 2813 2568 2877 Petri.
2613 2833 2668 2882 S.
2687 2832 2889 2884 Petrus

2079 2907 2329 2967 peragrat
2352 2900 2596 2951 docendo
2621 2902 2886 2952 Palaesti-

2079 2986 2217 3033 nam,
2268 2970 2374 3020 duo
2417 2971 2575 3036 signa
2609 2984 2753 3036 quae
2807 2972 2888 3021 fa-

2079 3040 2155 3089 cit
2187 3075 2885 3091 ..............
2923 3040 3021 3089 335

1897 3122 1950 3177 S.
1989 3126 2132 3176 Petri
2166 3127 2302 3177 visio
2339 3124 2636 3190 symbolica
2672 3141 2785 3190 qua
2821 3126 2890 3176 de

1969 3197 2282 3257 „vocatione
2307 3196 2576 3261 gentium“
2603 3196 2890 3245 instruitur
2923 3196 3018 3245 336

1897 3282 1961 3333 Ν.
2001 3283 2048 3331 7.
2083 3282 2280 3344 Locus,
2307 3286 2518 3347 tempus
2543 3281 2700 3333 huius
2725 3284 2888 3332 visio-

1966 3352 2065 3413 nis,
2101 3352 2237 3401 visio
2271 3352 2390 3416 ipsa
2425 3352 2834 3416 expenduntur.
2873 3388 2888 3401 .
2941 3378 3002 3387 —

1899 3436 2178 3487 Cornelius
2204 3452 2324 3487 cum
2348 3438 2553 3488 familia
2585 3438 2888 3503 „primitiae

1966 3507 2272 3573 gentilium⁴⁴
2301 3521 2336 3556 a
2359 3506 2412 3557 S.
2426 3507 2589 3557 Petro
2611 3508 2669 3555 in
2693 3506 2885 3557 Eccle-

1967 3578 2100 3626 siam
2136 3576 2388 3641 recipitur
2448 3612 2887 3627 .........
2939 3601 3004 3613 -

1896 3663 1962 3712 N.
2010 3663 2060 3713 8.
2119 3661 2316 3713 Milites
2376 3662 2609 3713 cohortis
2669 3662 2888 3713 italicae

1968 3737 2119 3782 erant
2152 3730 2280 3781 Itali
2343 3767 2884 3783 ...........
2939 3758 3004 3768 -

1899 3818 1964 3869 N.
1979 3820 2028 3868 2.
2055 3818 2290 3868 Cornelii
2309 3818 2498 3883 relig-io
2517 3824 2644 3868 ante
2663 3834 2884 3868 conver·

1968 3888 2186 3937 sionem.
2225 3888 2376 3937 Haec
2413 3889 2694 3938 conversio
2731 3903 2886 3953 prae-

1969 3958 2212 4021 rogativa
2279 3956 2423 4005 haud
2495 3957 2889 4006 contemnenda

1967 4025 2230 4091 Principis
2268 4026 2648 4092 Apostolorum
2712 4062 2726 4075 .
2765 4062 2780 4075 .
2819 4062 2834 4075 .
2871 4062 2884 4075 .
2921 4024 3020 4075 337

1900 4112 1953 4162 S.
2008 4111 2198 4163 Petrus
2257 4112 2431 4177 aperit
2499 4110 2749 4163 fidelibus
2821 4128 2886 4161 ex

1969 4181 2249 4243 Hebraeis,
2263 4182 2570 4245 mysterium
2585 4183 2886 4231 vocationis

1967 4252 2218 4315 gentium.
2243 4250 2462 4300 Illorum
2487 4250 2740 4315 gaudium
2766 4288 2779 4300 .
2819 4288 2833 4300 .
2871 4288 2884 4299 .
2941 4275 3001 4286 -

1899 4336 2146 4386 Ecclesia
2179 4336 2514 4387 Antiochena
2553 4372 2884 4387 .......
2919 4336 3016 4387 338

1898 4424 1962 4473 Ν.
1988 4424 2038 4472 4.
2074 4422 2128 4473 S.
2154 4424 2370 4473 Petrum
2393 4422 2673 4475 Ecclesiae
2697 4425 2881 4474 Antio-

1968 4492 2170 4542 chenae
2224 4492 2562 4543 fundatorem
2621 4508 2740 4543 esse
2796 4493 2883 4543 dc-

1967 4566 2290 4614 monstratur
2346 4596 2883 4615 ...........
2937 4586 2994 4599 -·
