3267 5259
490 435 621 505 542

1577 632 1680 687 Peg.

560 704 834 788 Digressio
872 722 981 771 qua
1028 708 1325 757 sententiae
1361 708 1543 757 variae

631 776 695 824 de
712 777 892 872 primis
906 778 1193 841 epistolae,
1196 794 1331 844 ,προς
1345 774 1543 845 Ἐβραί-

632 849 750 903 ους“
820 845 1107 895 lectoribus
1186 852 1545 897 recensentur.

628 913 1024 965 Enumerantur
1066 918 1405 981 interpretes,
1454 917 1545 982 qui

630 982 731 1031 hac
769 984 833 1033 de
866 1001 921 1033 re
960 985 1199 1050 pluribus
1236 992 1489 1051 egerunt.
1532 1022 1543 1034 .
1583 986 1685 1035 460

491 1072 548 1148 ξ.
596 1070 699 1135 92.
750 1068 1044 1155 Epistola
1108 1074 1263 1151 ,πρὸς
1318 1072 1539 1153 Ἑβραί-

758 1160 866 1228 003‘
913 1155 1217 1220 hebraice
1273 1168 1543 1221 exarata
1578 1178 1678 1225 461

564 1260 629 1310 N.
658 1262 702 1309 1.
736 1262 922 1311 Testes
950 1278 1044 1327 pro
1070 1278 1311 1312 sermone
1337 1262 1543 1311 hebrai-

630 1346 693 1377 co
734 1332 997 1395 primitivo

560 1398 833 1463 Digressio
860 1416 967 1465 qua
1004 1402 1353 1465 respondetur
1391 1416 1543 1463 argu·

628 1470 819 1518 mentis
892 1472 1235 1536 interpretum
1258 1508 1273 1531 ,
1346 1470 1541 1535 quibus

631 1537 839 1597 docent,
887 1540 1029 1603 quod
1066 1556 1257 1603 graece
1294 1544 1545 1589 exaratae

632 1607 739 1656 sint
774 1607 959 1657 literae
998 1608 1066 1658 ad
1104 1610 1383 1658 Hebraeos
1426 1646 1439 1657 .
1480 1647 1491 1657 .
1530 1644 1543 1657 .

490 1696 549 1771 ξ.
598 1694 701 1757 93.
749 1690 1284 1779 Utrumepistola
1306 1694 1389 1757 ad
1414 1694 1543 1756 He-

755 1778 990 1843 braeos
1026 1780 1091 1843 S.
1126 1780 1399 1843 Paulum
1430 1780 1541 1844 ha-

1582 1610 1684 1657 462

756 1864 971 1930 buerit
994 1867 1371 1931 auctorem?
1440 1886 1485 1933 v
1490 1900 1540 1933 e·
1735 1875 1740 1922 ἱ

758 1958 925 2003 terum
957 1960 1011 2003 et
1038 1956 1389 2005 recentiorum
1426 1969 1541 2003 scn-

758 2024 957 2073 tentiae
1004 2024 1069 2073 (le
1118 2030 1335 2073 auctore
1374 2062 1386 2073 .
1427 2062 1437 2073 .
1479 2061 1489 2071 .
1530 2060 1542 2072 .
1581 2024 1683 2073 463

562 2108 628 2158 N.
655 2110 703 2157 2.
744 2108 1001 2175 Origenes
1028 2113 1203 2176 potius
1229 2128 1342 2177 pro,
1381 2125 1541 2175 quam

632 2184 821 2228 contra
890 2196 933 2231 s.
994 2180 1219 2229 Paulum
1285 2180 1544 2245 epistolae

632 2254 901 2298 auctorem
932 2250 1111 2300 faeere
1136 2250 1433 2299 censendus
1460 2254 1543 2299 est
1576 2250 1684 2297 464

563 2314 616 2364 S.
642 2316 843 2367 Paulus
882 2320 1139 2382 epistolae
1172 2320 1239 2369 ad
1266 2320 1545 2369 Hebraeos

632 2387 856 2451 scriptor
891 2390 1148 2453 probatur
1168 2424 1543 2438 ........
1580 2388 1684 2435 465
1736 2443 1740 2454 1

561 2454 624 2503 Ν.
646 2459 693 2505 2.
732 2458 1055 2523 Interpretes
1092 2460 1314 2523 antiqui,
1354 2462 1408 2507 et
1444 2459 1543 2507 viri

632 2526 921 2577 doctissimi
970 2530 1315 2589 recentiores,
1366 2529 1457 2593 qui
1499 2544 1540 2577 s.

629 2595 855 2645 Paulum
882 2601 1152 2647 auctorem
1182 2597 1547 2647 demonstrant

628 2664 915 2715 laudantur
958 2702 1542 2716 ...........
1580 2666 1683 2715 465

562 2732 625 2781 N.
666 2736 711 2783 1.
760 2736 825 2783 D.
866 2735 1089 2785 Paulum
1140 2734 1419 2801 epistolam
1475 2735 1543 2785 ad

628 2803 905 2853 Hebraeos
942 2806 1220 2870 scripsisse
1247 2821 1276 2853 e
1300 2805 1546 2855 subiecta

626 2874 849 2922 materia
885 2880 938 2923 et
973 2875 1145 2923 forma
1177 2876 1441 2924 evincitur
1478 2910 1490 2923 .
1530 2910 1543 2924 .
1581 2874 1684 2923 466

556 2957 621 3007 N.
660 2960 708 3007 2.
746 2960 1098 3011 Examinatur
1132 2963 1285 3011 cuius
1322 2963 1425 3009 sint
1461 2976 1543 3011 ro-

627 3029 771 3077 boris
798 3036 1111 3093 argumenta
1134 3032 1402 3080 contraria
1426 3029 1542 3079 illo-

628 3113 759 3157 rtun,
818 3100 908 3163 qui
964 3106 1161 3163 negant
1214 3100 1264 3149 d.
1314 3100 1541 3149 Paulum

626 3166 791 3217 fuisse
854 3169 1190 3233 scriptorem,
1247 3169 1333 3218 vel
1384 3168 1545 3234 plane

628 3237 910 3301 epistolam
954 3237 1023 3287 ad
1058 3239 1337 3288 Hebraeos
1376 3254 1405 3287 e
1444 3239 1542 3287 Ca-

628 3321 767 3354 none
804 3308 1101 3357 reiecerunt
1114 3344 1540 3358 .........

557 3371 621 3420 Ν.
652 3376 699 3424 8.
736 3376 1239 3427 Animadversiones
1264 3379 1317 3425 in
1340 3378 1543 3441 opinio·

626 3458 771 3493 nem:
803 3446 1063 3509 epistolae
1089 3447 1245 3497 huius
1270 3452 1543 3496 auctorem
1733 3465 1738 3500 ι

627 3515 841 3563 nomine
862 3516 1289 3597 presbyterorum
1310 3531 1542 3580 quorun·
1733 3517 1738 3536 ¹

628 3580 748 3630 dam
786 3584 1079 3649 scripsisse.
1119 3585 1181 3634 G.
1214 3586 1352 3635 Estii
1388 3600 1539 3651 prae-

630 3650 777 3700 clara
804 3650 869 3702 de
896 3653 995 3703 hac
1016 3656 1331 3719 quaestione
1358 3655 1537 3705 verba.
1576 3652 1681 3703 467

486 3738 545 3815 ἓ.
594 3738 696 3802 94.
744 3736 1079 3840 Epistolae
1098 3740 1183 3805 ad
1200 3739 1543 3804 Hebraeos

756 3847 1036 3909 occasio,
1062 3850 1321 3912 scopuS,
1354 3850 1542 3911 argu·
1733 3917 1737 3926 Ι

756 3924 1049 3977 mentum
1112 3968 1540 3982 .........
1579 3934 1682 3982 468
1732 3949 1738 3990 ι

558 4016 620 4063 Ν.
648 4018 694 4064 3.
735 4018 1011 4077 Quomodo
1032 4020 1320 4083 Apostolus
1346 4018 1541 4069 Christi

627 4084 935 4150 dignitatem
952 4104 1078 4152 prae
1094 4089 1311 4153 Angelis
1328 4088 1541 4138 demon-

626 4158 820 4218 strarit,
850 4163 902 4205 et
928 4156 997 4205 ad
1024 4174 1177 4222 quem
1206 4158 1399 4207 finem?
1426 4196 1437 4206 .
1477 4196 1489 4207 .

556 4225 619 4273 N.
657 4228 705 4274 3.
757 4226 867 4274 Viri
922 4226 1206 4278 acatholici
1262 4242 1541 4293 perperam

624 4310 750 4343 suos
778 4294 843 4343 de
870 4296 1132 4345 sacrificio
1160 4298 1219 4345 N.
1246 4297 1307 4348 F.
1336 4313 1541 4347 errores
1733 4337 1738 4368 ,

622 4364 759 4414 locis
788 4366 868 4425 10,
898 4367 977 4414 14.
1020 4372 1073 4414 et
1097 4369 1179 4429 13,
1210 4370 1289 4416 10.
1329 4372 1545 4416 tuentur
1578 4368 1678 4416 471

557 4432 805 4503 Epistola
840 4432 910 4483 ad
935 4434 1214 4485 Hebraeos
1253 4442 1335 4485 est
1368 4452 1541 4485 sermo

628 4501 1017 4553 exhortatorius
1058 4540 1541 4555 ..........

444 4578 449 4584 ·
553 4570 829 4633 Epistolae
857 4572 1010 4622 istius
1048 4576 1137 4638 qui
1176 4574 1373 4623 fuerint
1400 4574 1538 4624 fruc-

626 4644 747 4688 tus?
797 4674 1539 4701 ...............
1577 4646 1680 4707 472

1791 711 1852 788 ξ.
1897 710 1999 775 95.
2043 706 2266 771 Prima
2325 704 2391 769 S.
2451 705 2632 769 Petri
2685 704 2844 790 Epi-
2879 632 2987 685 P*

2053 792 2249 877 Stola;
2287 812 2443 861 huius
2480 811 2758 861 consilium
2792 814 2848 859 et

2057 882 2282 931 lectores
2307 915 2843 932 ...........
2881 880 2990 927 4⁷2

1860 950 2257 1015 Argumentum.

1863 1022 1925 1070 N.
1962 1023 2010 1070 4.
2049 1020 2293 1069 Christus
2329 1026 2541 1069 nostrae
2567 1032 2846 1084 reg-enera-

1928 1092 2090 1140 tionis
2125 1104 2294 1140 causa
2331 1088 2638 1155 principalis
2675 1092 2732 1137 et
2765 1089 2844 1135 in-

1929 1158 2288 1209 strumentalis
2309 1192 2846 1208 ...........

1859 1228 1924 1277 Ν.
1963 1230 2011 1277 5.
2059 1230 2273 1278 Eximia
2309 1228 2730 1278 Christianorum
2767 1226 2844 1275 di-

1929 1299 2105 1361 gnitas
2143 1299 2379 1347 nascitur
2405 1314 2468 1346 ex
2493 1298 2692 1347 unione
2725 1310 2848 1344 cnm

1932 1366 2143 1418 Christo
2205 1404 2218 1416 .
2257 1404 2268 1415 .
2311 1410 2321 1419 .
2361 1401 2844 1415 ..........
2883 1362 2994 1413 473

1861 1436 1924 1485 Ν.
1961 1440 2010 1487 3.
2059 1438 2358 1501 Praecepta
2401 1435 2696 1501 apostolica
2745 1449 2846 1499 pro

1929 1506 2232 1556 hominibus
2279 1506 2666 1555 diversissimae
2719 1519 2842 1552 con-

1930 1576 2146 1625 ditionis
2185 1580 2238 1624 et
2273 1577 2415 1624 vitae

1861 1646 1923 1694 N.
1969 1648 2010 1693 1.
2049 1646 2282 1709 Egregia
2309 1660 2512 1694 morum
2537 1647 2844 1709 praecepta,

1931 1730 2068 1779 quae
2107 1714 2254 1763 dedit
2289 1712 2342 1763 S.
2381 1714 2568 1762 Petrus
2617 1749 2841 1761 .....
2881 1712 2992 1759 474

1861 1784 1923 1834 Ν.
1962 1786 2010 1833 4.
2049 1782 2526 1833 Commentariolus
2564 1782 2630 1831 de
2666 1781 2849 1830 verbis

1927 1854 1971 1915 1,
1999 1856 2047 1915 5,
2075 1856 2210 1903 6-7
2216 1886 2844 1902 .............

1862 1922 1924 1971 Ν.
1950 1924 1998 1973 8.
2036 1921 2316 1989 Epistolae
2349 1924 2592 1987 pretium,
2632 1920 2848 1969 dicendi

1929 2008 2113 2057 genus.
2151 1990 2205 2041 S.
2239 1992 2428 2041 Petrus
2465 1992 2690 2056 scriptor
2727 1990 2848 2039 ubi—

1931 2078 2034 2127 que
2088 2061 2280 2111 elucet.
2350 2060 2640 2110 Anthentia
2693 2063 2850 2107 extra

1929 2130 2148 2180 dubium
2185 2132 2361 2195 posita
2409 2165 2843 2179 .........
2910 2156 2927 2161 -
2950 2156 2976 2162 -

1791 2220 1849 2297 ξ.
1884 2220 1988 2283 96.
2021 2216 2352 2279 Posterior
2383 2214 2448 2279 S.
2475 2214 2650 2279 Petri
2683 2213 2844 2297 Epi-

2021 2301 2205 2367 stola.
2273 2321 2556 2382 Lectores,
2607 2320 2842 2379 occasio,

2023 2390 2320 2451 consilinm,
2359 2394 2730 2455 argumentum
2777 2426 2790 2437 .
2833 2425 2846 2438 .

1861 2462 1924 2510 N.
1987 2463 2034 2510 3.
2107 2460 2364 2509 Rationes
2431 2464 2648 2525 propter
2709 2472 2849 2523 quas

1931 2530 2126 2579 Christi
2191 2530 2464 2579 doctrinae
2527 2528 2848 2594 obsequium

1930 2599 2308 2665 praestandum
2336 2606 2432 2649 est.
2470 2597 2523 2647 S.
2549 2598 2692 2647 Petri
2717 2597 2846 2645 doc-

1929 2670 2070 2719 trina
2089 2669 2154 2718 de
2173 2670 2521 2733 inspiratione
2543 2673 2597 2716 et
2612 2667 2848 2717 lectione

1931 2739 1983 2788 S.
2009 2739 2398 2803 scripturarum

1859 2808 1923 2858 N.
1961 2810 2010 2857 5.
2049 2806 2158 2857 Cur
2181 2808 2440 2857 Dominus
2470 2820 2700 2871 poenam
2735 2820 2848 2855 ma-

1927 2878 2099 2928 lornm
2157 2876 2384 2927 differat.
2455 2875 2730 2926 Judieium
2791 2874 2848 2924 S.

1929 2948 2074 2995 Petri
2111 2946 2177 2995 de
2224 2946 2464 3011 epistolis
2501 2944 2739 2994 Panlinis
2779 2980 2792 2993 .
2832 2981 2845 2992 .

1858 3017 2136 3081 Digressio
2182 3030 2290 3081 qua
2335 3014 2574 3065 secunda
2617 3013 2850 3079 epistola

1928 3100 1971 3135 s.
1999 3086 2142 3135 Petri
2177 3086 2442 3135 canonica
2476 3098 2594 3133 esse
2631 3083 2849 3133 demon-

1927 3160 2128 3205 stratur
2151 3189 2847 3204 ..............

1790 3243 1849 3322 ξ.
1897 3242 2000 3307 97.
2052 3239 2117 3303 S.
2144 3238 2331 3303 Pauli
2363 3238 2638 3324 epistola
2668 3237 2754 3301 ad.
2775 3236 2844 3303 b.

2051 3325 2466 3390 Timotheum
2488 3324 2713 3390 altera.
2743 3342 2846 3393 Oc·

2055 3416 2218 3476 casio,
2241 3414 2537 3477 consilium,
2565 3428 2846 3479 argumen-

2057 3490 2168 3533 tum
2205 3519 2846 3535 .............
2883 3482 2994 3535 478

1857 3553 1920 3602 Ν.
1946 3556 1990 3604 1.
2010 3554 2316 3603 Admonitio
2337 3552 2406 3603 ad
2425 3551 2846 3618 praedicandum

1927 3623 2282 3687 Evangelium
2309 3658 2845 3672 ...........
2901 3648 2974 3658 —-

1859 3692 1921 3741 N.
1949 3694 1998 3741 8.
2023 3692 2313 3758 Apostolus
2339 3696 2492 3757 rogat
2508 3690 2848 3742 Timotheum

1929 3768 1986 3811 ut
2020 3778 2106 3811 res
2145 3761 2356 3811 Troade
2386 3761 2600 3811 relictas
2637 3760 2846 3809 afferat.

1928 3832 2068 3893 Quid
2088 3831 2415 3895 intelligatur
2427 3832 2527 3881 sub
2547 3829 2808 3895 ‚Q-penula
2821 3832 2846 3879 ⁸?
2881 3830 2992 3879 479

1859 3902 1921 3950 Ν.
1955 3904 2032 3951 10.
2071 3900 2348 3963 Quomodo
2386 3900 2702 3965 accipienda
2737 3901 2846 3947 sint

1927 3972 2092 4019 verba
2127 3971 2197 4019 Π.
2235 3970 2369 4018 Tim.
2405 3971 2454 4031 4,
2484 3971 2565 4018 17.
2611 3966 2727 4028 „zai
2763 3964 2843 4034 ἐῤ-

1929 4038 2107 4107 {boll-qv
2145 4036 2196 4087 ἐκ
2234 4035 2474 4105 πόματος
2508 4036 2650 4087 λέον-ι·
2631 4042 2738 4095 ος“

1859 4110 1920 4159 N.
1958 4112 2004 4158 2.
2043 4109 2126 4158 De
2165 4108 2424 4173 epistolae
2461 4106 2739 4157 authentia
2775 4144 2787 4155 .

2887 2389 3000 2436 475

2885 2944 3000 2993 476

2831 4107 2994 4157 .480

1733 4219 1738 4256 ι
1787 4200 1846 4277 ξ.
1895 4199 1998 4263 98.
2044 4194 2386 4257 Ecclesiae
2415 4192 2654 4258 Chnstl
2677 4194 2849 4255 mter

2055 4281 2334 4344 adversa
2385 4283 2592 4363 vigor.
2667 4299 2848 4347 Evan-

2057 4370 2180 4434 gelii
2227 4368 2386 4419 latius
2422 4371 2478 4418 in
2517 4368 2632 4417 dies
2667 4367 2850 4417 diffusi

2056 4438 2326 4488 historiae.
2413 4436 2724 4487 certamina
2793 4442 2848 4486 et

2057 4501 2310 4571 martyria
2327 4506 2702 4573 Apostolorum
2729 4543 2741 4554 .
2779 4542 2794 4554 .
2834 4543 2847 4555 .

1859 4578 1923 4631 N.
1955 4580 2001 4627 1.
2035 4578 2266 4627 Divinae
2291 4576 2660 4642 providentiae
2683 4575 2740 4624 in
2765 4575 2850 4625 his

1929 4647 2089 4697 rebus
2128 4646 2408 4697 eonsilium
2461 4679 2848 4695 ........
2886 4645 2994 4695 481
