3267 5259
1238 468 1403 510 Christi
1430 469 1633 510 tentatio.
2611 457 2696 519 39

168 694 179 713 ,
218 646 373 694 omnia
418 644 595 693 eodem
645 650 913 695 contextu
964 650 1019 695 et
1063 660 1205 695 nexu
1254 645 1559 695 recitantur.
1634 644 1932 710 Opiniones
1991 646 2270 711 oppositae
2329 646 2392 694 B.
2435 660 2693 710 praecon-

218 736 406 795 ceptae,
450 736 559 781 tum
608 732 760 797 quod
811 732 1051 781 absurda
1099 737 1155 781 et
1200 730 1554 798 impossibilia
1598 732 1897 793 continent,
1948 735 2062 781 tum
2111 730 2256 797 quod
2309 734 2697 798 consequentia

217 816 423 867 habeant
450 817 738 867 admodum
768 818 1093 883 periculosa,
1120 818 1337 869 tolerari
1362 833 1470 867 non
1494 823 1736 883 possunt.
1786 835 1830 867 α.
1857 820 2039 868 Prima
2062 818 2366 869 ‹lechi-isto
2397 820 2455 869 in
2485 821 2692 870 visione

220 908 399 953 tentato
429 918 595 969 supra
628 918 731 953 suo
779 904 903 954 loco
950 904 1182 955 refutata
1223 910 1319 953 est.
1378 904 1565 955 Altera
1622 902 1667 969 β.
1708 920 1848 971 quae
1885 905 1954 955 ad
1991 907 2250 956 somnium
2289 910 2344 955 et
2379 906 2691 971 phantasias

220 989 431 1055 confugit
480 990 743 1051 faciliter,
794 996 857 1040 ut
908 990 1065 1041 nobis
1120 990 1334 1057 quidem
1386 991 1625 1051 videtur,
1683 992 1920 1041 diluitur.
1988 992 2188 1042 Nititur
2239 992 2374 1042 haec
2428 995 2695 1043 sententia

224 1080 261 1125 1.
290 1076 417 1125 falsa
450 1078 895 1142 interpretatione
930 1077 1117 1127 Matth.
1155 1080 1205 1139 4,
1235 1080 1281 1127 1.
1307 1077 1441 1127 Luc.
1466 1080 1516 1139 4,
1544 1080 1591 1127 5.
1644 1077 1779 1128 Cum
1827 1080 1876 1128 2.
1913 1094 2024 1129 non
2059 1078 2267 1143 legatur
2313 1080 2542 1129 formula
2588 1079 2691 1130 κατ’

224 1156 335 1229 ὄναρ,
362 1179 534 1230 neque
558 1164 730 1213 ullum
754 1169 1018 1229 appareat
1040 1166 1232 1215 somnii
1255 1166 1563 1229 vestigium3
1596 1170 1760 1231 atque
1785 1168 1834 1215 3.
1863 1166 2194 1231 phantasiae,
2227 1168 2390 1216 animi
2416 1182 2450 1217 a
2471 1182 2694 1233 corpore

222 1252 351 1314 qnasi
384 1251 669 1312 abstracti,
708 1250 779 1300 ab
816 1250 997 1301 indole
1041 1256 1095 1301 et
1134 1252 1349 1316 ingenio
1388 1250 1588 1301 Christi
1634 1252 1796 1317 plane
1847 1252 2058 1302 alienae
2108 1254 2241 1315 sint,
2290 1256 2616 1318 argumentis
2665 1270 2694 1302 e

222 1341 441 1387 contextu
504 1338 693 1387 sumtis
754 1336 1113 1399 confirmatur,
1176 1354 1287 1387 rem
1344 1353 1469 1387 vere
1530 1343 1734 1403 gestam
1783 1339 2035 1388 enarrari.
2121 1339 2286 1389 Haud
2343 1340 2550 1390 felicior
2609 1346 2690 1389 est

220 1440 257 1489 γ.
286 1422 581 1489 hypothesis
616 1427 805 1485 tertia,
844 1425 1059 1475 Hardtii
1095 1430 1151 1474 et
1184 1427 1525 1491 sequacium,
1562 1427 1617 1476 in
1657 1440 1766 1491 qua
1809 1430 1888 1475 tot
1920 1430 2120 1475 temere
2155 1423 2454 1491 finguntur,
2493 1442 2689 1493 suppo-

222 1516 419 1573 nuntur,
466 1512 795 1573 inferuntur,
850 1517 905 1561 et
958 1511 1287 1577 affinguntur
1338 1512 1569 1578 simplici
1620 1513 1916 1562 narrationi
1929 1549 1942 1573 ,
1995 1517 2125 1577 quot
2169 1512 2340 1562 lineas
2388 1514 2696 1563 universum

222 1595 359 1645 habet
402 1597 663 1647 eiusmodi
705 1599 1249 1663 interpretamentum.
1313 1598 1511 1649 Obstat
1542 1600 1648 1664 ipsi
1699 1602 1744 1649 1.
1783 1599 2042 1649 articulus
2077 1598 2266 1649 Matth.
2304 1601 2354 1661 4,
2395 1601 2440 1649 1.
2479 1600 2694 1649 additus

220 1683 293 1731 τοῦ
341 1680 591 1749 διαβόλους
653 1688 703 1735 2.
753 1685 897 1735 unde
951 1690 1162 1735 constat
1212 1685 1441 1735 Hardtio
1496 1690 1814 1735 tentatorem
1869 1685 2134 1735 hominem
2185 1684 2381 1749 fuisse3
2431 1690 2696 1751 repugnat

222 1770 261 1818 3.
282 1772 591 1821 narrationis
628 1776 929 1834 contextus,
966 1774 1023 1821 in
1055 1787 1162 1837 quo
1186 1771 1393 1821 nullum
1418 1772 1714 1821 adversarii
1737 1772 1956 1821 humani
1979 1772 2276 1837 vestigium.
2312 1772 2618 1823 Vanissima
2641 1778 2696 1823 et

222 1857 558 1909 sordidissima
581 1860 873 1924 pericopae
897 1864 1112 1908 nostrae
1140 1859 1417 1923 expositio,
1451 1863 1546 1907 aut
1571 1860 1617 1907 si
1653 1860 1822 1907 mavis
1860 1858 2190 1924 depravatiO,
2231 1864 2312 1908 est
2347 1857 2390 1907 δ.
2429 1859 2690 1923 mythica3

222 1942 301 1991 sed
333 1944 393 1995 de
430 1945 530 1995 hac
578 1945 691 1995 alia
737 1947 1139 2011 opportunitate
1186 1944 1438 1994 dicemus.
1500 1946 1606 2006 Qui
1642 1960 1800 2011 porro
1851 1960 1887 1994 ε.
1924 1945 2210 1995 voluerunt
2253 1945 2567 2010 parabolam
2611 1945 2694 1995 his

222 2030 341 2078 tradi
374 2032 719 2097 interpretes,
756 2036 819 2081 ut
855 2032 966 2081 alia
1009 2032 1289 2093 reticeam,
1344 2035 1389 2082 1.
1428 2036 1681 2081 accurate
1727 2031 2196 2081 demonstrandum
2243 2032 2468 2093 habent,
2507 2047 2624 2081 esse
2661 2047 2696 2081 a

223 2116 275 2164 N.
296 2117 353 2165 Τ.
384 2117 783 2183 Hagiographis
812 2117 916 2167 hoc
940 2132 1103 2167 sensu
1126 2120 1471 2183 propositam.
1496 2118 1779 2168 Eiusmodi
1801 2118 2106 2183 parabolas,
2133 2118 2346 2184 qualem
2375 2119 2432 2167 in
2463 2119 2695 2169 historiis

222 2205 505 2253 tentationis
558 2206 815 2270 scriptam
870 2210 1181 2271 supponunt
1238 2206 1287 2253 2.
1344 2202 1593 2255 Salvator
1647 2218 1921 2269 nunquam
1975 2204 2187 2268 docuit3
2241 2220 2418 2270 neque
2477 2208 2524 2254 3.
2579 2205 2696 2255 ulla

224 2290 473 2340 cuiusdam
524 2293 779 2341 momenti
828 2292 967 2341 ratio
1018 2290 1193 2341 afferri
1242 2295 1445 2357 potest,
1497 2306 1667 2357 quare
1713 2291 1876 2341 Jesus
1931 2291 2192 2356 parabola
2237 2296 2348 2340 tam
2399 2294 2696 2358 aequivoca

228 2376 489 2442 discipulos
514 2380 781 2429 instruere
810 2379 1085 2429 voluisset.
1136 2376 1242 2427 Sed
1266 2384 1321 2428 et
1350 2378 1394 2437 ζ.
1427 2375 1615 2446 εὕρημα
1646 2382 1986 2443 postremum,
2013 2378 2158 2443 quod
2185 2379 2396 2428 nonnisi
2429 2380 2694 2444 opinionis

228 2463 313 2511 sub
346 2462 387 2529 β.
424 2466 675 2531 explosae
710 2470 1185 2531 temperamentum
1224 2470 1319 2527 est,
1352 2470 1503 2514 extra
1536 2464 1754 2515 modum
1791 2466 2052 2515 absonum
2083 2469 2179 2526 est,
2213 2480 2502 2531 omnesque
2531 2464 2693 2515 histo-

232 2550 323 2597 rias
364 2553 560 2601 evertit.
622 2552 760 2601 Eius
804 2552 1001 2618 πρῶτον
1048 2548 1222 2619 ψεῦδος
1269 2556 1351 2600 est
1398 2556 1444 2601 1.
1483 2552 1627 2618 quod
1665 2567 1786 2601 cum
1820 2552 1956 2602 Jesu
1993 2546 2354 2619 ἀναμαρτησία,
2394 2566 2532 2616 quae
2567 2568 2693 2603 vere

226 2636 295 2683 sic
332 2638 641 2703 appellatur,
662 2640 957 2689 consistere
982 2643 1231 2705 nequeat.
1268 2639 1345 2689 Ut
1366 2640 1473 2688 iam
1498 2644 1621 2688 ante
1648 2638 1903 2688 diximus:
1930 2640 2101 2688 omnis
2127 2639 2348 2687 tentatio
2375 2644 2460 2688 est
2474 2640 2694 2689 interior

226 2721 299 2771 vel
324 2726 555 2775 exterior.
593 2726 889 2775 Externum
913 2726 1189 2775 diabolum
1216 2740 1333 2774 cum
1368 2724 1579 2775 Christo
1610 2726 1796 2775 iniisse
1825 2740 2060 2791 pugnam
2089 2724 2294 2774 indicat
2323 2740 2364 2773 s.
2389 2725 2693 2776 Matthaeus

225 2810 433 2861 scribens
467 2814 517 2874 4,
556 2814 606 2861 2.
646 2815 695 2862 3.
734 2818 859 2878 post
894 2810 1189 2861 Salvatoris
1224 2811 1419 2862 famem
1464 2812 1756 2861 accessisse
1797 2816 2142 2875 tentatorcm3
2192 2812 2416 2877 proinde
2465 2815 2694 2864 exterior

222 2894 337 2945 Jesu
366 2901 585 2949 tentatio
622 2899 819 2949 famem
866 2900 1091 2964 excepit.
1129 2898 1379 2948 Interiori
1413 2914 1558 2960 vero,
1598 2912 1740 2964 quae
1775 2898 1836 2947 fit
1867 2899 2114 2947 immissis
2149 2900 2208 2948 in
2242 2903 2471 2949 mentem
2507 2900 2690 2965 imagi-

224 2982 373 3045 nibus,
402 2986 595 3050 quibus
632 2986 705 3035 ad
740 2990 1023 3051 peccatum
1058 2985 1393 3045 sollicitatur,
1426 2984 1758 3050 impossibile
1790 2990 1872 3035 est
1889 2985 2176 3035 Dominum
2208 2984 2374 3035 fuisse
2404 2985 2690 3035 subditum.

224 3066 463 3121 Immissae
506 3072 717 3121 scilicet
771 3071 1071 3121 intellectui
1125 3072 1476 3136 cogitationes
1522 3072 1726 3133 malae,
1779 3072 2152 3136 excitataeque
2198 3072 2366 3137 partis
2415 3073 2692 3122 sentientis

226 3156 511 3219 cupiditates
548 3159 759 3209 nullum
796 3159 851 3207 in
890 3158 1090 3208 Christi
1132 3172 1365 3224 persona
1411 3158 1588 3208 locum
1632 3158 1833 3208 habere
1874 3162 2190 3223 potuerunt3
2243 3160 2372 3223 quia
2414 3173 2540 3223 pars
2577 3161 2692 3208 eius

224 3243 427 3293 sentiens
462 3248 539 3295 ita
580 3250 699 3296 erat
748 3246 945 3295 rationi
988 3245 1230 3306 subdita,
1268 3244 1449 3295 nullus
1494 3250 1555 3294 ut
1602 3246 1660 3295 in
1709 3259 1778 3294 ea
1818 3250 1994 3293 motus
2037 3245 2212 3293 invita
2257 3246 2464 3293 ratione
2511 3248 2693 3309 posset

226 3330 347 3379 oriri.
386 3332 639 3391 „Tentari
674 3334 879 3397 inquit,
917 3332 952 3381 l.
986 3348 1031 3381 c.
1062 3346 1105 3381 s.
1140 3330 1427 3396 Gregorius
1462 3331 1561 3394 M„
1600 3347 1726 3397 ergo
1775 3347 1872 3397 per
1920 3332 2314 3396 suggestionem
2358 3332 2557 3396 potuit,
2597 3330 2692 3380 sed

226 3415 323 3463 eius
352 3424 570 3469 mentem
613 3402 829 3484 peccati
875 3418 1159 3469 delectatio
1196 3432 1305 3467 non
1350 3418 1648 3467 momordit.
1710 3417 1888 3483 Atque
1922 3417 2046 3467 ideo
2085 3418 2254 3466 omnis
2293 3416 2562 3466 diabolica
2594 3416 2692 3466 illa

228 3505 419 3555 tentatio
448 3506 575 3555 foris
607 3520 718 3555 non
750 3506 895 3555 intus
926 3504 1079 3554 fuit.“
1116 3504 1235 3565 Quo
1267 3504 1423 3553 titulo
1456 3503 1655 3553 Christi
1688 3505 1908 3553 tentatio
1934 3504 2379 3569 Protoparentum
2407 3504 2692 3553 tentationi

228 3588 387 3641 similis
432 3592 545 3654 fuit,
588 3591 851 3658 quamdiu
900 3592 957 3641 in
1007 3590 1314 3640 felicissimo
1352 3590 1446 3640 illo
1482 3592 1826 3640 innocentiae
1863 3594 2008 3639 statu
2043 3594 2433 3655 perennarunt3
2496 3592 2690 3640 nostris

228 3680 321 3723 toto
352 3678 489 3728 coelo
526 3678 817 3728 dissimilis.
879 3678 1059 3739 Quare
1094 3677 1233 3727 idem
1270 3692 1313 3726 s.
1338 3678 1493 3742 Papa
1528 3677 1691 3742 paulo
1731 3682 1855 3726 ante
1893 3676 2146 3727 laudatus
2191 3676 2347 3725 dicit:
2387 3676 2532 3739 „Nos
2571 3692 2690 3727 cum

228 3764 481 3825 tentamur,
516 3766 835 3830 plerumque
872 3766 927 3813 in
964 3765 1313 3813 tentationem
1360 3768 1453 3813 aut
1490 3764 1650 3813 etiam
1687 3765 1743 3813 in
1781 3778 2099 3813 consensum
2147 3762 2407 3826 labimur3
2459 3764 2589 3828 quia
2624 3763 2690 3812 de

228 3850 377 3897 earnis
408 3856 625 3916 peccato
662 3852 947 3917 propagati
982 3852 1040 3899 in
1076 3850 1339 3899 nobismet
1374 3851 1505 3915 ipsis
1542 3850 1702 3899 etiam
1750 3852 1996 3915 gerimus,
2035 3848 2178 3899 unde
2221 3849 2514 3898 certamina
2557 3848 2688 3898 tole·

230 3948 391 3985 remus.
445 3938 593 3987 Deus
631 3954 761 3993 vero
800 3938 894 4002 qui
938 3938 993 3985 in
1037 3942 1188 3986 utero
1238 3936 1473 4002 Virginis
1522 3938 1858 3998 incarnatus,
1898 3938 1954 3985 in
1999 3935 2255 3985 mundum
2303 3935 2418 3984 sine
2464 3939 2696 3999 peccato,

228 4029 441 4083 venerat,
474 4024 605 4073 nihil
642 4024 1082 4073 contradictionis
1118 4026 1173 4073 in
1210 4025 1495 4089 semetipso
1524 4024 1839 4073 tolerabat.“
1877 4023 2033 4072 Hom.
2071 4020 2213 4071 XVI.
2251 4022 2308 4070 in
2331 4020 2432 4069 Ev.
2471 4036 2523 4069 n.
2551 4024 2596 4069 1.
2635 4037 2686 4085 p.

232 4108 358 4155 1492.
402 4110 475 4159 cf.
500 4128 545 4160 e.
570 4111 625 4160 J.
652 4110 721 4159 Η.
750 4110 935 4173 Seri-y,
962 4111 1175 4160 exercit.
1202 4109 1322 4159 hist.
1358 4111 1473 4159 crit.
1508 4110 1615 4175 pol.
1650 4110 1716 4159 de
1751 4108 1979 4159 Christo.
2015 4108 2096 4158 ed.
2129 4108 2301 4173 Lugd.
2337 4108 2488 4157 1767.
2513 4121 2688 4157 exerc.

230 4190 390 4257 XLVI,
422 4198 469 4245 8.
500 4214 551 4263 p.
590 4200 709 4247 160.
770 4196 959 4262 Neque
998 4199 1045 4245 2.
1084 4198 1386 4246 contrariae
1422 4197 1722 4245 sententiae
1760 4196 2082 4260 suffragatur
2136 4210 2180 4243 α.
2221 4192 2274 4242 S.
2298 4193 2479 4241 Lucas
2516 4194 2566 4254 4,
2607 4194 2687 4243 13.

230 4276 327 4335 „uz
356 4280 629 4341 συντελέσας
664 4278 826 4333 πάντα.
860 4276 1125 4351 πειρασμὸν
1160 4276 1187 4331 ὅ
1224 4278 1477 4349 διάβολος,
1515 4276 1694 4345 ἀπέστη
1734 4276 1813 4331 ἀπ’
1853 4276 1999 4331 ἀυτοῦ
2047 4274 2163 4348 ἄχρι
2199 4280 2403 4346 καιροῦίί
2441 4278 2492 4328 h.
2521 4296 2565 4329 e.
2594 4281 2686 4330 ait.

232 4364 362 4415 divus
392 4370 639 4435 scriptor:
678 4383 1053 4419 consummans
1092 4368 1297 4431 finiens,
1332 4384 1540 4419 omnem
1576 4370 1926 4419 tentationem
1964 4365 2208 4416 diabolus
2245 4366 2468 4415 recessit
2498 4366 2567 4415 ab
2607 4382 2688 4417 eo.

232 4448 351 4501 Illud
392 4453 669 4513 συντελέσας
686 4492 701 4516 ,
752 4454 971 4516 finiens,
1020 4456 1355 4505 referendum
1402 4460 1484 4505 est
1532 4455 1600 4505 ad
1658 4454 1932 4504 diabolum
1985 4453 2034 4503 h.
2083 4468 2124 4501 s.
2139 4490 2152 4513 ,
2201 4451 2392 4503 finiens
2440 4452 2688 4503 diabolus

233 4552 385 4588 omnes
405 4547 505 4591 tres
529 4542 861 4593 tentationes
879 4541 1119 4592 discessit
1143 4557 1177 4592 a
1196 4542 1421 4591 ChristO.
1440 4542 1524 4591 Ad
1543 4547 1788 4591 satanam
1807 4541 1970 4590 refert
1988 4544 2130 4590 certe
2156 4537 2199 4606 β.
2227 4554 2270 4589 s.
2295 4540 2347 4589 J.
2375 4539 2686 4604 chrysosto-

232 4639 343 4687 mus,
374 4628 499 4679 hom.
531 4630 683 4679 xm.
716 4630 777 4677 in
796 4628 981 4679 Matth.
1006 4646 1057 4679 n.
1081 4632 1131 4679 4.
1193 4630 1302 4692 „Et
1337 4629 1601 4695 quomodo
1639 4628 1876 4693 inquies,
1913 4628 2093 4677 Lucas
2130 4628 2230 4691 ait,
2267 4628 2440 4693 ipsum
2481 4640 2688 4678 omnem
