3267 5259
1235 463 1398 505 rsulus
1428 465 1676 516 Apostolus.
2573 457 2696 523 341

202 636 435 685 Paulum
460 638 517 685 in
542 636 758 687 tertium
782 652 953 703 usque
980 639 1187 689 coelum
1212 656 1308 705 per
1335 656 1514 691 aerem
1548 644 1875 707 ingressum3
1912 660 2010 694 nos
2037 644 2124 709 pie
2156 644 2420 695 credimus
2451 644 2699 697 historias

200 725 269 773 ab
296 724 515 774 homine
541 725 879 774 sanctissimo
907 730 961 775 et
984 728 1375 791 sapientissimo
1400 730 1644 794 scriptas,
1674 731 1766 794 qui
1792 746 1974 781 omnes
2000 730 2264 779 mendacii
2289 746 2480 781 causas
2507 734 2696 798 procul

197 811 407 861 habuit.
434 840 501 847 —
530 812 593 861 G.
622 812 706 862 w,
735 812 993 873 Oederus,
1034 813 1159 863 diss.
1186 813 1251 863 de
1276 821 1437 880 raptu
1459 832 1567 865 non
1593 816 1748 865 Pauli
1777 818 1828 865 in
1855 819 2068 867 tertium
2093 816 2316 867 coelum.
2369 817 2511 867 Gott.
2543 821 2692 869 1742.

194 899 251 948 in
290 898 405 947 alia
440 898 527 948 hic
566 898 679 948 abit
714 905 769 949 et
802 900 1031 965 probare
1068 901 1239 950 voluit
1276 907 1519 967 „raptum
1554 902 1698 953 hunc
1735 920 1843 953 non
1871 905 1975 969 ipsi
2012 903 2199 964 Paulo,
2239 903 2333 953 sed
2358 903 2450 953 alii
2477 905 2690 955 cuidam

198 986 517 1035 accidisse.“
570 985 839 1035 Oederum
877 987 1171 1037 confutavit
1204 988 1255 1037 J.
1284 987 1347 1038 G.
1374 990 1585 1054 Knapp,
1624 990 1690 1039 de
1717 996 1874 1055 raptu
1901 998 1954 1041 et
1978 1006 2134 1040 cruce
2161 991 2334 1040 Pauli.
2383 991 2507 1041 Hal.
2539 994 2694 1043 1750.

198 1090 248 1137 p.
293 1076 376 1121 11.
416 1088 459 1121 s.
500 1074 583 1122 29.
618 1089 659 1123 s.
701 1087 823 1138 app.
858 1090 908 1138 p.
949 1076 1063 1123 141.
1124 1075 1207 1124 De
1245 1081 1403 1141 raptu
1439 1076 1542 1127 hoc
1577 1077 1806 1127 Paulino
1832 1106 1898 1115 —
1925 1079 1985 1127 P.
2023 1078 2082 1127 P.
2121 1084 2176 1127 et
2211 1076 2263 1127 S.
2298 1078 2363 1127 E.
2400 1080 2698 1128 sententiae

198 1162 545 1224 reperiuntur
582 1160 727 1224 apud
765 1159 1057 1223 Suicerum‚
1094 1162 1164 1221 ΙΙ,
1201 1164 1319 1211 621.
1352 1190 1422 1199 —-
1456 1164 1613 1229 plura
1650 1167 1788 1215 scire
1827 1166 2006 1214 aventi
2043 1169 2254 1229 praeter
2289 1167 2606 1231 interpretes
2645 1171 2698 1215 et

196 1246 563 1297 Historiarum
598 1246 842 1311 Apostoli
878 1250 1165 1312 scriptores
1204 1248 1434 1299 adeundi
1471 1256 1621 1300 sunt:
1658 1251 1711 1301 J.
1752 1251 2000 1301 Olearius
2037 1256 2090 1301 et
2127 1251 2180 1300 S.
2205 1250 2602 1303 Kirchmaierus
2641 1254 2694 1302 in
2779 1244 2784 1249 ⁹

194 1334 361 1383 Thes.
396 1332 472 1383 th.
508 1333 595 1399 ph.
632 1334 702 1395 11,
738 1334 857 1383 587.
893 1349 933 1383 s.
974 1336 1091 1384 596.
1126 1352 1169 1385 s.
1217 1336 1268 1385 J.
1302 1336 1591 1397 Marckius,
1630 1338 1748 1402 syll.
1777 1338 1900 1390 diss.
1929 1356 1980 1387 n.
2007 1341 2090 1387 24.
2131 1340 2310 1388 Roter.
2339 1341 2488 1389 1721.
2537 1340 2588 1387 J.
2619 1338 2694 1389 St.

194 1420 544 1482 Menochius,
592 1422 971 1471 trattenimenti
1020 1422 1210 1471 eruditi
1257 1422 1350 1484 IV,
1390 1426 1506 1473 519.
1565 1425 1627 1474 A.
1667 1426 1738 1473 M.
1775 1426 2027 1487 Perzina,
2071 1424 2366 1490 Theologia
2399 1425 2695 1477 Historico-

195 1508 405 1557 critica.
456 1508 666 1571 Pragae
706 1509 855 1557 1754.
902 1508 956 1570 Ι,
995 1510 1080 1558 93.
1142 1509 1418 1572 W'outers,
1466 1510 1646 1561 Diluc.
1689 1512 1746 1561 in
1784 1527 1866 1576 ep.
1905 1512 1974 1561 ad
2013 1511 2132 1562 Cor.
2175 1513 2245 1561 ΙΙ.
2291 1528 2340 1577 q.
2387 1516 2434 1562 5.
2487 1530 2536 1577 p.
2576 1516 2694 1563 211.

192 1592 247 1641 J.
300 1592 585 1655 Fechtius,
643 1594 709 1643 de
756 1595 935 1645 verbis
981 1594 1139 1645 Pauli
1192 1595 1570 1646 ineffabilibus.
1632 1598 1886 1648 Rostock.
1933 1601 2083 1649 1706.
2143 1599 2194 1649 J.
2241 1598 2361 1649 Chr.
2405 1600 2694 1663 Hofmann,

194 1678 603 1730 Schriftbeweis
640 1679 711 1729 II.
750 1695 797 1743 a,
836 1682 956 1731 346.
992 1698 1036 1731 s.
1096 1682 1182 1731 Ei.
1230 1682 1315 1731 die
1359 1682 1407 1731 h.
1446 1681 1643 1732 Schrift
1679 1684 1728 1732 (l.
1765 1684 1826 1733 N.
1863 1685 1924 1733 Τ.
1961 1702 2005 1733 z.
2043 1701 2091 1759 u.
2129 1685 2200 1734 ΙΙ.
2235 1687 2284 1735 3.
2319 1685 2502 1737 ΝὸτᾶΙ.
2541 1688 2692 1737 1866.

194 1765 249 1815 d.
278 1782 378 1815 mv.
429 1766 518 1816 Br.
543 1766 702 1816 Pauli
726 1781 797 1817 an
822 1766 909 1817 die
946 1767 1249 1830 Korinther,
1287 1785 1336 1833 p.
1364 1770 1481 1818 302.
1508 1785 1549 1819 s.
1587 1770 1650 1818 A.
1677 1770 1862 1831 Maier‚
1892 1770 2089 1820 Comm.
2119 1776 2168 1820 ii.
2197 1770 2246 1821 d.
2274 1788 2319 1821 z.
2367 1772 2518 1821 Brief
2537 1772 2694 1823 Pauli

192 1867 267 1903 an
311 1853 397 1903 die
434 1853 736 1905 Kerinther.
784 1854 964 1904 Freib.
992 1856 1143 1905 1865.
1180 1872 1234 1920 p.
1266 1858 1383 1906 214.
1410 1872 1452 1907 s.
1514 1856 1772 1907 Mittimus
1811 1863 2109 1907 commenta
2143 1860 2200 1907 in
2235 1856 2422 1908 fictitia
2459 1860 2688 1924 quadam

190 1940 358 1989 Pauli
412 1940 727 2005 apocalypsi
774 1940 993 2005 tradita,
1046 1946 1099 1990 et
1145 1944 1353 1992 somnia
1398 1943 1646 2007 Dyonisii
1695 1943 2052 2010 Areopagitae
2102 1944 2170 1993 ab
2220 1946 2438 1994 eruditis
2493 1945 2692 1995 dudum

192 2026 439 2091 explosa.
492 2026 570 2075 Of.
600 2043 642 2077 s.
666 2027 973 2094 Epiphanii,
1011 2028 1156 2078 haer.
1182 2030 1481 2091 XXXVIII,
1516 2032 1563 2079 2.
1602 2046 1654 2095 p.
1681 2032 1800 2081 277.
1852 2031 2149 2093 Sommeni,
2187 2032 2386 2081 Histor.
2415 2033 2543 2082 eccl.
2574 2034 2690 2095 vn,

195 2116 285 2163 19.
325 2112 409 2163 ed.
446 2114 565 2163 val.
604 2130 654 2179 p.
694 2116 809 2164 735.
862 2115 915 2165 J.
950 2116 1011 2165 A.
1050 2115 1311 2179 Fabricii,
1360 2115 1488 2167 cod.
1528 2132 1708 2182 apocr.
1747 2097 1810 2167 s:
1849 2118 1910 2167 Τ.
1957 2135 2008 2183 p.
2048 2120 2164 2168 943.
2227 2119 2284 2169 c.
2324 2119 2691 2182 Tischendorf,

190 2201 369 2265 Apoc.
396 2216 577 2265 apocr.
597 2201 746 2266 Lips.
768 2202 917 2252 1866.
944 2218 996 2267 p.
1010 2204 1093 2252 40.
1108 2218 1150 2252 s.
1172 2231 1237 2239 -
1257 2203 1405 2253 Adeo
1432 2204 1640 2253 animus
1667 2204 1782 2253 eius
1807 2205 2127 2255 coelestibus
2151 2207 2432 2270 mysteriis,
2460 2206 2528 2257 ad
2555 2221 2692 2271 quae

191 2286 463 2337 admissus
502 2292 632 2347 erat,
672 2287 953 2338 audiendis
988 2290 1225 2338 intentus
1250 2290 1366 2351 fuit,
1404 2295 1465 2339 ut
1488 2292 1571 2340 sui
1596 2292 1766 2356 ipsius
1792 2292 1989 2341 oblitus
2020 2293 2362 2357 ignoraverit,
2401 2308 2472 2342 an
2496 2308 2690 2358 corpus

191 2373 435 2424 adfuerit
468 2390 568 2425 nec
604 2378 709 2425 ne?
766 2376 977 2425 Profuit
1010 2390 1139 2426 vero
1176 2375 1262 2425 hic
1296 2380 1482 2441 raptus
1520 2376 1708 2439 Pau10,
1747 2382 1806 2427 ut
1841 2379 1896 2427 in
1933 2380 2257 2443 gravissimis
2296 2378 2534 2430 adversis
2573 2396 2691 2445 per-

190 2460 449 2523 ferendis,
484 2463 541 2511 in
577 2460 683 2511 fide
720 2466 882 2528 atque
919 2478 1015 2528 spe
1052 2467 1220 2513 staret
1251 2464 1497 2514 invictus.

407 2548 490 2598 De
528 2548 740 2599 stimulo
778 2551 953 2599 carnis
990 2550 1103 2601 sive
1141 2550 1375 2616 angelo
1412 2556 1690 2602 satanae
1727 2554 1926 2617 optime
1971 2554 2176 2603 monuit
2222 2553 2271 2602 d.
2308 2553 2685 2619 Hieronymus,

196 2634 303 2696 „ad
330 2634 713 2685 revelationum
740 2634 1119 2687 humiliandam
1146 2638 1468 2703 superbiam,
1506 2639 1736 2688 monitor
1769 2638 1984 2704 quidam
2015 2638 2280 2689 humanae
2304 2638 2687 2689 imbecillitatis

193 2722 505 2787 apponitur,
540 2723 599 2771 in
634 2722 1029 2773 similitudinem
1065 2723 1529 2789 triumphantium,
1574 2725 1768 2790 quibus
1806 2726 1862 2775 in
1899 2740 2058 2775 curru
2095 2730 2234 2775 retro
2274 2742 2451 2776 comes
2491 2724 2687 2776 adhae-

192 2810 353 2859 rebat
386 2826 483 2875 per
530 2809 769 2875 singulas
818 2809 1231 2861 acclamationes
1288 2812 1483 2861 civium
1532 2811 1744 2862 dicens:
1790 2812 2058 2862 hominem
2106 2817 2160 2862 te
2207 2827 2322 2863 esse
2370 2816 2684 2863 memento.“

195 2912 281 2962 ep.
311 2896 559 2946 XXXIX.
598 2896 667 2946 ad
702 2896 942 2946 Paulam.
983 2914 1033 2946 n.
1072 2900 1120 2947 2.
1160 2915 1210 2963 p.
1250 2900 1363 2948 179.
1402 2898 1523 2948 0011.
1560 2914 1642 2963 ep.
1677 2898 1852 2949 XXII.
1890 2898 2011 2949 coll.
2038 2898 2120 2955 ,ad
2155 2898 2506 2949 Eustochium
2546 2916 2598 2949 n.
2636 2901 2684 2949 5.

194 3000 247 3049 p.
276 2985 362 3033 91.
410 2982 559 3032 Idem
594 3000 754 3049 porro
792 3000 833 3034 s.
860 2983 1065 3033 Doctor
1098 3000 1245 3034 more
1278 2999 1375 3034 suo
1401 2984 1633 3034 breviter
1673 2985 1974 3047 „stimulum
2013 2985 2220 3035 carnis“
2249 3014 2314 3023 --
2341 3002 2442 3036 vox
2481 2982 2685 3053 σκόλοψ,

192 3086 274 3131 gr.
316 3068 471 3135 palus
520 3075 708 3119 acutus
744 3070 832 3120 vel
879 3069 1172 3135 spiculum:
1224 3071 1379 3136 plura
1429 3070 1494 3120 de
1530 3072 1583 3120 vi
1618 3072 1768 3121 vocis
1806 3072 2030 3137 eiusque
2065 3073 2502 3137 interpretatione
2541 3073 2692 3121 dabit

190 3158 259 3207 L.
286 3155 581 3219 Bartholdt,
620 3156 755 3223 disq.
782 3155 1032 3221 quidnam
1059 3159 1130 3208 sit
1165 3152 1226 3219 „6
1264 3153 1487 3224 exsto-{1⁴⁸
1520 3157 1632 3207 Erl.
1663 3160 1812 3209 1820.
1850 3159 1894 3222 Ι,
1923 3161 2002 3208 10.
2031 3187 2095 3195 -
2123 3159 2255 3209 dixit
2281 3175 2398 3209 esse
2439 3158 2687 3219 „aculeos

192 3244 373 3293 carnis
412 3248 466 3293 et
501 3244 771 3293 incentiva
805 3245 1103 3293 vitiorum.“
1166 3243 1431 3309 vulgatus
1468 3244 1736 3295 stimulum
1775 3246 2154 3310 interpretatus
2193 3253 2298 3306 est,
2350 3246 2478 3311 quia
2521 3245 2686 3294 libido

189 3331 435 3393 repetitis
484 3332 637 3395 quasi
682 3330 902 3391 ictibus,
950 3336 1012 3380 ut
1054 3332 1298 3381 stimulus
1344 3331 1505 3380 boum
1542 3345 1756 3381 carnem
1797 3333 2009 3381 excitat.
2072 3332 2272 3381 Paulus
2319 3338 2506 3381 notare
2543 3332 2686 3381 vult:

190 3432 251 3466 se
290 3418 562 3466 incentivo
600 3418 776 3467 carnis
813 3417 1035 3483 perinde
1074 3419 1395 3481 excruciari,
1444 3423 1605 3483 atque
1642 3419 1680 3467 ii
1717 3417 1914 3481 solent,
1953 3418 2146 3483 quibus
2191 3420 2326 3469 cutis
2365 3423 2524 3467 acuto
2561 3418 2684 3483 palo

187 3504 466 3570 pungitur.
516 3504 697 3568 Pergit
731 3508 911 3553 autem
946 3503 1236 3569 Apostolus
1272 3503 1471 3553 malum
1504 3505 1561 3553 in
1586 3518 1782 3569 genere
1820 3503 2144 3569 descriptum
2182 3504 2483 3554 distinctius
2522 3505 2685 3570 expli-

189 3606 352 3639 care:
412 3589 707 3655 „Angelum
760 3595 1032 3641 satanae.“
1108 3590 1387 3640 Stimulum
1437 3593 1612 3641 carnis
1664 3605 1730 3640 ea
1778 3593 1984 3641 ratione
2036 3596 2216 3653 vocat,
2269 3592 2397 3657 quia
2445 3593 2685 3657 spiritum

188 3677 429 3742 aliquem
467 3676 679 3739 malum,
718 3676 919 3726 diaboli
957 3678 1251 3727 ministrum
1289 3678 1646 3726 incurrentem
1683 3676 1885 3738 habuit,
1927 3694 2032 3742 quo
2077 3682 2314 3727 tentante
2351 3678 2549 3728 malum
2584 3678 2686 3728 hoc

186 3765 245 3813 in
285 3778 447 3813 carne
486 3778 677 3829 passus
713 3763 905 3813 fuerat.
966 3764 1123 3824 Quod
1159 3780 1266 3813 non
1304 3764 1475 3815 solum
1514 3763 1704 3813 durum
1741 3764 1886 3830 quid,
1927 3780 2106 3814 verum
2145 3766 2306 3814 etiam
2342 3765 2684 3815 contumelio-

186 3867 313 3901 sum
336 3850 503 3900 fuisse
529 3850 754 3899 videtur.
808 3848 1061 3915 Colaphis
1087 3851 1227 3899 enim
1264 3850 1504 3913 caedere,
1532 3858 1591 3899 ut
1614 3850 1774 3901 hodie
1799 3851 1874 3899 ita
1900 3852 2060 3901 etiam
2098 3850 2238 3914 olim,
2275 3852 2686 3917 ignominiosum

186 3936 513 3987 habebatur.
563 3935 642 3985 cf.
669 3935 711 3985 I.
738 3937 883 3986 Petri
909 3939 956 3999 2,
986 3938 1067 3985 20.
1117 3937 1364 3999 Plinium,
1405 3954 1488 4003 ep.
1516 3938 1611 4001 111,
1643 3940 1722 3987 14.
1772 3937 1930 3986 Hanc
1966 3939 2282 3987 sententiam
2320 3938 2682 3987 commendat:

187 4039 235 4075 a.
278 4021 425 4087 quod
460 4022 751 4088 Apostolus
787 4023 829 4073 1.
860 4022 981 4072 Cor.
1006 4026 1055 4085 9,
1083 4026 1163 4073 27.
1204 4024 1325 4073 coll.
1352 4024 1502 4073 Rom.
1531 4026 1578 4084 7,
1606 4026 1690 4073 23.
1729 4025 2196 4088 concupiscentiae
2233 4030 2406 4074 motus
2439 4024 2496 4071 in
2521 4038 2680 4073 carne

185 4125 293 4159 sua
318 4109 447 4159 licet
470 4110 669 4158 invitus
696 4110 1097 4175 experiebatur3
1124 4110 1175 4159 b.
1204 4110 1347 4175 quod
1382 4110 1627 4161 stimulus
1655 4112 1830 4159 carnis
1857 4111 2160 4175 aptissimus
2185 4112 2255 4158 sit
2279 4110 2346 4159 ad
2373 4109 2684 4159 humilitatis

184 4196 507 4247 custodiam.
567 4196 715 4245 Nihil
750 4198 889 4245 enim
926 4198 1095 4261 magis
1132 4198 1539 4262 ignominiosum
1584 4198 1753 4247 videri
1794 4201 1996 4262 potest,
2041 4196 2282 4246 homini
2326 4196 2683 4246 secundum

182 4284 499 4349 spiritum
547 4284 771 4332 vivere
821 4285 1141 4349 cupienti,
1194 4298 1353 4349 quam
1398 4284 1510 4348 pati
1555 4285 1612 4332 in
1651 4298 1811 4333 carne
1861 4296 1960 4332 sua
1995 4288 2177 4347 turpes
2215 4284 2681 4347 concupiscentiae

182 4384 391 4436 pravae
428 4375 622 4433 motus,
662 4371 977 4435 quibuscum
1015 4372 1221 4436 cogitur
1258 4372 1591 4420 continenter
1628 4376 1850 4420 certare.
1899 4370 2011 4420 Eos
2035 4385 2164 4419 vero
2201 4386 2246 4419 c.
2285 4370 2526 4434 apposite
2554 4369 2684 4419 dicit

180 4457 459 4508 stimulum
488 4457 637 4507 carni
664 4456 861 4517 datum,
890 4472 1008 4506 cnm
1032 4460 1205 4507 motus
1231 4456 1352 4507 illos
1380 4457 1505 4506 licet
1528 4458 1728 4506 invitus
1755 4459 1808 4507 in
1835 4470 1996 4506 carne
2023 4458 2256 4505 sentiret.
2299 4456 2466 4505 Porro
2493 4455 2541 4505 d.
2566 4458 2681 4506 iure

180 4544 429 4610 adpellat
464 4542 715 4608 angelum
752 4547 993 4605 satanae,
1032 4546 1161 4608 quia
1193 4543 1468 4593 incitando
1508 4544 1575 4593 ad
1599 4544 2006 4609 inquinamenta
2041 4543 2216 4591 carnis
2255 4542 2481 4591 daemon
2517 4544 2679 4609 impe-

180 4633 321 4680 rium
369 4646 529 4681 suum
577 4630 631 4677 in
675 4628 977 4679 hominibus
1024 4634 1249 4679 exercet.
1312 4630 1431 4679 Hoc
1478 4646 1603 4679 vero
1643 4646 1672 4678 e
1708 4630 2056 4695 permissione
2091 4629 2196 4678 Dei
2234 4629 2452 4693 accidit,
2500 4646 2680 4695 quem-
