3267 5259
1075 420 1293 461 Ecclesiae
1318 421 1540 463 nascentis
1566 421 1815 473 primordia.
2575 413 2692 477 32]

207 589 435 655 dicere
468 612 549 654 ac
579 593 963 677 praesertim
1000 594 1181 657 cuius
1212 595 1476 658 nomine
1510 604 1576 658 et
1604 596 1841 659 virtute
1877 594 2179 660 claudum
2216 596 2394 661 illum
2433 599 2705 662 sanitate

208 701 619 767 donassent?
711 703 963 783 Quibus
1006 705 1239 769 Petrus
1294 706 1447 771 nihil
1492 717 1815 791 moratus,
1877 707 2082 772 libera
2127 731 2292 773 voce
2339 712 2462 773 ait:
2526 712 2591 774 vi
2638 720 2704 775 et

207 818 602 880 auctoritate
634 815 795 881 Jesu
830 816 1085 901 Christi,
1121 841 1315 904 quem
1352 819 1816 883 crucifixerunt
1843 820 2102 903 Judaei,
2149 812 2519 905 prodigium
2551 822 2708 886 illud

206 936 563 1013 patratum,
602 930 667 991 in
701 951 829 1013 quo
862 952 992 994 uno
1027 939 1091 994 et
1122 930 1259 996 solo
1294 942 1466 996 esset
1496 930 1579 996 ad
1612 931 1886 997 salutem
1927 955 2097 1019 spes.
2153 933 2470 998 Videntes
2504 934 2707 1020 Syne-

210 1039 386 1103 drini
448 1043 881 1105 constantiam
926 1041 1105 1107 Petri
1168 1054 1232 1106 et
1284 1042 1327 1106 J
1332 1046 1559 1107 oannis
1578 1048 1617 1127 ¹,
1685 1043 1808 1108 illis
1869 1043 2348 1110 interdixerunt
2407 1045 2487 1110 de
2548 1046 2710 1111 Jesu

208 1152 533 1239 posthaec
563 1153 776 1238 loqui;
826 1155 931 1219 cui
974 1154 1317 1221 interdicto
1353 1156 1546 1221 ambo
1577 1156 1881 1242 Apostoli
1914 1157 2080 1222 adeo
2113 1182 2245 1223 non
2287 1160 2707 1244 acquiescere

210 1265 499 1351 professi
544 1276 724 1331 sunt:
774 1290 843 1331 se
888 1289 1165 1332 renuere
1207 1278 1279 1332 ut
1308 1279 1634 1354 parerent,
1685 1270 1860 1355 quod
1892 1271 2118 1334 iustius
2149 1272 2232 1334 sit
2259 1270 2406 1336 Deo
2442 1270 2708 1336 obedire

220 1400 425 1463 quam
486 1377 855 1443 hominibus
878 1382 921 1443 ².
1022 1380 1462 1445 Dimittendos
1529 1380 1942 1447 nihilominus
2003 1382 2378 1469 synedrium
2441 1386 2708 1466 censuit,

211 1490 533 1554 invidiam
592 1492 837 1577 populi,
903 1494 1013 1577 qui
1072 1494 1138 1556 in
1198 1493 1551 1580 Apostolos
1610 1503 1790 1558 tanto
1852 1495 2164 1560 miraculo
2228 1495 2472 1579 claros,
2531 1495 2708 1560 incli-

211 1602 444 1685 nabat,
490 1606 845 1688 vitaturus3
891 1606 1117 1689 peiora
1159 1614 1380 1669 tamen
1426 1608 1729 1689 minatuS,
1787 1608 1851 1670 ni
1894 1608 2266 1693 paruissent
2282 1611 2326 1671 3.
2402 1606 2512 1673 Ad
2559 1632 2710 1673 suos
2803 1638 2810 1645 ·

208 1716 419 1801 igitur
464 1716 742 1781 reduces
785 1715 1086 1803 Apostoli
1136 1719 1370 1801 omnia,
1420 1740 1588 1803 quae
1604 1718 1742 1782 ‘sibi
1787 1720 2214 1811 contigerant,
2263 1730 2646 1785 enarrarunt
2664 1724 2707 1783 ⁴.

432 1826 598 1893 Cum
654 1851 776 1915 per
819 1828 1287 1915 Apostolorum
1342 1852 1575 1894 manus
1628 1830 1833 1894 multa
1879 1833 2122 1917 passim
2167 1833 2232 1894 in
2281 1832 2419 1895 dies
2479 1832 2713 1896 fierent

212 1940 554 2027 prodigia,
612 1939 901 2006 fidelium
960 1943 1194 2005 caritas
1255 1944 1346 2006 ita
1400 1952 1700 2007 aestuare
1749 1944 1993 2030 coepit,
2051 1953 2122 2008 ut
2165 1943 2468 2030 plurimi⁵
2519 1944 2709 2009 bonis

214 2051 573 2117 divenditis
606 2052 689 2116 ad
721 2053 1189 2140 Apostolorum
1221 2054 1446 2140 pedes,
1488 2058 1554 2119 in
1586 2078 1944 2140 egenorum
1977 2054 2402 2121 sublevamen
2431 2058 2711 2141 pretium

212 2166 537 2229 afferrent
556 2168 597 2229 ⁶.
688 2166 872 2230 Inter
939 2166 1055 2231 hos
1114 2166 1407 2231 Ananias
1475 2177 1542 2231 et
1608 2166 1886 2253 Saphira
1956 2144 2268 2253 coniuges
2337 2166 2711 2254 exemplum

210 2278 475 2361 imitati,
524 2276 812 2341 distracti
846 2280 986 2363 agri
1015 2280 1296 2365 pretium
1329 2280 1610 2343 afferunt
1643 2279 1926 2364 quidem,
1968 2278 2085 2344 sed
2117 2281 2314 2366 impio
2349 2278 2708 2364 sacrilegio,

210 2390 525 2475 portione
571 2399 845 2455 retenta.
922 2389 1153 2455 Petrus
1209 2391 1439 2456 fraude
1488 2390 1793 2455 divinitus
1839 2390 2200 2475 intellecta,
2257 2415 2486 2457 severe
2535 2391 2711 2478 quod

208 2502 374 2565 Deo
422 2502 760 2588 imponere
808 2504 1354 2589 aggrederentur,
1400 2506 1801 2590 increpatos,
1859 2503 2074 2568 subita
2118 2515 2327 2569 morte
2371 2504 2645 2568 mulctat
2669 2507 2710 2567 ⁷.

442 2764 479 2831 ¹)
516 2766 761 2816 Virorum
800 2765 1040 2832 alioquin
1065 2766 1215 2817 nulla
1246 2766 1543 2817 eruditione
1580 2766 1858 2833 cultorum.
1920 2766 1960 2833 ²)
2001 2766 2082 2817 Cf.
2110 2764 2162 2815 S.
2187 2766 2450 2829 Andreae,
2489 2766 2554 2816 de
2579 2766 2711 2817 limi-

214 2852 372 2901 tibus
411 2852 657 2918 obsequii
690 2852 923 2915 humani,
959 2854 1015 2903 in
1052 2854 1210 2903 Thes.
1246 2870 1367 2903 nov.
1406 2870 1458 2919 p.
1484 2855 1603 2903 595.
1632 2870 1673 2903 s.
1721 2853 1782 2903 A.
1819 2852 2082 2917 Neander,
2124 2852 2314 2903 Gesch.
2353 2852 2447 2902 der
2482 2854 2713 2918 Leitung

214 2938 337 2988 und
375 2938 673 3004 Pflanzung
710 2938 805 2989 der
841 2939 948 2989 chr.
986 2939 1182 2989 Kirche
1221 2939 1386 2989 durch
1425 2939 1509 2988 die
1534 2939 1773 3006 Apostel.
1821 2940 2016 2989 Hamb.
2046 2940 2195 2989 1832.
2234 2939 2274 3001 1,
2302 2941 2385 2989 52.
2412 2956 2453 2989 s.
2517 2940 2558 3005 ³)
2596 2940 2712 2989 Act.

214 3028 283 3086 4,
320 3027 511 3075 5-22,
583 3026 627 3087 ⁴)
666 3025 767 3075 His
804 3026 1000 3075 auditis
1036 3026 1247 3089 fideles,
1284 3042 1544 3077 memores
1582 3042 1789 3091 eorum,
1830 3042 1966 3092 quae
2005 3026 2130 3077 olim
2166 3026 2404 3076 Davides
2441 3027 2528 3076 ΡΒ.
2567 3027 2626 3088 2,
2667 3028 2713 3075 1.

215 3112 555 3161 vaticinatus
592 3112 782 3175 fuerat,
818 3113 874 3161 in
910 3128 1097 3179 preces
1134 3113 1287 3162 effusi
1322 3114 1441 3163 Deo
1479 3114 1818 3163 contribuere
1854 3113 2057 3163 laudes.
2119 3114 2412 3175 Orantium,
2451 3118 2510 3161 ut
2546 3114 2712 3163 servis

215 3200 339 3249 suis
381 3198 533 3247 daret
557 3200 698 3247 omni
724 3215 842 3249 cum
864 3198 1113 3249 libertate
1152 3201 1479 3250 annunciare
1514 3200 1866 3265 evangelium,
1904 3215 2089 3265 preces
2128 3200 2402 3249 exaudivit
2423 3199 2712 3261 Dominus;

216 3284 662 3350 beneplacitique
708 3285 907 3335 indicio
945 3285 1043 3335 fuit
1076 3286 1254 3349 locus,
1296 3286 1353 3335 in
1390 3302 1495 3351 quo
1534 3287 1842 3351 congregati
1889 3291 2072 3347 erant,
2123 3300 2433 3348 succussus,
2487 3284 2713 3347 Spiritus

216 3370 279 3421 S.
308 3370 544 3437 prodens
574 3374 946 3436 praesentiam,
986 3374 1075 3437 qui
1103 3376 1157 3422 et
1178 3388 1317 3423 novo
1346 3372 1533 3421 ardore
1560 3377 1781 3422 cunctos
1817 3372 2088 3421 animavit.
2152 3372 2193 3437 ⁵)
2225 3372 2370 3421 Inter
2395 3386 2486 3421 eos
2511 3370 2714 3436 Joseph

218 3458 639 3523 cognominatus
672 3459 978 3521 Barnabas,
1015 3459 1231 3521 Levita,
1281 3458 1509 3524 Cyprius
1547 3475 1758 3525 genere.
1833 3458 1874 3524 ὅ)
1910 3460 2028 3508 Act.
2067 3460 2123 3518 4,
2160 3460 2382 3507 23—37.
2444 3456 2524 3506 cf.
2559 3456 2610 3507 J.
2649 3457 2713 3506 L.

216 3543 597 3606 Moshemii‚
636 3550 914 3594 comment.
955 3544 1020 3595 de
1056 3560 1185 3615 vera
1222 3550 1413 3594 natura
1452 3546 1836 3596 communionis
1875 3545 2136 3594 bonorum
2170 3546 2226 3594 in
2250 3544 2500 3593 Ecclesia
2523 3544 2712 3593 Hiero-

220 3631 570 3696 solymitana,
608 3633 665 3680 in
702 3630 827 3681 diss.
866 3630 934 3680 ad
969 3630 1039 3679 H.
1074 3632 1137 3681 E.
1176 3622 1439 3697 pert'vol.
1478 3631 1567 3681 alt.
1604 3630 1783 3681 Alton.
1812 3632 1963 3681 1743.
1994 3649 2045 3696 p.
2076 3632 2154 3681 14.
2183 3646 2294 3695 seq.
2371 3630 2412 3691 7)
2451 3630 2570 3679 Non
2605 3634 2712 3678 tam

218 3718 531 3769 sententiae
568 3719 879 3784 asperitate,
927 3733 1085 3784 quam
1124 3719 1471 3783 correptionis
1508 3717 1798 3783 supplici0‚
1846 3718 2034 3767 dolosa
2070 3716 2360 3767 calliditate
2397 3718 2713 3766 mentientes

218 3820 269 3855 s.
298 3806 494 3854 Petrus
532 3804 821 3869 percussit:
870 3810 1133 3869 quatenus
1181 3803 1405 3853 duorum
1441 3804 1760 3870 supplicium
1799 3804 2083 3853 multorum
2121 3803 2364 3853 doctrina
2398 3802 2584 3864 fuerit,
2625 3802 2715 3865 qui

220 3904 428 3956 magna
482 3890 547 3939 de
601 3890 829 3956 benigno
880 3890 1208 3956 providoque
1256 3890 1415 3939 Patre
1470 3889 1793 3951 diffidentia,
1849 3896 2184 3955 praesentem
2237 3889 2530 3938 vindictam
2585 3903 2710 3936 con-

224 3978 520 4027 sciverant.
574 3976 692 4025 Act.
717 3979 766 4039 5,
796 3978 980 4027 1—10.
1039 3976 1329 4043 Apostolus
1365 3990 1718 4042 nequaquam,
1757 3982 1819 4025 ut
1848 3976 2041 4026 stultus
2065 3976 2390 4041 Porphyrius
2429 3973 2716 4023 calumnia·

220 4072 333 4125 tur,
374 4065 695 4129 imprecatus
733 4068 814 4113 est
847 4064 914 4113 iis
950 4070 1200 4127 mortem3
1238 4062 1333 4114 sed
1357 4064 1460 4112 Dei
1486 4062 1740 4112 iudicium
1777 4077 1844 4111 ca
1879 4063 2082 4113 ratione
2121 4066 2280 4127 atque
2317 4062 2405 4109 via
2437 4065 2716 4109 exsecutus

222 4158 327 4214 est,
370 4165 477 4216 qua
514 4149 745 4201 infirmos
784 4152 1009 4201 sanavit.
1072 4150 1150 4200 cf.
1187 4150 1456 4215 origenis,
1496 4166 1682 4199 comm.
1717 4150 1772 4198 in
1809 4149 1908 4198 Ev.
1947 4149 2135 4197 Matth.
2173 4150 2218 4197 7.
2254 4148 2369 4197 XV.
2404 4162 2456 4194 n.
2494 4148 2575 4195 15.
2616 4145 2717 4211 Op.

222 4238 331 4299 ΙΠ,
371 4238 491 4287 360.
542 4235 593 4286 S.
635 4236 1012 4302 chrysostomi,
1050 4238 1106 4287 in
1144 4241 1245 4286 act.
1280 4236 1419 4285 hom.
1454 4236 1576 4298 XII,
1616 4239 1661 4285 1.
1699 4252 1749 4301 p.
1786 4238 1868 4285 96.
1919 4234 1971 4284 S.
2005 4234 2334 4298 Hieronymi,
2374 4248 2455 4297 ep.
2497 4234 2611 4281 130.
2649 4232 2718 4281 ad

222 4323 629 4375 Demetriadem
666 4340 715 4372 n.
755 4325 835 4373 14.
884 4341 935 4389 p.
974 4326 1091 4373 990.
1150 4322 1421 4383 Cassiani,
1463 4321 1584 4372 coll.
1622 4322 1718 4384 VI,
1761 4324 1840 4372 11.
1887 4338 1938 4387 p.
1974 4323 2091 4371 306.
2147 4320 2199 4371 S.
2239 4320 2482 4385 Gregorii
2517 4320 2717 4384 Magni,

222 4412 406 4476 Epist.
432 4409 475 4458 1.
502 4411 550 4471 9,
578 4410 661 4458 34.
700 4409 769 4458 ad
806 4410 1125 4459 venantium
1160 4409 1230 4472 11,
1259 4410 1374 4458 523.
1425 4408 1559 4459 Vide
1595 4408 1700 4457 huc
1739 4414 1791 4459 et
1825 4408 1893 4457 D.
1919 4408 2213 4469 Petavium,
2240 4408 2430 4471 Dogm.
2459 4405 2618 4455 theol.
2652 4405 2718 4455 de

221 4497 420 4547 Trinit.
458 4496 529 4557 Π,
565 4497 645 4545 13.
684 4494 755 4544 11.
792 4510 840 4557 a,
881 4498 995 4545 106.
1031 4511 1071 4544 s.
1121 4494 1385 4545 Didacum
1424 4510 1458 4543 a
1494 4494 1546 4545 S.
1580 4496 1720 4558 Ant„
1759 4494 1929 4543 Ench.
1966 4493 2064 4555 ΠΙ,
2103 4496 2222 4543 472.
2283 4486 2557 4555 wouters,
2601 4491 2634 4541 l.
2673 4508 2719 4542 c.

222 4602 281 4651 p.
308 4584 396 4633 39.
422 4599 465 4632 s.
510 4582 569 4631 C.
596 4579 901 4643 Saccaoelfi,
928 4580 1128 4632 Histor.
1154 4580 1305 4631 Eccl.
1330 4582 1481 4631 Rom.
1512 4583 1662 4633 1771.
1699 4582 1740 4644 1,
1771 4583 1852 4631 76.
1877 4596 1918 4632 s.
1962 4580 2338 4647 Baumgarten,
2366 4579 2399 4628 1.
2427 4595 2472 4629 c.
2498 4580 2540 4643 1,
2568 4582 2649 4629 37.
2677 4596 2719 4629 s.

337 4673 549 4720 Danko‚
576 4672 693 4715 nist.
718 4672 1013 4716 Revelstionis
1036 4673 1226 4715 divinas.
1256 4674 1315 4715 11.
2344 4668 2408 4715 21
