3267 5259
584 432 711 495 276
1344 444 1409 504 ne
1432 444 1632 485 fontibus
1657 444 1823 485 mator.
1854 444 2111 486 n.11..r.c.
2142 456 2294 485 mum.

583 626 819 695 rogatus
845 641 880 679 a
902 620 1171 679 fidelibus
1195 622 1474 679 Romanis
1496 622 1890 695 Evangelium
1919 623 2183 697 scripsit3
2219 625 2416 698 prouti
2447 622 2596 680 illud
2628 625 2694 681 in
2727 624 2858 698 ipsa
2887 623 3066 680 Urbe

584 724 993 800 Apostolorum
1040 727 1307 803 princeps
1353 727 1627 783 docuerat
1655 724 1704 783 ¹:
1747 725 1914 789 Quod
1958 746 2090 783 cum
2131 746 2358 784 summa
2401 726 2516 783 fide
2545 732 2606 784 et
2635 730 3062 803 perspicuitate,

584 831 865 906 scriptum
905 831 961 887 d.
994 831 1205 887 Petrus
1236 832 1612 904 cognovisset,
1649 832 1924 906 probavit
1967 830 2465 909 confirmavitque.
2533 830 2810 888 Omnium
2842 850 3013 906 porro
3041 851 3070 887 a

584 934 791 1009 primis
821 939 977 992 retro
1009 934 1253 991 saeculis
1285 936 1426 992 haec
1449 954 1567 992 una
1595 937 1890 993 sententia
1918 940 2006 992 est
2023 930 2078 992 ²:
2121 956 2167 991 s.
2195 936 2459 992 Marcum
2489 936 2758 1008 magistri
2787 936 2882 991 sui
2917 936 3068 991 Petri

582 1042 733 1095 nutu
764 1038 1039 1115 iussuque
1063 1038 1282 1095 Christi
1314 1036 1489 1095 fidem
1520 1044 1579 1096 et
1608 1040 1885 1097 instituta
1908 1039 2196 1115 Aegyptis
2227 1038 2552 1096 tradidisse.
2607 1038 2752 1095 Eius
2781 1044 2983 1096 tamen
3015 1040 3068 1095 in

584 1146 919 1217 Aegyptum
946 1142 1231 1199 adventus
1254 1146 1412 1199 aetas
1434 1141 1571 1212 alia,
1605 1143 1680 1199 ab
1712 1141 1846 1199 aliis
1877 1147 1935 1199 et
1965 1142 2099 1199 aliis
2121 1142 2514 1218 Scriptoribus
2544 1144 2842 1216 assignata
2861 1140 2904 1199 ³.
2935 1143 2974 1199 J
2977 1164 3070 1199 ure

581 1246 825 1319 proinde
868 1266 913 1302 s.
954 1246 1188 1302 Marcus
1235 1246 1461 1319 primus
1505 1244 1947 1303 Alexandrinae
1991 1245 2281 1303 Ecclesiae
2318 1246 2596 1303 fundator
2636 1246 2883 1316 dicitur,
2933 1266 3066 1324 qua-

584 1354 751 1405 tenus
774 1348 913 1406 licet
934 1350 1008 1406 ab
1030 1347 1165 1406 aliis
1188 1347 1394 1405 salutis
1424 1348 1690 1406 doctrina
1721 1350 1953 1407 invecta
1981 1348 2126 1407 illuc
2146 1348 2288 1406 olim
2311 1350 2431 1406 iam
2453 1348 2684 1417 fuisset3
2717 1350 2845 1425 ipse
2875 1356 3064 1407 tamen

580 1452 795 1524 fideles,
830 1452 935 1530 qui
965 1452 1049 1510 ibi
1082 1454 1201 1510 iam
1230 1454 1497 1527 agebant,
1543 1472 1800 1531 quosque
1830 1455 2132 1524 docuerat,
2175 1454 2236 1510 in
2271 1472 2452 1511 unam
2481 1452 2801 1511 Ecclesiam
2845 1456 3068 1529 proprie

582 1558 847 1629 coegerit,
883 1555 1109 1633 primus
1140 1576 1339 1614 eorum
1370 1557 1559 1615 faetus
1588 1558 1887 1633 episcopus
1902 1556 1946 1615 ⁴.
2007 1559 2224 1615 Munus
2260 1556 2641 1633 apostolicum
2675 1556 3070 1614 Alexandriae

580 1660 867 1737 martyrio
896 1662 1197 1719 coronavit
1211 1705 1224 1730 ,
1270 1661 1395 1719 eius
1435 1679 1598 1718 sacra
1624 1661 1858 1737 lipsana
1885 1662 2058 1718 subin
2099 1660 2372 1717 venetias
2415 1660 2702 1718 translata
2738 1660 2963 1718 ibidem
3008 1662 3067 1717 in

581 1766 718 1821 aede
741 1764 1006 1823 d.Marco
1021 1784 1185 1823 sacra
1202 1766 1466 1823 omnium
1483 1764 2062 1839 magnificentissima
2085 1784 2311 1822 summa
2333 1766 2708 1822 veneratione
2737 1764 3016 1822 coluntur
3031 1764 3068 1821 5³.

792 2076 830 2140 ¹)
876 2074 939 2123 Id
990 2088 1239 2125 sanorum
1288 2075 1635 2140 interpretum
1691 2090 1847 2124 nemo
1895 2076 1939 2124 it
1985 2074 2214 2140 inficias3
2255 2075 2350 2125 sed
2392 2091 2522 2125 vero
2569 2076 2829 2126 audacter
2873 2084 3071 2141 negant

580 2163 943 2229 hypercritici:
970 2160 1441 2225 Schleicrmacher,
1468 2161 1609 2211 Einl.
1634 2178 1687 2227 p.
1715 2163 1834 2211 248.
1875 2161 2083 2225 Erum,
2106 2162 2296 2213 Jahrb.
2325 2162 2375 2212 d.
2401 2163 2530 2212 bibl.
2556 2163 2716 2212 Wiss.
2743 2162 2814 2211 Π.
2835 2165 2998 2213 1850.
3022 2180 3070 2228 p.

580 2252 698 2299 206.
736 2266 779 2300 s.
838 2248 902 2299 F.
940 2248 1147 2313 Hitzig,
1195 2252 1247 2299 fl.
1281 2248 1523 2299 ,Ioannes
1560 2248 1802 2311 Marcus,
1846 2264 1900 2300 u.
1937 2250 2084 2299 scine
2127 2248 2394 2299 Schriften
2431 2250 2553 2299 Zflr.
2593 2250 2744 2299 1843.
2781 2266 2834 2316 p.
2875 2252 2994 2300 149.
3029 2266 3069 2299 s.

580 2335 908 2401 Schwegler,
946 2334 1477 2401 nachapostolisches
1514 2334 1766 2385 Zeitaltcr
1799 2337 1856 2385 in
1888 2335 1990 2385 den
2029 2336 2516 2402 Hauptmomenten
2551 2336 2729 2386 seiner
2764 2336 3068 2385 Entwicke-

579 2421 723 2487 lung.
778 2422 915 2471 Tflb.
953 2423 1102 2472 1846.
1137 2421 1189 2483 Ι,
1223 2422 1343 2471 457.
1380 2438 1423 2471 s.
1456 2420 1519 2471 F.
1556 2421 1680 2471 Chr.
1715 2422 1886 2484 Baur,
1925 2421 2022 2473 das
2060 2422 2282 2472 Markus
2317 2422 2672 2487 Evangelium
2709 2422 2850 2471 nach
2885 2424 3070 2471 seinen

580 2509 861 2574 Ursprnng·
896 2507 1005 2557 und
1042 2508 1355 2559 Charakter.
1398 2508 1536 2557 Tflb.
1576 2509 1728 2559 1851.
1761 2524 1812 2573 p.
1850 2510 1966 2559 115.
2017 2507 2058 2574 ²)
2085 2509 2320 2570 Quorum
2347 2510 2650 2559 testimonia
2687 2508 2854 2569 dabit,
2883 2510 2962 2557 M.
2997 2508 3072 2557 Le

580 2596 769 2657 Quien‚
797 2594 987 2644 Oriens
1014 2594 1192 2645 christ.
1218 2596 1273 2643 in
1294 2611 1343 2659 q.
1369 2594 1664 2645 Patriarch.
1691 2594 1931 2659 digestus
1953 2595 2077 2644 Par.
2100 2596 2250 2644 1740.
2269 2594 2341 2657 11,
2361 2597 2481 2645 334.
2500 2611 2543 2645 s.
2594 2594 2636 2659 ³)
2662 2593 2744 2644 Cf.
2764 2593 3070 2655 seldenum,

580 2680 648 2730 ad
666 2680 919 2746 Eutychii
936 2681 1064 2730 Ecc.
1084 2680 1232 2730 Alex.
1254 2680 1398 2744 Orig.
1417 2698 1469 2746 p.
1494 2682 1609 2731 149.
1632 2682 1748 2731 166.
1803 2682 1848 2746 ⁴)
1887 2680 2006 2743 Qua
2033 2681 2100 2730 de
2123 2696 2180 2730 re
2205 2682 2350 2731 canit
2373 2696 2416 2731 s.
2431 2680 2702 2743 Paulinus,
2729 2696 2906 2745 poem.
2929 2681 3070 2731 XIX.

578 2784 620 2817 s.
642 2783 688 2816 c.
728 2766 973 2827 „Marcus
996 2766 1335 2817 Alexandrea
1356 2767 1453 2816 tibi
1478 2766 1654 2829 datus,
1679 2771 1740 2816 ut
1761 2766 1900 2817 bove
1921 2768 2076 2833 pulso
2097 2782 2218 2817 cum
2236 2766 2392 2829 Jove,
2409 2782 2512 2817 nec
2535 2765 2770 2832 pecudes
2789 2768 3068 2833 Aegyptus

578 2853 633 2901 in
670 2852 829 2919 apide
864 2851 1098 2915 demens,
1136 2853 1190 2902 in
1227 2852 1367 2902 Jove
1404 2868 1503 2901 nec
1540 2854 1710 2903 civem
1748 2854 1950 2903 coleret
1985 2853 2122 2904 male
2161 2852 2324 2903 Creta
2357 2852 2642 2919 sepultum,
2691 2868 2790 2903 nee
2825 2853 3068 2919 Phryges

580 2940 805 2989 exsectis
831 2944 1053 3004 agerent
1077 2938 1303 3005 Cybelia
1330 2938 1499 2991 Gallis
1523 2942 1786 3006 impuram
1813 2940 1969 2991 foedo
1995 2940 2234 2992 solantes
2258 2940 2480 2990 vulnere
2503 2944 2742 3001 matrem,
2773 2944 2830 2988 et
2851 2939 3068 2987 tandem

579 3026 739 3075 castis
774 3024 1045 3075 fronderet
1080 3026 1351 3076 montibus
1377 3024 1491 3088 Ida,
1518 3027 1747 3077 intactas
1773 3027 2009 3078 referens
2035 3042 2222 3077 securo
2251 3028 2450 3077 vertice
2473 3026 2682 3092 pinus.“
2721 3024 2923 3086 Quidni
2950 3040 3066 3073 cum

577 3111 807 3161 Arabico
832 3110 925 3160 illo
944 3110 1240 3173 Annalista,
1268 3128 1425 3177 quem
1448 3111 1784 3163 Abrahamus
1803 3112 2138 3163 Echellensis
2165 3112 2332 3163 edidit
2347 3113 2469 3162 Par.
2487 3112 2638 3162 1685.
2652 3128 2694 3161 s.
2709 3116 2745 3161 t.
2761 3110 3068 3160 chronicon

578 3196 852 3261 orientale,
890 3198 944 3246 in
968 3198 1106 3247 Hist.
1134 3198 1425 3248 Patriarch.
1453 3198 1824 3264 Cophtitarum
1848 3198 2204 3249 Alexandriae
2227 3215 2280 3265 p.
2306 3200 2390 3249 88.
2429 3199 2696 3249 dicmus:
2735 3196 2791 3247 S.
2817 3198 3064 3261 Evange-

576 3284 753 3335 listam
792 3284 1004 3333 circiter
1037 3298 1179 3335 anno
1216 3286 1434 3335 Domini
1469 3286 1552 3335 60.
1590 3286 1764 3335 Roma
1795 3284 2172 3336 Alexandriam
2209 3286 2456 3336 venisse?
2515 3284 2556 3351 ⁵)
2596 3283 2649 3334 S.
2673 3284 2860 3334 Marco
2909 3286 3066 3333 etiam

580 3371 943 3436 episcopatum
988 3371 1387 3436 Aquileiensem
1435 3377 1489 3423 et
1532 3372 1961 3423 Laureacensem
1997 3373 2053 3421 in
2087 3372 2284 3421 Norico
2329 3371 2486 3421 Ferd.
2521 3369 2802 3436 Ughellus,
2845 3369 3066 3420 Floren-

576 3458 721 3506 tinus
745 3457 929 3507 Abbas
966 3456 1031 3507 Ο.
1052 3457 1272 3507 cisterc.
1298 3457 1557 3507 adscribit
1576 3458 1632 3507 in
1669 3458 1830 3508 Italia
1865 3472 2021 3509 sacra
2057 3458 2140 3507 ed.
2175 3456 2246 3507 11.
2265 3458 2331 3507 N.
2353 3456 2524 3507 Coleti
2551 3458 2684 3507 Ven.
2711 3458 2865 3506 1720.
2891 3456 2958 3518 V,
2987 3458 3068 3505 19.

579 3542 696 3604 Quo
744 3548 903 3608 pacto
950 3548 1129 3593 autem
1175 3544 1243 3593 ad
1288 3544 1489 3608 locum,
1536 3546 1631 3595 ubi
1675 3560 1818 3595 nunc
1853 3544 2112 3595 Venetiae
2155 3550 2307 3606 sunt,
2344 3545 2646 3610 pervenerit
2683 3548 2870 3593 narrat
2905 3542 3068 3591 Andr.

578 3628 885 3691 Dandulus‚
934 3628 1041 3679 dux
1078 3630 1447 3695 Venetia-um,
1492 3630 1740 3681 chronic.
1778 3632 1867 3692 IV,
1905 3633 1956 3681 2.
1989 3647 2041 3696 p.
2080 3632 2161 3681 14.
2199 3645 2286 3696 ap.
2334 3630 2398 3681 L.
2432 3630 2494 3680 A.
2527 3629 2907 3691 Muratorium,
2945 3629 3066 3677 Rer.

577 3714 690 3765 ital.
725 3714 915 3781 Script.
952 3715 1169 3767 Medici.
1216 3718 1365 3767 1728.
1403 3718 1509 3768 vol.
1542 3718 1664 3768 XII.
1714 3717 2020 3769 Bernardus
2067 3717 2360 3767 monachus
2414 3716 2630 3767 francus
2685 3716 2740 3765 in
2793 3716 3068 3765 itinerario

578 3800 722 3867 apud
758 3802 1032 3865 Memnon,
1070 3802 1207 3853 Acta
1242 3802 1295 3853 S.
1323 3801 1375 3853 S.
1404 3802 1531 3853 Ord.
1558 3804 1690 3855 Ben.
1717 3802 1870 3854 Saec.
1895 3802 1995 3865 111,
2022 3805 2070 3853 2.
2097 3803 2178 3853 ed.
2213 3803 2346 3853 Ven.
2382 3804 2532 3853 1734.
2567 3818 2620 3866 p.
2645 3802 2766 3851 473.
2817 3800 2870 3851 S.
2895 3801 3068 3851 Marci

525 3916 531 3921 -
576 3888 935 3955 apostolatum
978 3888 1374 3955 Aquileiensem
1422 3905 1451 3939 e
1498 3889 1643 3955 dupl.
1691 3890 1806 3940 cod.
1851 3890 2006 3953 Mes„
2055 3889 2472 3939 Alexandrinum
2519 3902 2646 3937 vero
2692 3887 3066 3953 Apostolatum

578 3990 643 4025 ex
681 3975 961 4025 duodecim
996 3975 1271 4025 codicibus
1306 3992 1429 4027 mss.
1463 3992 1539 4041 gr.
1578 3980 1633 4026 et
1668 3974 1759 4027 lat.
1785 3974 1952 4026 edidit
1987 3975 2050 4025 G.
2087 3974 2392 4038 Henschcn‚
2429 3975 2484 4024 in
2520 3974 2636 4024 Act.
2673 3972 2727 4023 S.
2765 3972 2821 4023 S.
2851 3972 3066 4039 Aprilis.

576 4061 685 4124 111,
720 4063 838 4111 346.
876 4063 921 4112 7.
982 4062 1067 4111 De
1112 4062 1297 4111 horum
1346 4064 1479 4112 mira
1523 4063 1946 4127 antiquitatewt
1988 4063 2158 4127 pretio
2195 4061 2232 4112 l.
2266 4060 2330 4111 A.
2366 4059 2420 4110 S.
2453 4060 2738 4121 Mummii,
2784 4059 3068 4111 diatribam

578 4164 763 4198 comm.
790 4149 843 4197 in
869 4165 919 4197 v.
945 4164 1011 4197 m.
1036 4148 1166 4198 Ecc.
1192 4148 1360 4213 Neap.
1386 4148 1507 4198 Kal.
1534 4150 1703 4215 Neap.
1732 4150 1882 4199 1744.
1922 4147 1965 4211 Ι,
2000 4148 2118 4199 233.
2153 4162 2195 4197 s.
2246 4149 2332 4198 Dc
2367 4146 2542 4208 cultu,
2578 4146 2805 4197 historia
2839 4145 3068 4195 mela-

576 4235 735 4283 tionis
782 4236 1083 4299 ceterisque
1128 4234 1259 4283 dixit
1300 4234 1439 4284 idem
1484 4235 1555 4285 ib.
1590 4251 1642 4300 p.
1679 4236 1796 4285 352.
1833 4250 1874 4285 s.
1924 4234 2076 4285 Adde
2122 4236 2281 4284 etiam
2326 4234 2378 4284 J.
2413 4232 2475 4283 B.
2511 4231 2826 4295 Sollerium,
2859 4232 3068 4282 dissert.

576 4319 724 4369 fund.
778 4321 846 4370 sd
902 4322 1090 4371 seriem
1136 4320 1561 4386 chronologicam
1608 4321 2039 4371 Patriarcharum
2087 4320 2567 4370 Alexandrinorum
2627 4320 2710 4381 ξς.
2755 4317 2951 4367 1—111.
3011 4320 3069 4367 in

576 4406 691 4455 Act.
720 4406 773 4456 S.
800 4406 853 4456 S.
878 4408 1045 4457 Junii.
1096 4408 1161 4470 V,
1190 4410 1235 4457 1.
1262 4422 1303 4456 s.
1341 4412 1502 4473 atque
1540 4406 1599 4457 C.
1625 4406 1792 4457 Leon.
1819 4406 2018 4471 Manin,
2045 4407 2302 4457 Memorie
2337 4410 2402 4455 st.
2431 4422 2504 4456 cr.
2539 4407 2635 4455 int.
2661 4406 2718 4455 la
2741 4404 3069 4455 &asinione

579 4506 609 4540 e
644 4492 961 4543 invensione
998 4493 1051 4542 di
1088 4510 1129 4543 s.
1154 4493 1337 4543 Marco
1370 4494 1473 4543 Er.
1510 4492 1590 4543 ed.
1626 4496 1675 4542 2.
1719 4493 1853 4543 Ven.
1883 4494 2032 4543 1835.
2059 4510 2110 4559 p.
2137 4495 2185 4542 6.
2214 4478 2274 4543 ι’
2310 4493 2373 4542 A.
2407 4493 2482 4542 M.
2513 4491 2722 4553 Mofini,
2760 4491 2828 4541 de
2861 4492 2974 4540 vita
3013 4498 3072 4539 et

575 4576 799 4643 lipsanis
836 4595 875 4629 s.
901 4579 1069 4628 Marci
1105 4579 1486 4644 Evangelistae
1522 4579 1557 4628 1.
1585 4579 1654 4629 11.
1686 4578 1770 4629 ed.
1809 4577 2019 4629 Sanctis
2055 4578 2300 4628 Pici-alisi
2337 4578 2555 4628 Romae.
2597 4580 2750 4628 1864.
