3267 5259
932 446 1221 499 Genealogiae
1246 446 1289 487 S.
1312 444 1529 487 latthnoi
1555 446 1603 487 et
1628 447 1674 487 S.
1703 444 1861 487 Lucae.
2516 429 2640 495 185

185 628 315 685 Luca
351 625 741 704 quadraginta
782 631 845 684 et
885 645 1024 685 una.
1100 624 1212 682 Sed
1255 625 1350 682 his
1405 624 1627 683 accedit
1677 643 1733 700 γ.
1777 622 2259 681 intricatissimus
2311 624 2636 700 scrupulus,

183 733 305 809 quod
350 730 385 788 J
386 731 592 807 csepho
648 749 859 806 sponso
899 730 968 787 B.
1014 730 1099 787 M.
1148 728 1221 787 V.
1270 730 1383 787 duo
1436 729 1755 787 videantur
1805 733 1998 803 patres
2043 728 2330 787 adscribi:
2392 729 2427 786 J
2431 731 2642 787 acobus

186 835 361 891 Matth.
407 842 457 905 1,
498 840 597 893 16.
634 839 695 893 et
724 833 867 891 Heli
908 833 1051 893 Luc.
1100 837 1157 905 3,
1194 837 1295 891 23.
1356 834 1491 891 Non
1538 834 1871 907 negandum
1917 852 2104 909 neque
2149 832 2642 890 dissimulandum

184 937 495 1015 quaestionis
551 938 737 995 huius
790 938 1072 995 secundae
1124 942 1184 994 et
1234 936 1547 995 intricatae
1598 935 1950 995 solutionem
2003 937 2164 994 haud
2213 937 2446 995 facilem
2499 956 2639 994 esse.

186 1042 431 1099 Nolumus
468 1048 521 1099 1.
554 1060 861 1099 recensere
898 1040 1183 1117 mysteria
1222 1041 1708 1119 quatuordenarii
1755 1040 1988 1097 numeri
2033 1046 2209 1118 atque
2259 1040 2565 1115 allegorias
2606 1060 2643 1098 a

186 1145 435 1223 plerisque
479 1146 537 1203 S.
574 1146 647 1203 P.
690 1150 751 1202 et
779 1144 839 1202 S.
872 1144 943 1202 E.
974 1144 1356 1203 subtilissime
1408 1149 1708 1216 tractatae,
1757 1164 1902 1222 quas
1945 1164 2020 1202 ex
2065 1144 2250 1203 variis
2289 1144 2392 1223 qui
2427 1144 2642 1220 passim

186 1256 384 1306 exstant
422 1248 895 1323 Evangeliorum
930 1268 977 1305 s.
1010 1247 1186 1306 XVI.
1220 1247 1431 1305 XVII.
1464 1254 1524 1306 et
1553 1248 1798 1305 XVIII.
1849 1248 2274 1324 interpretibus
2305 1249 2426 1324 peti
2473 1247 2640 1306 volu-

184 1372 303 1409 mus.
372 1354 487 1411 Nos
536 1371 722 1411 unam
766 1372 1055 1410 summam
1101 1358 1161 1409 et
1206 1352 1457 1428 primam
1510 1354 1565 1411 ei
1618 1353 1798 1411 fuisse
1844 1352 2076 1411 consilii
2127 1352 2304 1410 huius
2353 1353 2642 1410 rationem

186 1458 533 1514 arbitramur:
564 1459 873 1513 veritatem.
922 1457 1130 1534 Itaque
1154 1476 1273 1515 non
1295 1476 1326 1513 e
1356 1456 1593 1533 proprio
1624 1457 1854 1514 decreto
1877 1476 1922 1514 s.
1949 1456 2284 1515 Matthaeus
2314 1456 2643 1529 catalogum

185 1580 213 1617 a
232 1581 281 1616 se
306 1580 625 1635 expansum
657 1560 805 1618 certi
836 1560 1179 1618 definitione
1222 1560 1455 1618 numeri
1502 1560 1867 1635 obsignavit,
1901 1561 2000 1618 sed
2031 1580 2163 1619 cum
2195 1580 2254 1618 se
2293 1560 2644 1619 accinxisset

185 1665 241 1721 ad
267 1664 669 1739 Genealogiam
700 1664 921 1723 Christi
953 1664 1409 1737 describendam,
1442 1669 1619 1739 prout
1649 1684 1717 1721 ea
1744 1665 1811 1722 in
1844 1664 2060 1723 tabulis
2098 1666 2374 1723 haeredes
2405 1684 2642 1723 enume-

186 1771 439 1841 rantibus,
502 1768 787 1843 religiosa
836 1769 1055 1845 pietate
1113 1769 1582 1839 custodiebatur;
1645 1770 1800 1828 bona
1851 1768 1964 1827 fide
2017 1788 2085 1827 ac
2133 1768 2388 1844 simplici
2447 1768 2644 1827 animo

186 1881 385 1946 paratus
423 1876 489 1930 in
532 1873 861 1949 scriptione
904 1892 1013 1931 sua
1054 1878 1491 1949 repraesentare
1508 1918 1523 1945 ,
1570 1874 1860 1951 quidquid
1903 1873 1989 1932 ibi
2035 1874 2270 1931 demum
2314 1873 2642 1948 reperisset.

186 1976 303 2033 Cum
328 1977 506 2050 igitur
532 1996 775 2035 summa
802 1996 943 2035 cura
970 1996 1107 2034 usus
1138 1997 1262 2035 rem
1309 1978 1624 2067 peregisset
1655 1978 2078 2035 animadvertit
2091 2021 2110 2055 ‚
2141 1982 2328 2035 totam
2357 1996 2644 2035 summam

187 2080 237 2136 in
278 2081 663 2157 quadraginta
704 2085 765 2139 et
818 2081 1069 2139 duorum
1120 2082 1381 2157 capitum
1430 2102 1744 2139 numerum
1796 2084 2139 2141 excrevisse.
2217 2082 2368 2139 Tum
2419 2081 2645 2139 collatis

188 2183 427 2242 Historiis
461 2186 535 2244 V.
569 2186 641 2243 Τ.
676 2186 890 2262 patuit,
926 2186 1186 2260 insignes
1216 2188 1281 2243 in
1311 2188 1644 2243 conditione
1673 2185 1872 2261 populi
1905 2187 2168 2245 hebraici
2195 2187 2550 2243 mutationes
2581 2187 2647 2242 in

189 2288 413 2346 confiniis
469 2289 1007 2349 Tessaradecadum
1064 2291 1279 2347 harum
1332 2290 1792 2348 Generationum
1841 2291 2130 2349 incidisse.
2222 2291 2488 2348 Primam
2537 2291 2647 2348 sub

188 2390 506 2451 Patriarchis
554 2400 617 2453 et
662 2395 700 2451 J
702 2395 999 2463 udicibus;
1046 2393 1295 2452 alteram
1338 2397 1445 2453 sub
1490 2394 1785 2468 Regibus;
1833 2396 2072 2452 tertiam
2122 2397 2231 2451 sub
2284 2394 2545 2451 Ducibus
2591 2398 2651 2449 et

189 2494 572 2557 Sacerdotibus.
656 2498 826 2555 Unde
879 2517 1261 2573 personarum
1312 2498 1760 2557 multitudinem
1811 2518 1914 2575 per
1955 2500 2110 2575 ipsos
2163 2518 2362 2555 rerum
2406 2502 2650 2555 eventus

190 2608 285 2655 tres
320 2602 377 2656 in
418 2606 619 2677 partes
666 2602 993 2660 distribuit.
1071 2601 1151 2659 Et
1192 2602 1337 2659 haec
1381 2603 1617 2679 quidem
1664 2604 1830 2661 nobis
1873 2602 2209 2672 sufficiunt3
2258 2601 2403 2659 alias
2451 2620 2648 2658 causas

188 2706 455 2763 concinnas
485 2711 547 2764 et
576 2704 959 2776 verisimiles,
995 2705 1249 2765 libenter
1280 2704 1708 2782 θεωρικωτέροις
1739 2707 2118 2783 inquirendas
2151 2706 2514 2783 reliquimus.

360 2808 579 2868 Verum
602 2810 1033 2867 transeundum
1056 2816 1143 2868 est
1165 2811 1443 2868 continuo
1466 2811 1539 2867 ad
1562 2809 1814 2868 alterum
1837 2811 2102 2869 dubium.
2149 2810 2458 2873 Quaerunt
2487 2810 2646 2867 enim

190 2913 343 2984 primo
366 2932 601 2971 causam
632 2914 709 2971 ob
739 2932 917 2991 quam
948 2919 1067 2971 tres
1098 2933 1261 2987 reges
1305 2913 1750 2986 Ochoziam,
1797 2915 2103 2972 Joasum
2147 2920 2221 2972 et
2261 2915 2651 2972 Amasiam

188 3018 635 3087 praetermis
653 3018 813 3075 erit
856 3038 901 3075 s.
925 3016 1299 3075 Matthaeus?
1358 3017 1482 3075 Hos
1514 3020 1587 3075 ab
1616 3018 1998 3093 Evangelista
2026 3020 2244 3077 sciente
2274 3025 2334 3077 et
2363 3019 2650 3093 prudente

187 3120 385 3177 omissos
414 3141 535 3179 esse
567 3121 907 3178 indubitate
937 3126 1198 3191 constat3
1231 3140 1363 3179 cum
1394 3121 1555 3179 nefas
1584 3124 1664 3179 sit
1695 3124 2008 3197 ambigere,
2043 3124 2186 3201 quin
2219 3142 2416 3180 omnes
2446 3122 2649 3180 Histo-

190 3222 379 3281 riarum
400 3224 471 3283 V.
498 3224 569 3283 Τ.
606 3229 805 3300 partes
832 3224 1114 3283 scribenti
1144 3224 1537 3299 Evangelium
1568 3226 1848 3302 Apostolo
1879 3227 2382 3302 exploratissimae
2405 3226 2650 3283 fuerint.

192 3322 428 3404 Plerique
449 3330 813 3403 interpretes
835 3347 1077 3387 munere
1099 3348 1203 3386 suo
1226 3348 1283 3385 se
1306 3329 1535 3387 functos
1554 3350 1673 3387 esse
1696 3336 1926 3407 putant,
1946 3350 2078 3389 cum
2101 3332 2330 3389 dicunt:
2356 3330 2652 3389 oblivione

196 3428 465 3491 mulctatos
495 3439 621 3491 tres
653 3434 793 3491 istos
826 3452 1005 3507 reges,
1051 3435 1233 3511 quod
1265 3453 1436 3509 prae
1472 3436 1734 3493 ceteris
1771 3442 2179 3511 peccatores
2217 3435 2519 3493 fuerint.
2574 3434 2654 3491 Et

190 3552 301 3591 sane
328 3536 605 3595 Ochozias
638 3537 811 3595 valde
839 3540 1219 3613 vituperatur
1249 3537 1338 3595 IV
1368 3538 1509 3611 Reg.
1539 3543 1597 3609 8,
1627 3544 1728 3597 26.
1753 3560 1832 3608 e.;
1879 3540 1916 3597 J
1917 3559 2013 3597 oas
2043 3558 2270 3617 quoque
2301 3540 2652 3613 depravatus

189 3648 271 3709 est,
308 3639 369 3695 II
395 3641 533 3701 Par.
572 3646 685 3713 24,
726 3646 827 3699 23.
858 3662 937 3707 s.;
986 3660 1093 3700 nec
1122 3643 1391 3699 Amasias
1422 3642 1495 3699 ad
1540 3647 1874 3699 extremum
1917 3662 2100 3720 usque
2145 3644 2277 3718 pius
2308 3642 2650 3719 permansit.

194 3739 243 3795 H
268 3742 391 3801 Par.
425 3750 525 3817 25,
569 3748 672 3803 14.
703 3766 751 3802 s,
814 3745 969 3803 Satis
1015 3750 1276 3803 attamen
1317 3750 1543 3803 constat
1571 3745 1804 3803 nullum
1835 3747 2111 3817 istorum,
2145 3748 2408 3804 omnium
2449 3766 2654 3819 regum

190 3844 217 3898 J
220 3848 315 3903 uda
340 3850 655 3924 pessimum
678 3848 875 3921 fuisse,
904 3855 1009 3907 aut
1034 3850 1099 3906 in
1130 3850 1432 3924 impietate
1455 3851 1912 3925 comparandum
1934 3870 2069 3907 cum
2099 3851 2352 3922 Achazo,
2387 3850 2653 3907 Manasse

193 3959 235 4004 et
272 3956 565 4013 Ammone.
625 3952 715 4011 cf.
748 3952 829 4019 H.
863 3952 936 4010 V.
970 3952 1035 4011 Τ.
1070 3972 1126 4028 p.
1163 3958 1307 4012 381.
1349 3974 1395 4011 s.
1447 3957 1591 4011 415.
1624 3974 1671 4011 e.
1748 3953 2152 4012 Nihilominus
2197 3955 2298 4012 isti
2344 3973 2542 4011 omnes
2587 3954 2652 4011 in

194 4052 507 4133 Genealogia
536 4056 865 4116 Salvatoris
905 4056 1095 4115 locum
1126 4063 1371 4115 tuentur
1400 4059 1555 4133 apud
1584 4079 1629 4115 s.
1658 4059 2026 4117 Matthaeum
2042 4103 2055 4129 ,
2090 4078 2230 4134 prae
2269 4059 2482 4135 quibus
2514 4062 2649 4126 tres,

194 4156 247 4213 de
271 4161 467 4237 quibus
504 4162 757 4237 agimus,
792 4161 931 4220 boni
964 4180 1109 4237 pene
1140 4180 1209 4219 ac
1239 4162 1563 4221 laudabiles
1605 4163 1798 4220 videri
1843 4166 2136 4238 poterant.
2198 4163 2399 4239 Neque
2445 4162 2652 4218 existi-

196 4278 381 4322 mamus
422 4286 561 4325 cum
600 4266 739 4323 aliis
781 4285 1015 4324 causam
1045 4267 1247 4339 huius,
1282 4267 1435 4344 quod
1466 4266 1756 4323 miramur
1799 4266 2052 4337 silentii,
2087 4266 2264 4323 fuisse
2303 4268 2654 4342 mysterium

198 4370 389 4426 numeri
437 4370 931 4448 quatuordenarii
950 4414 963 4441 ,
1020 4371 1174 4447 quod
1226 4372 1403 4427 anxie
1456 4374 1686 4427 secutus
1739 4370 2144 4444 Evangelista,
2194 4374 2314 4427 tres
2365 4371 2507 4427 istos
2551 4372 2654 4449 qui

200 4470 568 4533 redundabant
612 4474 905 4531 reiecerit.
968 4473 1207 4531 Etenim
1252 4478 1516 4550 potestne
1556 4474 2012 4550 Hagiographus
2065 4474 2380 4532 veritatem
2425 4480 2654 4551 postpo-

194 4588 307 4631 nere
345 4577 521 4636 alicui
566 4576 997 4637 concinnitati?
1042 4578 1249 4636 deinde
1296 4597 1400 4636 cur
1445 4598 1563 4635 non
1605 4578 1807 4636 obvios
1847 4596 2103 4656 quosque
2146 4597 2179 4635 e
2218 4581 2367 4637 serie
2407 4579 2652 4654 Regum,
