<?xml version="1.0" encoding="UTF-8"?>
<!DOCTYPE html PUBLIC "-//W3C//DTD XHTML 1.0 Transitional//EN"
    "http://www.w3.org/TR/xhtml1/DTD/xhtml1-transitional.dtd">
<html xmlns="http://www.w3.org/1999/xhtml" xml:lang="en" lang="en">
 <head>
  <title>
</title>
<meta http-equiv="Content-Type" content="text/html;charset=utf-8" />
  <meta name='ocr-system' content='tesseract 3.04.00' />
  <meta name='ocr-capabilities' content='ocr_page ocr_carea ocr_par ocr_line ocrx_word'/>
</head>
<body>
  <div class='ocr_page' id='page_1' title='image "./historiarevelat00unkngoog_0645.png"; bbox 0 0 3267 5259; ppageno 0'>
   <div class='ocr_carea' id='block_1_1' title="bbox 1206 372 2740 441">
    <p class='ocr_par' dir='ltr' id='par_1_1' title="bbox 1206 372 2740 441">
     <span class='ocr_line' id='line_1_1' title="bbox 1206 372 2740 441; baseline 0.005 -12"><span class='ocrx_word' id='word_1_1' title='bbox 1206 388 1336 431; x_wconf 69' lang='lat' dir='ltr'>Liber</span> <span class='ocrx_word' id='word_1_2' title='bbox 1360 388 1640 441; x_wconf 68' lang='lat' dir='ltr'>propheticus</span> <span class='ocrx_word' id='word_1_3' title='bbox 1667 388 1720 429; x_wconf 68' lang='lat' dir='ltr'>n.</span> <span class='ocrx_word' id='word_1_4' title='bbox 1751 388 1800 429; x_wconf 78' lang='lat' dir='ltr'>r.</span> <span class='ocrx_word' id='word_1_5' title='bbox 2614 372 2740 437; x_wconf 81' lang='lat'>517</span> 
     </span>
    </p>
   </div>
   <div class='ocr_carea' id='block_1_2' title="bbox 252 567 2748 2217">
    <p class='ocr_par' dir='ltr' id='par_1_2' title="bbox 252 567 2748 2217">
     <span class='ocr_line' id='line_1_2' title="bbox 254 567 2743 649; baseline -0.002 -20"><span class='ocrx_word' id='word_1_6' title='bbox 254 570 611 647; x_wconf 80' lang='lat' dir='ltr'>Theologus,</span> <span class='ocrx_word' id='word_1_7' title='bbox 662 573 763 649; x_wconf 91' lang='lat' dir='ltr'>qui</span> <span class='ocrx_word' id='word_1_8' title='bbox 815 571 981 629; x_wconf 87' lang='lat' dir='ltr'>docet</span> <span class='ocrx_word' id='word_1_9' title='bbox 1001 568 1047 628; x_wconf 91' lang='lat'>¹:</span> <span class='ocrx_word' id='word_1_10' title='bbox 1100 570 1355 647; x_wconf 82' lang='lat' dir='ltr'><strong>Spiritus</strong></span> <span class='ocrx_word' id='word_1_11' title='bbox 1399 569 1457 627; x_wconf 81' lang='lat' dir='ltr'>S.</span> <span class='ocrx_word' id='word_1_12' title='bbox 1492 574 1746 627; x_wconf 80' lang='lat' dir='ltr'><strong>mentem</strong></span> <span class='ocrx_word' id='word_1_13' title='bbox 1791 569 1857 626; x_wconf 88' lang='lat' dir='ltr'>in</span> <span class='ocrx_word' id='word_1_14' title='bbox 1902 567 2053 625; x_wconf 89' lang='lat' dir='ltr'>libro</span> <span class='ocrx_word' id='word_1_15' title='bbox 2097 567 2524 645; x_wconf 86' lang='lat' dir='ltr'>Apocalypseos</span> <span class='ocrx_word' id='word_1_16' title='bbox 2565 567 2743 624; x_wconf 85' lang='lat' dir='ltr'>fuisse</span> 
     </span>
     <span class='ocr_line' id='line_1_3' title="bbox 254 671 2741 754; baseline -0.002 -21"><span class='ocrx_word' id='word_1_17' title='bbox 254 679 563 750; x_wconf 82' lang='lat' dir='ltr'>egregium</span> <span class='ocrx_word' id='word_1_18' title='bbox 624 677 911 754; x_wconf 80' lang='lat' dir='ltr'><strong>quoddam</strong></span> <span class='ocrx_word' id='word_1_19' title='bbox 964 677 1091 733; x_wconf 89' lang='lat' dir='ltr'>aeni</span> <span class='ocrx_word' id='word_1_20' title='bbox 1099 694 1233 749; x_wconf 84' lang='lat' dir='ltr'>gma</span> <span class='ocrx_word' id='word_1_21' title='bbox 1282 676 1563 751; x_wconf 85' lang='lat' dir='ltr'>proferre,</span> <span class='ocrx_word' id='word_1_22' title='bbox 1618 675 1772 752; x_wconf 90' lang='lat' dir='ltr'>quod</span> <span class='ocrx_word' id='word_1_23' title='bbox 1826 672 2234 731; x_wconf 85' lang='lat' dir='ltr'>excellentiam</span> <span class='ocrx_word' id='word_1_24' title='bbox 2287 671 2576 729; x_wconf 76' lang='lat' dir='ltr'>Ecclesiae</span> <span class='ocrx_word' id='word_1_25' title='bbox 2620 672 2741 747; x_wconf 86' lang='lat' dir='ltr'>pri-</span> 
     </span>
     <span class='ocr_line' id='line_1_4' title="bbox 254 777 2742 859; baseline -0.002 -20"><span class='ocrx_word' id='word_1_26' title='bbox 254 800 522 853; x_wconf 78' lang='lat' dir='ltr'>maevae,</span> <span class='ocrx_word' id='word_1_27' title='bbox 569 781 825 859; x_wconf 88' lang='lat' dir='ltr'>duasque</span> <span class='ocrx_word' id='word_1_28' title='bbox 857 780 1180 857; x_wconf 81' lang='lat' dir='ltr'>praeclaras</span> <span class='ocrx_word' id='word_1_29' title='bbox 1226 780 1389 837; x_wconf 90' lang='lat' dir='ltr'>illius</span> <span class='ocrx_word' id='word_1_30' title='bbox 1432 780 1786 838; x_wconf 87' lang='lat' dir='ltr'>victorias</span> <span class='ocrx_word' id='word_1_31' title='bbox 1835 778 2235 835; x_wconf 87' lang='lat' dir='ltr'>adumbraret:</span> <span class='ocrx_word' id='word_1_32' title='bbox 2283 777 2528 834; x_wconf 86' lang='lat' dir='ltr'>alteram</span> <span class='ocrx_word' id='word_1_33' title='bbox 2565 778 2742 834; x_wconf 91' lang='lat' dir='ltr'>nimi-</span> 
     </span>
     <span class='ocr_line' id='line_1_5' title="bbox 254 876 2744 963; baseline -0.002 -21"><span class='ocrx_word' id='word_1_34' title='bbox 254 906 390 942; x_wconf 87' lang='lat' dir='ltr'>rum</span> <span class='ocrx_word' id='word_1_35' title='bbox 438 905 625 963; x_wconf 89' lang='lat' dir='ltr'>quam</span> <span class='ocrx_word' id='word_1_36' title='bbox 684 886 765 943; x_wconf 87' lang='lat' dir='ltr'>de</span> <span class='ocrx_word' id='word_1_37' title='bbox 823 884 1263 961; x_wconf 81' lang='lat' dir='ltr'>Jerosolyma</span> <span class='ocrx_word' id='word_1_38' title='bbox 1322 884 1723 942; x_wconf 80' lang='lat' dir='ltr'>contumaci</span> <span class='ocrx_word' id='word_1_39' title='bbox 1782 883 1901 941; x_wconf 92' lang='lat' dir='ltr'>iam</span> <span class='ocrx_word' id='word_1_40' title='bbox 1960 876 2436 957; x_wconf 77' lang='lat' dir='ltr'>reportaverat23</span> <span class='ocrx_word' id='word_1_41' title='bbox 2497 880 2744 937; x_wconf 83' lang='lat' dir='ltr'>alteram</span> 
     </span>
     <span class='ocr_line' id='line_1_6' title="bbox 252 985 2742 1067; baseline -0.002 -20"><span class='ocrx_word' id='word_1_42' title='bbox 252 1010 433 1067; x_wconf 87' lang='lat' dir='ltr'>quam</span> <span class='ocrx_word' id='word_1_43' title='bbox 466 992 547 1047; x_wconf 92' lang='lat' dir='ltr'>de</span> <span class='ocrx_word' id='word_1_44' title='bbox 592 991 891 1067; x_wconf 91' lang='lat' dir='ltr'>antiqua</span> <span class='ocrx_word' id='word_1_45' title='bbox 930 990 1147 1047; x_wconf 85' lang='lat' dir='ltr'>Roma</span> <span class='ocrx_word' id='word_1_46' title='bbox 1184 990 1475 1047; x_wconf 90' lang='lat' dir='ltr'>ethnica</span> <span class='ocrx_word' id='word_1_47' title='bbox 1504 989 1774 1064; x_wconf 80' lang='lat' dir='ltr'>deinceps</span> <span class='ocrx_word' id='word_1_48' title='bbox 1815 992 2182 1045; x_wconf 87' lang='lat' dir='ltr'>consecutum</span> <span class='ocrx_word' id='word_1_49' title='bbox 2221 986 2300 1043; x_wconf 88' lang='lat' dir='ltr'>iri</span> <span class='ocrx_word' id='word_1_50' title='bbox 2343 985 2572 1043; x_wconf 90' lang='lat' dir='ltr'>coelesti</span> <span class='ocrx_word' id='word_1_51' title='bbox 2614 1004 2742 1042; x_wconf 85' lang='lat' dir='ltr'>ora·</span> 
     </span>
     <span class='ocr_line' id='line_1_7' title="bbox 254 1089 2742 1169; baseline -0.002 -17"><span class='ocrx_word' id='word_1_52' title='bbox 254 1094 391 1153; x_wconf 91' lang='lat' dir='ltr'>culo</span> <span class='ocrx_word' id='word_1_53' title='bbox 426 1096 901 1169; x_wconf 79' lang='lat' dir='ltr'>promittebatur.</span> <span class='ocrx_word' id='word_1_54' title='bbox 957 1095 1287 1151; x_wconf 84' lang='lat' dir='ltr'>Maximum</span> <span class='ocrx_word' id='word_1_55' title='bbox 1318 1099 1515 1152; x_wconf 84' lang='lat' dir='ltr'>autem</span> <span class='ocrx_word' id='word_1_56' title='bbox 1544 1093 1816 1151; x_wconf 85' lang='lat' dir='ltr'>futurum</span> <span class='ocrx_word' id='word_1_57' title='bbox 1845 1094 2005 1150; x_wconf 88' lang='lat' dir='ltr'>inter</span> <span class='ocrx_word' id='word_1_58' title='bbox 2032 1093 2176 1150; x_wconf 87' lang='lat' dir='ltr'>duas</span> <span class='ocrx_word' id='word_1_59' title='bbox 2206 1091 2530 1167; x_wconf 85' lang='lat' dir='ltr'>praedictas</span> <span class='ocrx_word' id='word_1_60' title='bbox 2559 1089 2742 1147; x_wconf 85' lang='lat' dir='ltr'>victo-</span> 
     </span>
     <span class='ocr_line' id='line_1_8' title="bbox 255 1195 2740 1277; baseline -0.002 -22"><span class='ocrx_word' id='word_1_61' title='bbox 255 1200 377 1256; x_wconf 83' lang='lat' dir='ltr'>rias</span> <span class='ocrx_word' id='word_1_62' title='bbox 410 1198 757 1269; x_wconf 80' lang='lat' dir='ltr'>discrimen,</span> <span class='ocrx_word' id='word_1_63' title='bbox 790 1202 933 1277; x_wconf 87' lang='lat' dir='ltr'>quia</span> <span class='ocrx_word' id='word_1_64' title='bbox 954 1199 1147 1256; x_wconf 84' lang='lat' dir='ltr'>exitus</span> <span class='ocrx_word' id='word_1_65' title='bbox 1170 1198 1395 1274; x_wconf 81' lang='lat' dir='ltr'>primae</span> <span class='ocrx_word' id='word_1_66' title='bbox 1424 1198 1619 1256; x_wconf 84' lang='lat' dir='ltr'>fuerat</span> <span class='ocrx_word' id='word_1_67' title='bbox 1646 1198 1682 1255; x_wconf 91' lang='lat' dir='ltr'>J</span> <span class='ocrx_word' id='word_1_68' title='bbox 1685 1196 2039 1275; x_wconf 83' lang='lat' dir='ltr'>erosolymae</span> <span class='ocrx_word' id='word_1_69' title='bbox 2070 1216 2136 1254; x_wconf 87' lang='lat' dir='ltr'>ac</span> <span class='ocrx_word' id='word_1_70' title='bbox 2161 1196 2363 1272; x_wconf 90' lang='lat' dir='ltr'>populi</span> <span class='ocrx_word' id='word_1_71' title='bbox 2393 1195 2740 1270; x_wconf 82' lang='lat' dir='ltr'>reprobatio,</span> 
     </span>
     <span class='ocr_line' id='line_1_9' title="bbox 254 1298 2742 1371; baseline -0.002 -11"><span class='ocrx_word' id='word_1_72' title='bbox 254 1304 508 1361; x_wconf 86' lang='lat' dir='ltr'>alterius</span> <span class='ocrx_word' id='word_1_73' title='bbox 550 1308 747 1361; x_wconf 88' lang='lat' dir='ltr'>autem</span> <span class='ocrx_word' id='word_1_74' title='bbox 792 1304 1017 1361; x_wconf 85' lang='lat' dir='ltr'>fructus</span> <span class='ocrx_word' id='word_1_75' title='bbox 1069 1308 1127 1361; x_wconf 88' lang='lat' dir='ltr'>et</span> <span class='ocrx_word' id='word_1_76' title='bbox 1170 1302 1307 1360; x_wconf 86' lang='lat' dir='ltr'>finis</span> <span class='ocrx_word' id='word_1_77' title='bbox 1336 1303 1574 1361; x_wconf 89' lang='lat' dir='ltr'>futurus</span> <span class='ocrx_word' id='word_1_78' title='bbox 1612 1308 1770 1360; x_wconf 85' lang='lat' dir='ltr'>erat:</span> <span class='ocrx_word' id='word_1_79' title='bbox 1827 1302 2004 1359; x_wconf 85' lang='lat' dir='ltr'>Urbis</span> <span class='ocrx_word' id='word_1_80' title='bbox 2045 1307 2103 1359; x_wconf 91' lang='lat' dir='ltr'>et</span> <span class='ocrx_word' id='word_1_81' title='bbox 2143 1300 2333 1371; x_wconf 89' lang='lat' dir='ltr'>Orbis,</span> <span class='ocrx_word' id='word_1_82' title='bbox 2368 1304 2408 1358; x_wconf 91' lang='lat' dir='ltr'>i.</span> <span class='ocrx_word' id='word_1_83' title='bbox 2444 1318 2492 1356; x_wconf 93' lang='lat' dir='ltr'>e.</span> <span class='ocrx_word' id='word_1_84' title='bbox 2526 1298 2742 1357; x_wconf 84' lang='lat' dir='ltr'>Romae</span> 
     </span>
     <span class='ocr_line' id='line_1_10' title="bbox 260 1404 2747 1467; baseline -0.002 -2"><span class='ocrx_word' id='word_1_85' title='bbox 260 1414 315 1466; x_wconf 86' lang='lat' dir='ltr'>et</span> <span class='ocrx_word' id='word_1_86' title='bbox 350 1407 727 1466; x_wconf 87' lang='lat' dir='ltr'>Gentilitatis</span> <span class='ocrx_word' id='word_1_87' title='bbox 764 1410 836 1465; x_wconf 90' lang='lat' dir='ltr'>ad</span> <span class='ocrx_word' id='word_1_88' title='bbox 870 1408 1044 1465; x_wconf 87' lang='lat' dir='ltr'>fidem</span> <span class='ocrx_word' id='word_1_89' title='bbox 1076 1408 1295 1466; x_wconf 82' lang='lat' dir='ltr'>Christi</span> <span class='ocrx_word' id='word_1_90' title='bbox 1328 1408 1630 1467; x_wconf 85' lang='lat' dir='ltr'>conversio</span> <span class='ocrx_word' id='word_1_91' title='bbox 1649 1406 1692 1465; x_wconf 81' lang='lat'>³.</span> <span class='ocrx_word' id='word_1_92' title='bbox 1749 1407 2007 1465; x_wconf 84' lang='lat' dir='ltr'>Additur</span> <span class='ocrx_word' id='word_1_93' title='bbox 2035 1404 2386 1465; x_wconf 80' lang='lat' dir='ltr'>vaticinium</span> <span class='ocrx_word' id='word_1_94' title='bbox 2416 1405 2486 1462; x_wconf 87' lang='lat' dir='ltr'>de</span> <span class='ocrx_word' id='word_1_95' title='bbox 2515 1404 2747 1462; x_wconf 85' lang='lat' dir='ltr'>funesta</span> 
     </span>
     <span class='ocr_line' id='line_1_11' title="bbox 256 1510 2747 1589; baseline -0.002 -18"><span class='ocrx_word' id='word_1_96' title='bbox 256 1512 625 1571; x_wconf 83' lang='lat' dir='ltr'>Antichristi</span> <span class='ocrx_word' id='word_1_97' title='bbox 679 1513 1101 1588; x_wconf 85' lang='lat' dir='ltr'>persecutione,</span> <span class='ocrx_word' id='word_1_98' title='bbox 1158 1518 1219 1571; x_wconf 92' lang='lat' dir='ltr'>et</span> <span class='ocrx_word' id='word_1_99' title='bbox 1268 1512 1338 1571; x_wconf 90' lang='lat' dir='ltr'>de</span> <span class='ocrx_word' id='word_1_100' title='bbox 1391 1512 1646 1589; x_wconf 86' lang='lat' dir='ltr'>perfecta</span> <span class='ocrx_word' id='word_1_101' title='bbox 1698 1512 1947 1571; x_wconf 86' lang='lat' dir='ltr'>victoria</span> <span class='ocrx_word' id='word_1_102' title='bbox 1997 1513 2068 1570; x_wconf 91' lang='lat' dir='ltr'>de</span> <span class='ocrx_word' id='word_1_103' title='bbox 2119 1510 2224 1569; x_wconf 89' lang='lat' dir='ltr'>illo</span> <span class='ocrx_word' id='word_1_104' title='bbox 2281 1510 2620 1579; x_wconf 81' lang='lat' dir='ltr'>obtinenda3</span> <span class='ocrx_word' id='word_1_105' title='bbox 2655 1529 2747 1569; x_wconf 85' lang='lat' dir='ltr'>.ae</span> 
     </span>
     <span class='ocr_line' id='line_1_12' title="bbox 254 1615 2748 1695; baseline -0.002 -21"><span class='ocrx_word' id='word_1_106' title='bbox 254 1619 497 1675; x_wconf 88' lang='lat' dir='ltr'>demum</span> <span class='ocrx_word' id='word_1_107' title='bbox 524 1617 843 1693; x_wconf 89' lang='lat' dir='ltr'>Prophetia</span> <span class='ocrx_word' id='word_1_108' title='bbox 865 1617 935 1674; x_wconf 92' lang='lat' dir='ltr'>de</span> <span class='ocrx_word' id='word_1_109' title='bbox 958 1616 1317 1693; x_wconf 87' lang='lat' dir='ltr'>amplissimo</span> <span class='ocrx_word' id='word_1_110' title='bbox 1348 1624 1696 1695; x_wconf 88' lang='lat' dir='ltr'>aeternoque</span> <span class='ocrx_word' id='word_1_111' title='bbox 1725 1616 2048 1693; x_wconf 79' lang='lat' dir='ltr'>triumphu,</span> <span class='ocrx_word' id='word_1_112' title='bbox 2083 1618 2184 1693; x_wconf 91' lang='lat' dir='ltr'>qui</span> <span class='ocrx_word' id='word_1_113' title='bbox 2207 1615 2526 1672; x_wconf 85' lang='lat' dir='ltr'>Ecclesiam</span> <span class='ocrx_word' id='word_1_114' title='bbox 2549 1618 2748 1671; x_wconf 87' lang='lat' dir='ltr'>manet</span> 
     </span>
     <span class='ocr_line' id='line_1_13' title="bbox 256 1719 2744 1799; baseline -0.002 -20"><span class='ocrx_word' id='word_1_115' title='bbox 256 1723 318 1780; x_wconf 90' lang='lat' dir='ltr'>in</span> <span class='ocrx_word' id='word_1_116' title='bbox 350 1720 555 1797; x_wconf 88' lang='lat' dir='ltr'>patria</span> <span class='ocrx_word' id='word_1_117' title='bbox 586 1721 835 1779; x_wconf 89' lang='lat' dir='ltr'>coelesti.</span> <span class='ocrx_word' id='word_1_118' title='bbox 888 1721 1145 1799; x_wconf 81' lang='lat' dir='ltr'>Quisque</span> <span class='ocrx_word' id='word_1_119' title='bbox 1176 1742 1279 1798; x_wconf 89' lang='lat' dir='ltr'>per</span> <span class='ocrx_word' id='word_1_120' title='bbox 1306 1742 1365 1779; x_wconf 86' lang='lat' dir='ltr'>se</span> <span class='ocrx_word' id='word_1_121' title='bbox 1396 1722 1658 1795; x_wconf 83' lang='lat' dir='ltr'>agnoscit</span> <span class='ocrx_word' id='word_1_122' title='bbox 1686 1721 1947 1795; x_wconf 84' lang='lat' dir='ltr'>singulas</span> <span class='ocrx_word' id='word_1_123' title='bbox 1977 1721 2033 1777; x_wconf 89' lang='lat' dir='ltr'>d.</span> <span class='ocrx_word' id='word_1_124' title='bbox 2065 1720 2102 1777; x_wconf 93' lang='lat' dir='ltr'><strong>J</strong></span> <span class='ocrx_word' id='word_1_125' title='bbox 2104 1720 2310 1777; x_wconf 87' lang='lat' dir='ltr'>oannis</span> <span class='ocrx_word' id='word_1_126' title='bbox 2339 1719 2592 1776; x_wconf 84' lang='lat' dir='ltr'>visiones</span> <span class='ocrx_word' id='word_1_127' title='bbox 2622 1720 2744 1776; x_wconf 90' lang='lat' dir='ltr'>sin-</span> 
     </span>
     <span class='ocr_line' id='line_1_14' title="bbox 254 1824 2744 1905; baseline -0.001 -22"><span class='ocrx_word' id='word_1_128' title='bbox 254 1826 415 1901; x_wconf 84' lang='lat' dir='ltr'>gulis</span> <span class='ocrx_word' id='word_1_129' title='bbox 454 1826 766 1884; x_wconf 82' lang='lat' dir='ltr'>eventibus</span> <span class='ocrx_word' id='word_1_130' title='bbox 804 1828 1173 1884; x_wconf 86' lang='lat' dir='ltr'>accomodare</span> <span class='ocrx_word' id='word_1_131' title='bbox 1212 1826 1343 1903; x_wconf 88' lang='lat' dir='ltr'>plus</span> <span class='ocrx_word' id='word_1_132' title='bbox 1384 1845 1567 1905; x_wconf 86' lang='lat' dir='ltr'>aequo</span> <span class='ocrx_word' id='word_1_133' title='bbox 1612 1825 1917 1883; x_wconf 86' lang='lat' dir='ltr'>difficilem</span> <span class='ocrx_word' id='word_1_134' title='bbox 1957 1844 2079 1882; x_wconf 93' lang='lat' dir='ltr'>rem</span> <span class='ocrx_word' id='word_1_135' title='bbox 2122 1844 2258 1895; x_wconf 88' lang='lat' dir='ltr'>esse,</span> <span class='ocrx_word' id='word_1_136' title='bbox 2307 1828 2367 1881; x_wconf 88' lang='lat' dir='ltr'>et</span> <span class='ocrx_word' id='word_1_137' title='bbox 2406 1824 2744 1893; x_wconf 79' lang='lat' dir='ltr'>verendum,</span> 
     </span>
     <span class='ocr_line' id='line_1_15' title="bbox 255 1928 2746 2007; baseline -0.002 -18"><span class='ocrx_word' id='word_1_138' title='bbox 255 1952 327 1989; x_wconf 91' lang='lat' dir='ltr'>ne</span> <span class='ocrx_word' id='word_1_139' title='bbox 361 1932 651 1988; x_wconf 83' lang='lat' dir='ltr'>eiusmodi</span> <span class='ocrx_word' id='word_1_140' title='bbox 684 1930 1000 2007; x_wconf 85' lang='lat' dir='ltr'>applicatio</span> <span class='ocrx_word' id='word_1_141' title='bbox 1020 1928 1045 1967; x_wconf 79' lang='lat'><strong>⁴</strong></span> <span class='ocrx_word' id='word_1_142' title='bbox 1076 1931 1329 1988; x_wconf 92' lang='lat' dir='ltr'>nimium</span> <span class='ocrx_word' id='word_1_143' title='bbox 1360 1931 1608 1988; x_wconf 87' lang='lat' dir='ltr'>arbitrio</span> <span class='ocrx_word' id='word_1_144' title='bbox 1640 1932 1887 1989; x_wconf 85' lang='lat' dir='ltr'>nitatur.</span> <span class='ocrx_word' id='word_1_145' title='bbox 1951 1930 2176 1987; x_wconf 87' lang='lat' dir='ltr'>Deinde</span> <span class='ocrx_word' id='word_1_146' title='bbox 2209 1948 2348 1987; x_wconf 84' lang='lat' dir='ltr'>vero</span> <span class='ocrx_word' id='word_1_147' title='bbox 2379 1928 2746 2005; x_wconf 87' lang='lat' dir='ltr'>triumphum</span> 
     </span>
     <span class='ocr_line' id='line_1_16' title="bbox 256 2033 2748 2109; baseline -0.001 -16"><span class='ocrx_word' id='word_1_148' title='bbox 256 2035 571 2109; x_wconf 86' lang='lat' dir='ltr'>religionis</span> <span class='ocrx_word' id='word_1_149' title='bbox 622 2035 990 2093; x_wconf 84' lang='lat' dir='ltr'>Christianae</span> <span class='ocrx_word' id='word_1_150' title='bbox 1050 2038 1116 2093; x_wconf 92' lang='lat' dir='ltr'>in</span> <span class='ocrx_word' id='word_1_151' title='bbox 1168 2038 1277 2094; x_wconf 90' lang='lat' dir='ltr'>hoc</span> <span class='ocrx_word' id='word_1_152' title='bbox 1328 2036 1573 2107; x_wconf 85' lang='lat' dir='ltr'>saecu10,</span> <span class='ocrx_word' id='word_1_153' title='bbox 1628 2056 1840 2095; x_wconf 82' lang='lat' dir='ltr'>aevum</span> <span class='ocrx_word' id='word_1_154' title='bbox 1893 2041 2028 2093; x_wconf 83' lang='lat' dir='ltr'>ante</span> <span class='ocrx_word' id='word_1_155' title='bbox 2081 2036 2364 2093; x_wconf 90' lang='lat' dir='ltr'>iudicium</span> <span class='ocrx_word' id='word_1_156' title='bbox 2416 2033 2748 2092; x_wconf 89' lang='lat' dir='ltr'>universale</span> 
     </span>
     <span class='ocr_line' id='line_1_17' title="bbox 260 2139 1669 2217; baseline 0 -20"><span class='ocrx_word' id='word_1_157' title='bbox 260 2140 611 2217; x_wconf 81' lang='lat' dir='ltr'>proximum</span> <span class='ocrx_word' id='word_1_158' title='bbox 642 2148 918 2215; x_wconf 85' lang='lat' dir='ltr'>spectare,</span> <span class='ocrx_word' id='word_1_159' title='bbox 953 2141 1162 2198; x_wconf 88' lang='lat' dir='ltr'>merito</span> <span class='ocrx_word' id='word_1_160' title='bbox 1193 2139 1669 2216; x_wconf 88' lang='lat' dir='ltr'>deprehenditur.</span> 
     </span>
    </p>
   </div>
   <div class='ocr_carea' id='block_1_3' title="bbox 572 2394 2443 2481">
    <p class='ocr_par' dir='ltr' id='par_1_3' title="bbox 572 2394 2443 2481">
     <span class='ocr_line' id='line_1_18' title="bbox 572 2394 2443 2481; baseline 0 -22"><span class='ocrx_word' id='word_1_161' title='bbox 572 2400 631 2477; x_wconf 66' lang='grc' dir='ltr'>ξ.</span> <span class='ocrx_word' id='word_1_162' title='bbox 686 2399 829 2463; x_wconf 89' lang='grc'>106.</span> <span class='ocrx_word' id='word_1_163' title='bbox 878 2394 1197 2460; x_wconf 90' lang='lat' dir='ltr'>Indoles</span> <span class='ocrx_word' id='word_1_164' title='bbox 1245 2406 1317 2459; x_wconf 94' lang='lat' dir='ltr'>et</span> <span class='ocrx_word' id='word_1_165' title='bbox 1362 2395 1770 2460; x_wconf 84' lang='lat' dir='ltr'>authentia</span> <span class='ocrx_word' id='word_1_166' title='bbox 1815 2394 2443 2481; x_wconf 86' lang='lat' dir='ltr'>Apocalypseos.</span> 
     </span>
    </p>
   </div>
   <div class='ocr_carea' id='block_1_4' title="bbox 256 2574 2756 2861">
    <p class='ocr_par' dir='ltr' id='par_1_4' title="bbox 256 2574 2756 2861">
     <span class='ocr_line' id='line_1_19' title="bbox 472 2574 2755 2653; baseline -0.001 -20"><span class='ocrx_word' id='word_1_167' title='bbox 472 2576 567 2633; x_wconf 86' lang='lat' dir='ltr'>Ad</span> <span class='ocrx_word' id='word_1_168' title='bbox 616 2581 1035 2650; x_wconf 80' lang='lat' dir='ltr'>argumentum</span> <span class='ocrx_word' id='word_1_169' title='bbox 1080 2576 1506 2653; x_wconf 81' lang='lat' dir='ltr'>Apocalypseos</span> <span class='ocrx_word' id='word_1_170' title='bbox 1556 2576 2056 2653; x_wconf 86' lang='lat' dir='ltr'>locupletandum,</span> <span class='ocrx_word' id='word_1_171' title='bbox 2098 2577 2290 2633; x_wconf 84' lang='lat' dir='ltr'>visum</span> <span class='ocrx_word' id='word_1_172' title='bbox 2335 2574 2454 2633; x_wconf 85' lang='lat' dir='ltr'>fuit</span> <span class='ocrx_word' id='word_1_173' title='bbox 2499 2574 2755 2650; x_wconf 83' lang='lat' dir='ltr'>Spiritui</span> 
     </span>
     <span class='ocr_line' id='line_1_20' title="bbox 256 2680 2756 2757; baseline 0 -23"><span class='ocrx_word' id='word_1_174' title='bbox 256 2680 505 2739; x_wconf 82' lang='lat' dir='ltr'>Sancto:</span> <span class='ocrx_word' id='word_1_175' title='bbox 555 2680 779 2755; x_wconf 88' lang='lat' dir='ltr'>copiose</span> <span class='ocrx_word' id='word_1_176' title='bbox 812 2680 1071 2739; x_wconf 88' lang='lat' dir='ltr'>alludere</span> <span class='ocrx_word' id='word_1_177' title='bbox 1101 2682 1173 2739; x_wconf 87' lang='lat' dir='ltr'>ad</span> <span class='ocrx_word' id='word_1_178' title='bbox 1207 2681 1609 2740; x_wconf 86' lang='lat' dir='ltr'>illustrissima</span> <span class='ocrx_word' id='word_1_179' title='bbox 1638 2682 1984 2757; x_wconf 86' lang='lat' dir='ltr'>praesertim</span> <span class='ocrx_word' id='word_1_180' title='bbox 2015 2681 2304 2738; x_wconf 87' lang='lat' dir='ltr'>maiorum</span> <span class='ocrx_word' id='word_1_181' title='bbox 2345 2682 2756 2757; x_wconf 89' lang='lat' dir='ltr'>minorumque</span> 
     </span>
     <span class='ocr_line' id='line_1_21' title="bbox 256 2784 2753 2861; baseline -0 -19"><span class='ocrx_word' id='word_1_182' title='bbox 256 2786 698 2861; x_wconf 87' lang='lat' dir='ltr'>Prophetarum</span> <span class='ocrx_word' id='word_1_183' title='bbox 751 2786 1065 2855; x_wconf 82' lang='lat' dir='ltr'>vaticinia3</span> <span class='ocrx_word' id='word_1_184' title='bbox 1122 2787 1271 2843; x_wconf 87' lang='lat' dir='ltr'>item</span> <span class='ocrx_word' id='word_1_185' title='bbox 1319 2786 1389 2843; x_wconf 90' lang='lat' dir='ltr'>ad</span> <span class='ocrx_word' id='word_1_186' title='bbox 1438 2786 1685 2845; x_wconf 80' lang='lat' dir='ltr'>Davidis</span> <span class='ocrx_word' id='word_1_187' title='bbox 1741 2786 2025 2857; x_wconf 88' lang='lat' dir='ltr'>Psalmos,</span> <span class='ocrx_word' id='word_1_188' title='bbox 2083 2785 2331 2843; x_wconf 90' lang='lat' dir='ltr'>Librum</span> <span class='ocrx_word' id='word_1_189' title='bbox 2369 2784 2529 2855; x_wconf 84' lang='lat' dir='ltr'>Jobi,</span> <span class='ocrx_word' id='word_1_190' title='bbox 2579 2790 2638 2841; x_wconf 88' lang='lat' dir='ltr'>et</span> <span class='ocrx_word' id='word_1_191' title='bbox 2679 2786 2753 2841; x_wconf 88' lang='lat' dir='ltr'>ad</span> 
     </span>
    </p>
   </div>
   <div class='ocr_carea' id='block_1_5' title="bbox 256 2938 2755 3179">
    <p class='ocr_par' dir='ltr' id='par_1_5' title="bbox 256 2938 2755 3179">
     <span class='ocr_line' id='line_1_22' title="bbox 476 2938 2751 3005; baseline -0 -17"><span class='ocrx_word' id='word_1_192' title='bbox 476 2941 513 3002; x_wconf 88' lang='lat'>¹)</span> <span class='ocrx_word' id='word_1_193' title='bbox 558 2940 854 3004; x_wconf 77' lang='lat' dir='ltr'>vestigatio</span> <span class='ocrx_word' id='word_1_194' title='bbox 897 2940 1081 2988; x_wconf 84' lang='lat' dir='ltr'>arcani</span> <span class='ocrx_word' id='word_1_195' title='bbox 1123 2954 1311 2989; x_wconf 85' lang='lat' dir='ltr'>sensus</span> <span class='ocrx_word' id='word_1_196' title='bbox 1349 2940 1402 2988; x_wconf 88' lang='lat' dir='ltr'>in</span> <span class='ocrx_word' id='word_1_197' title='bbox 1450 2939 1792 3005; x_wconf 83' lang='lat' dir='ltr'>Apocalypsi.</span> <span class='ocrx_word' id='word_1_198' title='bbox 1842 2938 1998 2988; x_wconf 87' lang='lat' dir='ltr'>Antv.</span> <span class='ocrx_word' id='word_1_199' title='bbox 2041 2940 2189 2989; x_wconf 79' lang='grc'>1614.</span> <span class='ocrx_word' id='word_1_200' title='bbox 2240 2939 2582 3000; x_wconf 84' lang='lat' dir='ltr'>Alcasarum,</span> <span class='ocrx_word' id='word_1_201' title='bbox 2629 2954 2751 3003; x_wconf 86' lang='lat' dir='ltr'>sup·</span> 
     </span>
     <span class='ocr_line' id='line_1_23' title="bbox 256 3024 2754 3094; baseline -0.001 -16"><span class='ocrx_word' id='word_1_202' title='bbox 256 3043 449 3094; x_wconf 85' lang='lat' dir='ltr'>presso</span> <span class='ocrx_word' id='word_1_203' title='bbox 486 3034 665 3075; x_wconf 81' lang='lat' dir='ltr'>tamen</span> <span class='ocrx_word' id='word_1_204' title='bbox 702 3028 843 3088; x_wconf 84' lang='lat' dir='ltr'>eius,</span> <span class='ocrx_word' id='word_1_205' title='bbox 890 3030 949 3074; x_wconf 88' lang='lat' dir='ltr'>ut</span> <span class='ocrx_word' id='word_1_206' title='bbox 986 3040 1147 3091; x_wconf 83' lang='lat' dir='ltr'>saepe</span> <span class='ocrx_word' id='word_1_207' title='bbox 1182 3025 1297 3075; x_wconf 86' lang='lat' dir='ltr'>fieri</span> <span class='ocrx_word' id='word_1_208' title='bbox 1334 3026 1485 3089; x_wconf 87' lang='lat' dir='ltr'>solet,</span> <span class='ocrx_word' id='word_1_209' title='bbox 1526 3028 1738 3075; x_wconf 87' lang='lat' dir='ltr'>nomine</span> <span class='ocrx_word' id='word_1_210' title='bbox 1781 3031 1992 3092; x_wconf 85' lang='lat' dir='ltr'>practer</span> <span class='ocrx_word' id='word_1_211' title='bbox 2030 3024 2274 3076; x_wconf 85' lang='lat' dir='ltr'>Grotium</span> <span class='ocrx_word' id='word_1_212' title='bbox 2310 3030 2364 3075; x_wconf 88' lang='lat' dir='ltr'>et</span> <span class='ocrx_word' id='word_1_213' title='bbox 2401 3026 2754 3076; x_wconf 81' lang='lat' dir='ltr'>W&#39;etstenium</span> 
     </span>
     <span class='ocr_line' id='line_1_24' title="bbox 258 3112 2755 3179; baseline -0.001 -15"><span class='ocrx_word' id='word_1_214' title='bbox 258 3114 433 3164; x_wconf 81' lang='lat' dir='ltr'>secuti</span> <span class='ocrx_word' id='word_1_215' title='bbox 471 3120 621 3163; x_wconf 84' lang='lat' dir='ltr'>sunt:</span> <span class='ocrx_word' id='word_1_216' title='bbox 659 3113 719 3162; x_wconf 78' lang='lat' dir='ltr'>A.</span> <span class='ocrx_word' id='word_1_217' title='bbox 753 3112 978 3174; x_wconf 79' lang='lat' dir='ltr'>calmet,</span> <span class='ocrx_word' id='word_1_218' title='bbox 1018 3128 1204 3162; x_wconf 88' lang='lat' dir='ltr'>comm.</span> <span class='ocrx_word' id='word_1_219' title='bbox 1231 3113 1307 3163; x_wconf 88' lang='lat' dir='ltr'>lit.</span> <span class='ocrx_word' id='word_1_220' title='bbox 1334 3114 1396 3163; x_wconf 91' lang='lat' dir='ltr'>N.</span> <span class='ocrx_word' id='word_1_221' title='bbox 1422 3114 1484 3162; x_wconf 82' lang='lat' dir='ltr'>T.</span> <span class='ocrx_word' id='word_1_222' title='bbox 1512 3114 1603 3175; x_wconf 86' lang='lat' dir='ltr'>IV,</span> <span class='ocrx_word' id='word_1_223' title='bbox 1633 3116 1748 3163; x_wconf 88' lang='grc'>719.</span> <span class='ocrx_word' id='word_1_224' title='bbox 1798 3114 1859 3162; x_wconf 89' lang='grc' dir='ltr'>Β.</span> <span class='ocrx_word' id='word_1_225' title='bbox 1891 3114 2135 3176; x_wconf 84' lang='lat' dir='ltr'>Bossuet,</span> <span class='ocrx_word' id='word_1_226' title='bbox 2173 3112 2206 3162; x_wconf 89' lang='lat' dir='ltr'>l&#39;</span> <span class='ocrx_word' id='word_1_227' title='bbox 2244 3113 2584 3179; x_wconf 79' lang='lat' dir='ltr'>Apocalypse</span> <span class='ocrx_word' id='word_1_228' title='bbox 2623 3127 2755 3163; x_wconf 83' lang='lat' dir='ltr'>avec</span> 
     </span>
    </p>
   </div>
   <div class='ocr_carea' id='block_1_6' title="bbox 505 2898 679 2904">
    <p class='ocr_par' dir='ltr' id='par_1_6' title="bbox 505 2898 679 2904">
     <span class='ocr_line' id='line_1_25' title="bbox 505 2898 679 2904; baseline 0 0"><span class='ocrx_word' id='word_1_229' title='bbox 505 2898 679 2904; x_wconf 95' lang='lat' dir='ltr'> </span> 
     </span>
    </p>
   </div>
   <div class='ocr_carea' id='block_1_7' title="bbox 256 3199 2758 4659">
    <p class='ocr_par' dir='ltr' id='par_1_7' title="bbox 256 3199 2758 4659">
     <span class='ocr_line' id='line_1_26' title="bbox 256 3199 2754 3266; baseline -0 -16"><span class='ocrx_word' id='word_1_230' title='bbox 256 3217 368 3250; x_wconf 87' lang='lat' dir='ltr'>une</span> <span class='ocrx_word' id='word_1_231' title='bbox 408 3200 747 3266; x_wconf 85' lang='lat' dir='ltr'>explication.</span> <span class='ocrx_word' id='word_1_232' title='bbox 776 3216 857 3264; x_wconf 92' lang='lat' dir='ltr'>op.</span> <span class='ocrx_word' id='word_1_233' title='bbox 889 3199 970 3249; x_wconf 91' lang='lat' dir='ltr'>ed.</span> <span class='ocrx_word' id='word_1_234' title='bbox 997 3199 1163 3249; x_wconf 87' lang='lat' dir='ltr'>Leod.</span> <span class='ocrx_word' id='word_1_235' title='bbox 1194 3200 1344 3249; x_wconf 87' lang='grc'>1766.</span> <span class='ocrx_word' id='word_1_236' title='bbox 1382 3200 1452 3261; x_wconf 88' lang='lat'>11,</span> <span class='ocrx_word' id='word_1_237' title='bbox 1479 3202 1596 3249; x_wconf 88' lang='lat'>353.</span> <span class='ocrx_word' id='word_1_238' title='bbox 1624 3218 1666 3249; x_wconf 90' lang='lat' dir='ltr'>s.</span> <span class='ocrx_word' id='word_1_239' title='bbox 1715 3201 1766 3249; x_wconf 83' lang='lat' dir='ltr'>J.</span> <span class='ocrx_word' id='word_1_240' title='bbox 1793 3201 1844 3250; x_wconf 84' lang='lat' dir='ltr'>J.</span> <span class='ocrx_word' id='word_1_241' title='bbox 1873 3200 2104 3266; x_wconf 84' lang='lat' dir='ltr'>Guyaux</span> <span class='ocrx_word' id='word_1_242' title='bbox 2141 3216 2205 3250; x_wconf 87' lang='lat' dir='ltr'>ex</span> <span class='ocrx_word' id='word_1_243' title='bbox 2232 3200 2512 3250; x_wconf 89' lang='lat' dir='ltr'>Wenferce</span> <span class='ocrx_word' id='word_1_244' title='bbox 2555 3199 2754 3250; x_wconf 89' lang='lat' dir='ltr'>Comm.</span> 
     </span>
     <span class='ocr_line' id='line_1_27' title="bbox 256 3285 2752 3353; baseline -0 -16"><span class='ocrx_word' id='word_1_245' title='bbox 256 3290 313 3338; x_wconf 87' lang='lat' dir='ltr'>in</span> <span class='ocrx_word' id='word_1_246' title='bbox 354 3288 523 3353; x_wconf 81' lang='lat' dir='ltr'>Apoc.</span> <span class='ocrx_word' id='word_1_247' title='bbox 558 3304 599 3337; x_wconf 93' lang='lat' dir='ltr'>s.</span> <span class='ocrx_word' id='word_1_248' title='bbox 625 3287 821 3337; x_wconf 81' lang='lat' dir='ltr'>Joann.</span> <span class='ocrx_word' id='word_1_249' title='bbox 854 3286 955 3351; x_wconf 86' lang='lat' dir='ltr'>Ap.</span> <span class='ocrx_word' id='word_1_250' title='bbox 991 3285 1197 3337; x_wconf 90' lang='lat' dir='ltr'>Lovan.</span> <span class='ocrx_word' id='word_1_251' title='bbox 1226 3288 1375 3336; x_wconf 90' lang='grc'>1781.</span> <span class='ocrx_word' id='word_1_252' title='bbox 1427 3286 1485 3335; x_wconf 91' lang='lat' dir='ltr'>C.</span> <span class='ocrx_word' id='word_1_253' title='bbox 1514 3286 1685 3349; x_wconf 86' lang='lat' dir='ltr'>Stern,</span> <span class='ocrx_word' id='word_1_254' title='bbox 1723 3286 1923 3337; x_wconf 89' lang='lat' dir='ltr'>Comm.</span> <span class='ocrx_word' id='word_1_255' title='bbox 1950 3292 2002 3337; x_wconf 83' lang='lat' dir='ltr'>ii.</span> <span class='ocrx_word' id='word_1_256' title='bbox 2031 3286 2081 3337; x_wconf 91' lang='lat' dir='ltr'>d.</span> <span class='ocrx_word' id='word_1_257' title='bbox 2110 3286 2318 3336; x_wconf 87' lang='lat' dir='ltr'>Offenb.</span> <span class='ocrx_word' id='word_1_258' title='bbox 2347 3287 2395 3336; x_wconf 91' lang='lat' dir='ltr'>d.</span> <span class='ocrx_word' id='word_1_259' title='bbox 2422 3287 2603 3353; x_wconf 86' lang='lat' dir='ltr'>Apost.</span> <span class='ocrx_word' id='word_1_260' title='bbox 2630 3287 2752 3338; x_wconf 81' lang='lat' dir='ltr'>Joh.</span> 
     </span>
     <span class='ocr_line' id='line_1_28' title="bbox 258 3372 2752 3439; baseline 0.001 -17"><span class='ocrx_word' id='word_1_261' title='bbox 258 3373 499 3423; x_wconf 77' lang='lat' dir='ltr'>Schaffh.</span> <span class='ocrx_word' id='word_1_262' title='bbox 527 3375 681 3424; x_wconf 79' lang='grc'>1854.</span> <span class='ocrx_word' id='word_1_263' title='bbox 717 3390 769 3439; x_wconf 88' lang='lat' dir='ltr'>p.</span> <span class='ocrx_word' id='word_1_264' title='bbox 798 3375 915 3423; x_wconf 83' lang='lat'>366.</span> <span class='ocrx_word' id='word_1_265' title='bbox 943 3390 984 3423; x_wconf 82' lang='lat' dir='ltr'>s.</span> <span class='ocrx_word' id='word_1_266' title='bbox 1025 3390 1053 3423; x_wconf 89' lang='lat' dir='ltr'>e</span> <span class='ocrx_word' id='word_1_267' title='bbox 1091 3372 1393 3437; x_wconf 77' lang='lat' dir='ltr'>catholicis3</span> <span class='ocrx_word' id='word_1_268' title='bbox 1431 3374 1633 3437; x_wconf 74' lang='lat' dir='ltr'>Lficke,</span> <span class='ocrx_word' id='word_1_269' title='bbox 1671 3374 1824 3423; x_wconf 87' lang='lat' dir='ltr'>Vers.</span> <span class='ocrx_word' id='word_1_270' title='bbox 1851 3390 1896 3423; x_wconf 90' lang='lat' dir='ltr'>e.</span> <span class='ocrx_word' id='word_1_271' title='bbox 1923 3373 2100 3423; x_wconf 83' lang='lat' dir='ltr'>vollst.</span> <span class='ocrx_word' id='word_1_272' title='bbox 2127 3373 2268 3423; x_wconf 82' lang='lat' dir='ltr'>Einl.</span> <span class='ocrx_word' id='word_1_273' title='bbox 2302 3375 2358 3423; x_wconf 91' lang='lat' dir='ltr'>in</span> <span class='ocrx_word' id='word_1_274' title='bbox 2390 3373 2476 3424; x_wconf 85' lang='lat' dir='ltr'>die</span> <span class='ocrx_word' id='word_1_275' title='bbox 2503 3374 2602 3423; x_wconf 85' lang='lat' dir='ltr'>Off.</span> <span class='ocrx_word' id='word_1_276' title='bbox 2628 3374 2752 3424; x_wconf 84' lang='lat' dir='ltr'>Joh.</span> 
     </span>
     <span class='ocr_line' id='line_1_29' title="bbox 258 3460 2753 3527; baseline -0.001 -16"><span class='ocrx_word' id='word_1_277' title='bbox 258 3463 437 3511; x_wconf 85' lang='lat' dir='ltr'>Bonn.</span> <span class='ocrx_word' id='word_1_278' title='bbox 468 3462 618 3510; x_wconf 86' lang='grc'>1832.</span> <span class='ocrx_word' id='word_1_279' title='bbox 656 3477 707 3526; x_wconf 89' lang='lat' dir='ltr'>p.</span> <span class='ocrx_word' id='word_1_280' title='bbox 738 3462 819 3511; x_wconf 89' lang='grc'>17.</span> <span class='ocrx_word' id='word_1_281' title='bbox 846 3477 885 3510; x_wconf 89' lang='lat' dir='ltr'>s.</span> <span class='ocrx_word' id='word_1_282' title='bbox 937 3460 1182 3523; x_wconf 69' lang='lat' dir='ltr'>Bohmer,</span> <span class='ocrx_word' id='word_1_283' title='bbox 1222 3461 1287 3511; x_wconf 92' lang='lat' dir='ltr'>de</span> <span class='ocrx_word' id='word_1_284' title='bbox 1324 3461 1491 3527; x_wconf 82' lang='lat' dir='ltr'>Apoc.</span> <span class='ocrx_word' id='word_1_285' title='bbox 1517 3461 1714 3511; x_wconf 78' lang='lat' dir='ltr'>Joann.</span> <span class='ocrx_word' id='word_1_286' title='bbox 1753 3478 1805 3526; x_wconf 87' lang='lat' dir='ltr'>p.</span> <span class='ocrx_word' id='word_1_287' title='bbox 1843 3464 1891 3512; x_wconf 83' lang='lat'>6.</span> <span class='ocrx_word' id='word_1_288' title='bbox 1919 3478 1959 3511; x_wconf 90' lang='lat' dir='ltr'>s.</span> <span class='ocrx_word' id='word_1_289' title='bbox 2008 3460 2384 3523; x_wconf 79' lang='lat' dir='ltr'>Diisterdieck,</span> <span class='ocrx_word' id='word_1_290' title='bbox 2422 3461 2506 3511; x_wconf 87' lang='lat' dir='ltr'>die</span> <span class='ocrx_word' id='word_1_291' title='bbox 2545 3460 2753 3511; x_wconf 80' lang='lat' dir='ltr'>Offenb.</span> 
     </span>
     <span class='ocr_line' id='line_1_30' title="bbox 258 3548 2752 3614; baseline -0.001 -15"><span class='ocrx_word' id='word_1_292' title='bbox 258 3549 385 3599; x_wconf 80' lang='lat' dir='ltr'>Joh.</span> <span class='ocrx_word' id='word_1_293' title='bbox 414 3548 557 3598; x_wconf 72' lang='lat' dir='ltr'>Gott.</span> <span class='ocrx_word' id='word_1_294' title='bbox 588 3550 737 3598; x_wconf 85' lang='grc'>1859.</span> <span class='ocrx_word' id='word_1_295' title='bbox 777 3564 828 3612; x_wconf 87' lang='lat' dir='ltr'>p.</span> <span class='ocrx_word' id='word_1_296' title='bbox 856 3550 939 3598; x_wconf 91' lang='grc'>21.</span> <span class='ocrx_word' id='word_1_297' title='bbox 964 3562 1005 3596; x_wconf 86' lang='lat' dir='ltr'>s.</span> <span class='ocrx_word' id='word_1_298' title='bbox 1056 3548 1242 3611; x_wconf 85' lang='lat' dir='ltr'>Bleek‚</span> <span class='ocrx_word' id='word_1_299' title='bbox 1282 3548 1650 3613; x_wconf 87' lang='lat' dir='ltr'>Vorlesungen</span> <span class='ocrx_word' id='word_1_300' title='bbox 1687 3554 1739 3599; x_wconf 71' lang='grc' dir='ltr'>ὓ.</span> <span class='ocrx_word' id='word_1_301' title='bbox 1766 3548 1818 3598; x_wconf 83' lang='grc'>(1.</span> <span class='ocrx_word' id='word_1_302' title='bbox 1844 3548 2009 3614; x_wconf 85' lang='lat' dir='ltr'>Apoc.</span> <span class='ocrx_word' id='word_1_303' title='bbox 2037 3548 2118 3599; x_wconf 89' lang='lat' dir='ltr'>ed.</span> <span class='ocrx_word' id='word_1_304' title='bbox 2146 3548 2244 3597; x_wconf 86' lang='lat' dir='ltr'>Th.</span> <span class='ocrx_word' id='word_1_305' title='bbox 2279 3548 2578 3599; x_wconf 80' lang='lat' dir='ltr'>Hossbach.</span> <span class='ocrx_word' id='word_1_306' title='bbox 2615 3548 2752 3598; x_wconf 89' lang='lat' dir='ltr'>Berl.</span> 
     </span>
     <span class='ocr_line' id='line_1_31' title="bbox 265 3634 2754 3701; baseline -0 -15"><span class='ocrx_word' id='word_1_307' title='bbox 265 3638 417 3686; x_wconf 88' lang='grc'>1862.</span> <span class='ocrx_word' id='word_1_308' title='bbox 446 3652 495 3700; x_wconf 90' lang='lat' dir='ltr'>p.</span> <span class='ocrx_word' id='word_1_309' title='bbox 524 3636 605 3685; x_wconf 89' lang='grc'>28.</span> <span class='ocrx_word' id='word_1_310' title='bbox 634 3649 675 3683; x_wconf 89' lang='lat' dir='ltr'>s.</span> <span class='ocrx_word' id='word_1_311' title='bbox 714 3634 911 3700; x_wconf 85' lang='lat' dir='ltr'>aliique</span> <span class='ocrx_word' id='word_1_312' title='bbox 938 3650 1001 3683; x_wconf 83' lang='lat' dir='ltr'>ex</span> <span class='ocrx_word' id='word_1_313' title='bbox 1027 3636 1405 3700; x_wconf 83' lang='lat' dir='ltr'>interpretibus</span> <span class='ocrx_word' id='word_1_314' title='bbox 1444 3634 1769 3685; x_wconf 83' lang='lat' dir='ltr'>acatholicis.</span> <span class='ocrx_word' id='word_1_315' title='bbox 1834 3636 1875 3701; x_wconf 75' lang='grc'>2)</span> <span class='ocrx_word' id='word_1_316' title='bbox 1915 3638 2168 3697; x_wconf 84' lang='lat' dir='ltr'>Quamvis</span> <span class='ocrx_word' id='word_1_317' title='bbox 2206 3636 2348 3686; x_wconf 87' lang='lat' dir='ltr'>enim</span> <span class='ocrx_word' id='word_1_318' title='bbox 2384 3636 2754 3700; x_wconf 81' lang='lat' dir='ltr'>Jerosolymae</span> 
     </span>
     <span class='ocr_line' id='line_1_32' title="bbox 262 3720 2755 3789; baseline 0 -18"><span class='ocrx_word' id='word_1_319' title='bbox 262 3738 459 3771; x_wconf 85' lang='lat' dir='ltr'>nomen</span> <span class='ocrx_word' id='word_1_320' title='bbox 495 3721 595 3771; x_wconf 89' lang='lat' dir='ltr'>sub</span> <span class='ocrx_word' id='word_1_321' title='bbox 634 3720 897 3772; x_wconf 85' lang='lat' dir='ltr'>Sodomae</span> <span class='ocrx_word' id='word_1_322' title='bbox 936 3726 989 3771; x_wconf 91' lang='lat' dir='ltr'>et</span> <span class='ocrx_word' id='word_1_323' title='bbox 1023 3722 1254 3787; x_wconf 85' lang='lat' dir='ltr'>Aegypti</span> <span class='ocrx_word' id='word_1_324' title='bbox 1292 3722 1653 3788; x_wconf 87' lang='lat' dir='ltr'>adpellatione</span> <span class='ocrx_word' id='word_1_325' title='bbox 1691 3724 1987 3773; x_wconf 84' lang='lat' dir='ltr'>occultetur</span> <span class='ocrx_word' id='word_1_326' title='bbox 2022 3738 2166 3773; x_wconf 89' lang='lat' dir='ltr'>more</span> <span class='ocrx_word' id='word_1_327' title='bbox 2202 3722 2539 3789; x_wconf 89' lang='lat' dir='ltr'>prophetico,</span> <span class='ocrx_word' id='word_1_328' title='bbox 2589 3723 2755 3788; x_wconf 84' lang='lat' dir='ltr'>expli-</span> 
     </span>
     <span class='ocr_line' id='line_1_33' title="bbox 262 3809 2752 3875; baseline 0 -16"><span class='ocrx_word' id='word_1_329' title='bbox 262 3810 493 3859; x_wconf 85' lang='lat' dir='ltr'>cationis</span> <span class='ocrx_word' id='word_1_330' title='bbox 529 3813 707 3858; x_wconf 86' lang='lat' dir='ltr'>tamen</span> <span class='ocrx_word' id='word_1_331' title='bbox 746 3810 917 3875; x_wconf 83' lang='lat' dir='ltr'>gratia</span> <span class='ocrx_word' id='word_1_332' title='bbox 953 3809 1222 3859; x_wconf 83' lang='lat' dir='ltr'>adduntur</span> <span class='ocrx_word' id='word_1_333' title='bbox 1256 3810 1351 3859; x_wconf 87' lang='lat' dir='ltr'>illa</span> <span class='ocrx_word' id='word_1_334' title='bbox 1387 3810 1576 3860; x_wconf 89' lang='lat' dir='ltr'>verba:</span> <span class='ocrx_word' id='word_1_335' title='bbox 1618 3810 1743 3871; x_wconf 75' lang='lat' dir='ltr'>„ubi</span> <span class='ocrx_word' id='word_1_336' title='bbox 1781 3811 2040 3860; x_wconf 86' lang='lat' dir='ltr'>Dominus</span> <span class='ocrx_word' id='word_1_337' title='bbox 2079 3810 2362 3863; x_wconf 86' lang='lat' dir='ltr'>crucifixus</span> <span class='ocrx_word' id='word_1_338' title='bbox 2401 3813 2528 3859; x_wconf 88' lang='lat' dir='ltr'>est.“</span> <span class='ocrx_word' id='word_1_339' title='bbox 2583 3812 2662 3872; x_wconf 90' lang='lat'>11,</span> <span class='ocrx_word' id='word_1_340' title='bbox 2703 3812 2752 3859; x_wconf 94' lang='grc'>8.</span> 
     </span>
     <span class='ocr_line' id='line_1_34' title="bbox 262 3895 2754 3963; baseline 0 -18"><span class='ocrx_word' id='word_1_341' title='bbox 262 3898 303 3963; x_wconf 76' lang='lat'>³)</span> <span class='ocrx_word' id='word_1_342' title='bbox 342 3896 517 3961; x_wconf 81' lang='lat' dir='ltr'>Atque</span> <span class='ocrx_word' id='word_1_343' title='bbox 556 3896 631 3945; x_wconf 83' lang='lat' dir='ltr'>ita</span> <span class='ocrx_word' id='word_1_344' title='bbox 656 3912 777 3945; x_wconf 89' lang='lat' dir='ltr'>cum</span> <span class='ocrx_word' id='word_1_345' title='bbox 814 3912 858 3945; x_wconf 91' lang='lat' dir='ltr'>c.</span> <span class='ocrx_word' id='word_1_346' title='bbox 888 3899 970 3947; x_wconf 88' lang='lat'>11.</span> <span class='ocrx_word' id='word_1_347' title='bbox 1006 3897 1172 3962; x_wconf 85' lang='lat' dir='ltr'>Apoc.</span> <span class='ocrx_word' id='word_1_348' title='bbox 1210 3898 1265 3946; x_wconf 89' lang='lat' dir='ltr'>in</span> <span class='ocrx_word' id='word_1_349' title='bbox 1302 3895 1627 3947; x_wconf 85' lang='lat' dir='ltr'>Judaeorum</span> <span class='ocrx_word' id='word_1_350' title='bbox 1656 3896 2006 3947; x_wconf 82' lang='lat' dir='ltr'>obduratione</span> <span class='ocrx_word' id='word_1_351' title='bbox 2033 3898 2358 3960; x_wconf 86' lang='lat' dir='ltr'>terminetur,</span> <span class='ocrx_word' id='word_1_352' title='bbox 2398 3897 2577 3947; x_wconf 77' lang='lat' dir='ltr'>statim</span> <span class='ocrx_word' id='word_1_353' title='bbox 2600 3897 2754 3947; x_wconf 88' lang='lat' dir='ltr'>initio</span> 
     </span>
     <span class='ocr_line' id='line_1_35' title="bbox 262 3983 2754 4050; baseline 0 -17"><span class='ocrx_word' id='word_1_354' title='bbox 262 4001 308 4033; x_wconf 87' lang='lat' dir='ltr'>c.</span> <span class='ocrx_word' id='word_1_355' title='bbox 340 3985 421 4033; x_wconf 88' lang='grc'>12.</span> <span class='ocrx_word' id='word_1_356' title='bbox 460 3984 778 4049; x_wconf 87' lang='lat' dir='ltr'>proponitur</span> <span class='ocrx_word' id='word_1_357' title='bbox 802 3984 1049 4033; x_wconf 82' lang='lat' dir='ltr'>Ecclesia</span> <span class='ocrx_word' id='word_1_358' title='bbox 1074 3984 1142 4033; x_wconf 83' lang='lat' dir='ltr'>ad</span> <span class='ocrx_word' id='word_1_359' title='bbox 1166 3984 1395 4049; x_wconf 88' lang='lat' dir='ltr'>populos</span> <span class='ocrx_word' id='word_1_360' title='bbox 1422 3986 1790 4049; x_wconf 83' lang='lat' dir='ltr'>commigrans,</span> <span class='ocrx_word' id='word_1_361' title='bbox 1824 3985 1962 4034; x_wconf 89' lang='lat' dir='ltr'>inter</span> <span class='ocrx_word' id='word_1_362' title='bbox 1988 3999 2121 4050; x_wconf 81' lang='lat' dir='ltr'>quos</span> <span class='ocrx_word' id='word_1_363' title='bbox 2153 3985 2452 4034; x_wconf 86' lang='lat' dir='ltr'>Romanum</span> <span class='ocrx_word' id='word_1_364' title='bbox 2477 3983 2754 4050; x_wconf 85' lang='lat' dir='ltr'>imperium</span> 
     </span>
     <span class='ocr_line' id='line_1_36' title="bbox 260 4068 2752 4136; baseline -0.001 -15"><span class='ocrx_word' id='word_1_365' title='bbox 260 4071 501 4121; x_wconf 81' lang='lat' dir='ltr'>serviens</span> <span class='ocrx_word' id='word_1_366' title='bbox 556 4068 712 4119; x_wconf 84' lang='lat' dir='ltr'>idolis</span> <span class='ocrx_word' id='word_1_367' title='bbox 768 4086 951 4120; x_wconf 87' lang='lat' dir='ltr'>omnes</span> <span class='ocrx_word' id='word_1_368' title='bbox 1008 4072 1145 4120; x_wconf 87' lang='lat' dir='ltr'>vires</span> <span class='ocrx_word' id='word_1_369' title='bbox 1200 4084 1325 4121; x_wconf 85' lang='lat' dir='ltr'>suas</span> <span class='ocrx_word' id='word_1_370' title='bbox 1381 4072 1606 4136; x_wconf 86' lang='lat' dir='ltr'>opponit</span> <span class='ocrx_word' id='word_1_371' title='bbox 1657 4071 1972 4136; x_wconf 80' lang='lat' dir='ltr'>Evangelio,</span> <span class='ocrx_word' id='word_1_372' title='bbox 2026 4072 2080 4121; x_wconf 93' lang='lat' dir='ltr'>in</span> <span class='ocrx_word' id='word_1_373' title='bbox 2122 4070 2453 4121; x_wconf 82' lang='lat' dir='ltr'>Christianos</span> <span class='ocrx_word' id='word_1_374' title='bbox 2507 4072 2752 4121; x_wconf 80' lang='lat' dir='ltr'>saeviens</span> 
     </span>
     <span class='ocr_line' id='line_1_37' title="bbox 262 4156 2751 4223; baseline 0 -17"><span class='ocrx_word' id='word_1_375' title='bbox 262 4156 567 4207; x_wconf 80' lang='lat' dir='ltr'>crudeliter.</span> <span class='ocrx_word' id='word_1_376' title='bbox 629 4157 766 4206; x_wconf 87' lang='lat' dir='ltr'>Tum</span> <span class='ocrx_word' id='word_1_377' title='bbox 801 4173 928 4207; x_wconf 84' lang='lat' dir='ltr'>vero</span> <span class='ocrx_word' id='word_1_378' title='bbox 976 4158 1230 4207; x_wconf 85' lang='lat' dir='ltr'>adversus</span> <span class='ocrx_word' id='word_1_379' title='bbox 1269 4158 1493 4207; x_wconf 88' lang='lat' dir='ltr'>Romam</span> <span class='ocrx_word' id='word_1_380' title='bbox 1538 4158 1805 4207; x_wconf 85' lang='lat' dir='ltr'>ethnicam</span> <span class='ocrx_word' id='word_1_381' title='bbox 1851 4158 2068 4209; x_wconf 86' lang='lat' dir='ltr'>mirifice</span> <span class='ocrx_word' id='word_1_382' title='bbox 2105 4160 2254 4209; x_wconf 89' lang='lat' dir='ltr'>Deus</span> <span class='ocrx_word' id='word_1_383' title='bbox 2301 4174 2396 4223; x_wconf 88' lang='lat' dir='ltr'>pro</span> <span class='ocrx_word' id='word_1_384' title='bbox 2442 4160 2552 4209; x_wconf 85' lang='lat' dir='ltr'>suis</span> <span class='ocrx_word' id='word_1_385' title='bbox 2602 4158 2751 4208; x_wconf 89' lang='lat' dir='ltr'>belli-</span> 
     </span>
     <span class='ocr_line' id='line_1_38' title="bbox 261 4244 2753 4309; baseline 0.001 -16"><span class='ocrx_word' id='word_1_386' title='bbox 261 4259 451 4309; x_wconf 81' lang='lat' dir='ltr'>gerare</span> <span class='ocrx_word' id='word_1_387' title='bbox 490 4244 824 4305; x_wconf 86' lang='lat' dir='ltr'>describitur,</span> <span class='ocrx_word' id='word_1_388' title='bbox 862 4244 1123 4309; x_wconf 87' lang='lat' dir='ltr'>huiusque</span> <span class='ocrx_word' id='word_1_389' title='bbox 1161 4244 1375 4295; x_wconf 82' lang='lat' dir='ltr'>tandem</span> <span class='ocrx_word' id='word_1_390' title='bbox 1410 4244 1537 4294; x_wconf 89' lang='lat' dir='ltr'>belli</span> <span class='ocrx_word' id='word_1_391' title='bbox 1564 4247 1736 4295; x_wconf 83' lang='lat' dir='ltr'>exitus</span> <span class='ocrx_word' id='word_1_392' title='bbox 1765 4250 1869 4295; x_wconf 87' lang='lat' dir='ltr'>est:</span> <span class='ocrx_word' id='word_1_393' title='bbox 1908 4248 2072 4297; x_wconf 88' lang='lat' dir='ltr'>totius</span> <span class='ocrx_word' id='word_1_394' title='bbox 2097 4246 2298 4295; x_wconf 86' lang='lat' dir='ltr'>Romae</span> <span class='ocrx_word' id='word_1_395' title='bbox 2336 4246 2404 4294; x_wconf 87' lang='lat' dir='ltr'>ad</span> <span class='ocrx_word' id='word_1_396' title='bbox 2435 4244 2590 4295; x_wconf 86' lang='lat' dir='ltr'>fidem</span> <span class='ocrx_word' id='word_1_397' title='bbox 2614 4245 2665 4294; x_wconf 88' lang='lat' dir='ltr'>J.</span> <span class='ocrx_word' id='word_1_398' title='bbox 2695 4244 2753 4295; x_wconf 89' lang='lat' dir='ltr'>C.</span> 
     </span>
     <span class='ocr_line' id='line_1_39' title="bbox 263 4330 2753 4398; baseline 0 -18"><span class='ocrx_word' id='word_1_399' title='bbox 263 4332 563 4392; x_wconf 83' lang='lat' dir='ltr'>conversio,</span> <span class='ocrx_word' id='word_1_400' title='bbox 600 4330 969 4396; x_wconf 87' lang='lat' dir='ltr'>idolorumque</span> <span class='ocrx_word' id='word_1_401' title='bbox 1006 4333 1163 4381; x_wconf 84' lang='lat' dir='ltr'>ruina</span> <span class='ocrx_word' id='word_1_402' title='bbox 1199 4334 1535 4398; x_wconf 82' lang='lat' dir='ltr'>sempiterna.</span> <span class='ocrx_word' id='word_1_403' title='bbox 1598 4333 1639 4395; x_wconf 77' lang='lat'>⁴)</span> <span class='ocrx_word' id='word_1_404' title='bbox 1682 4332 1992 4382; x_wconf 85' lang='lat' dir='ltr'>Cuiusmodi</span> <span class='ocrx_word' id='word_1_405' title='bbox 2029 4332 2256 4382; x_wconf 83' lang='lat' dir='ltr'>habetur</span> <span class='ocrx_word' id='word_1_406' title='bbox 2291 4334 2346 4381; x_wconf 88' lang='lat' dir='ltr'>iu</span> <span class='ocrx_word' id='word_1_407' title='bbox 2381 4331 2564 4381; x_wconf 79' lang='lat' dir='ltr'>Barth.</span> <span class='ocrx_word' id='word_1_408' title='bbox 2591 4332 2753 4381; x_wconf 84' lang='lat' dir='ltr'>Holz-</span> 
     </span>
     <span class='ocr_line' id='line_1_40' title="bbox 261 4417 2758 4483; baseline 0 -16"><span class='ocrx_word' id='word_1_409' title='bbox 261 4417 475 4479; x_wconf 82' lang='lat' dir='ltr'>hauser,</span> <span class='ocrx_word' id='word_1_410' title='bbox 514 4419 787 4483; x_wconf 84' lang='lat' dir='ltr'>interpret.</span> <span class='ocrx_word' id='word_1_411' title='bbox 825 4419 880 4467; x_wconf 87' lang='lat' dir='ltr'>in</span> <span class='ocrx_word' id='word_1_412' title='bbox 917 4418 1315 4483; x_wconf 80' lang='lat' dir='ltr'>Apocalypsim.</span> <span class='ocrx_word' id='word_1_413' title='bbox 1353 4419 1582 4469; x_wconf 87' lang='lat' dir='ltr'>Vindob.</span> <span class='ocrx_word' id='word_1_414' title='bbox 1624 4420 1777 4469; x_wconf 87' lang='lat'>1850.</span> <span class='ocrx_word' id='word_1_415' title='bbox 1821 4420 1880 4469; x_wconf 93' lang='lat' dir='ltr'>P.</span> <span class='ocrx_word' id='word_1_416' title='bbox 1907 4420 1968 4470; x_wconf 80' lang='lat' dir='ltr'>F.</span> <span class='ocrx_word' id='word_1_417' title='bbox 1996 4418 2376 4483; x_wconf 77' lang='lat' dir='ltr'>Vei-schraege,</span> <span class='ocrx_word' id='word_1_418' title='bbox 2417 4418 2474 4467; x_wconf 87' lang='lat' dir='ltr'>C.</span> <span class='ocrx_word' id='word_1_419' title='bbox 2513 4434 2554 4469; x_wconf 81' lang='lat' dir='ltr'>s.</span> <span class='ocrx_word' id='word_1_420' title='bbox 2591 4418 2758 4483; x_wconf 86' lang='lat' dir='ltr'>expli-</span> 
     </span>
     <span class='ocr_line' id='line_1_41' title="bbox 263 4504 2755 4571; baseline 0 -16"><span class='ocrx_word' id='word_1_421' title='bbox 263 4507 505 4555; x_wconf 84' lang='lat' dir='ltr'>cationes</span> <span class='ocrx_word' id='word_1_422' title='bbox 541 4505 607 4553; x_wconf 89' lang='lat' dir='ltr'>L.</span> <span class='ocrx_word' id='word_1_423' title='bbox 643 4504 1043 4570; x_wconf 83' lang='lat' dir='ltr'>Apocalypseos</span> <span class='ocrx_word' id='word_1_424' title='bbox 1090 4504 1153 4555; x_wconf 92' lang='grc' dir='ltr'>Β.</span> <span class='ocrx_word' id='word_1_425' title='bbox 1192 4505 1417 4555; x_wconf 85' lang='lat' dir='ltr'>Joannis</span> <span class='ocrx_word' id='word_1_426' title='bbox 1455 4506 1553 4571; x_wconf 85' lang='lat' dir='ltr'>Ap.</span> <span class='ocrx_word' id='word_1_427' title='bbox 1599 4506 1902 4571; x_wconf 83' lang='lat' dir='ltr'>praecipuis</span> <span class='ocrx_word' id='word_1_428' title='bbox 1938 4506 2218 4556; x_wconf 83' lang='lat' dir='ltr'>Ecclesiae</span> <span class='ocrx_word' id='word_1_429' title='bbox 2256 4506 2536 4555; x_wconf 80' lang='lat' dir='ltr'>universae</span> <span class='ocrx_word' id='word_1_430' title='bbox 2575 4506 2755 4556; x_wconf 86' lang='lat' dir='ltr'>Histo—</span> 
     </span>
     <span class='ocr_line' id='line_1_42' title="bbox 262 4591 2012 4659; baseline 0 -17"><span class='ocrx_word' id='word_1_431' title='bbox 262 4594 485 4659; x_wconf 77' lang='lat' dir='ltr'>riaeque</span> <span class='ocrx_word' id='word_1_432' title='bbox 526 4591 809 4644; x_wconf 81' lang='lat' dir='ltr'>eventibus</span> <span class='ocrx_word' id='word_1_433' title='bbox 847 4591 1041 4657; x_wconf 85' lang='lat' dir='ltr'>applie.</span> <span class='ocrx_word' id='word_1_434' title='bbox 1068 4607 1185 4658; x_wconf 87' lang='lat' dir='ltr'>usq.</span> <span class='ocrx_word' id='word_1_435' title='bbox 1224 4592 1293 4642; x_wconf 86' lang='lat' dir='ltr'>ad</span> <span class='ocrx_word' id='word_1_436' title='bbox 1329 4608 1379 4642; x_wconf 88' lang='lat' dir='ltr'>n.</span> <span class='ocrx_word' id='word_1_437' title='bbox 1404 4598 1565 4658; x_wconf 88' lang='lat' dir='ltr'>temp.</span> <span class='ocrx_word' id='word_1_438' title='bbox 1604 4592 1834 4643; x_wconf 78' lang='lat' dir='ltr'>Monast.</span> <span class='ocrx_word' id='word_1_439' title='bbox 1863 4594 2012 4643; x_wconf 83' lang='lat'>1855.</span> 
     </span>
    </p>
   </div>
  </div>
 </body>
</html>
