3267 5259
1172 443 1457 495 sangonam
1484 456 1520 485 s.
1542 444 1692 487 Marci.
2137 416 2140 418 i
2545 434 2672 497 279

256 722 307 799 ξ.
333 722 431 787 50.
486 718 661 798 Qua
706 722 1023 784 ratione
1068 718 1605 804 Evangelium
1653 744 1701 784 s.
1734 720 1984 786 Marci
2031 725 2616 787 concinnatum.

392 908 455 975 S.
500 910 948 994 Augustinus¹
994 913 1240 995 primus
1285 912 1455 975 inter
1498 910 1809 993 VetereS,
1859 922 1924 975 et
1969 911 2142 976 solus
2189 922 2288 976 est
2335 915 2444 998 qui
2498 912 2670 976 affir-

214 1032 325 1086 mat
352 1022 628 1103 ,Marcus
662 1044 814 1085 eum
846 1062 926 1070 -—
962 1045 1009 1085 S.
1037 1022 1442 1086 Matthaeum
1467 1060 1553 1070 —
1584 1022 1989 1105 subsecutus„
2021 1034 2350 1110 tamquam
2385 1024 2671 1111 pedisse-

218 1156 356 1219 quus
386 1146 448 1198 et
476 1132 813 1198 breviator
844 1136 983 1198 eius
1013 1134 1315 1199 videtur!
1363 1134 1563 1200 Suam
1596 1135 1897 1200 fecerunt
1927 1138 2313 1201 sententiam
2344 1136 2670 1202 Praesulis
2727 1158 2736 1167 ·

216 1247 622 1333 Hipponensis
668 1246 851 1310 multi
898 1249 1335 1312 recentiorum
1383 1222 1773 1333 scriptorum
1789 1251 1830 1311 ².
1922 1247 2157 1313 Utrum
2203 1248 2368 1313 haec
2416 1251 2669 1313 coniec-

215 1370 335 1422 tura
374 1358 724 1444 probabilis
772 1382 858 1423 an
904 1358 1351 1444 improbabilis
1398 1359 1706 1423 habenda
1750 1362 1868 1442 sit,
1932 1383 2016 1424 ex
2062 1360 2408 1446 Evangelii
2469 1362 2670 1446 ipsius

214 1480 561 1555 argumento
610 1472 787 1535 effici
833 1470 1049 1536 debet.
1112 1471 1403 1536 Primum
1449 1474 1644 1557 igitur
1691 1494 2086 1558 quamquam
2131 1472 2308 1538 haud
2357 1475 2671 1559 exiguam

212 1582 689 1668 Evangeliorum
752 1607 801 1648 s.
848 1607 897 1648 8.
945 1584 1259 1647 Matthaei
1322 1594 1388 1648 et
1446 1584 1653 1649 Marci
1711 1584 2192 1650 similitudinem
2252 1586 2666 1651 intercedere

214 1694 529 1779 fateamur3
577 1735 662 1743 —
709 1698 847 1760 sive
894 1698 959 1760 in
1007 1719 1225 1761 rerum
1257 1720 1419 1782 quas
1457 1706 1733 1782 uterque
1774 1708 1995 1761 narrat
2026 1697 2294 1763 defectu
2326 1709 2391 1763 et
2423 1698 2670 1781 ordine,

212 1808 331 1871 sive
372 1808 700 1894 multoque
746 1811 956 1893 magis
999 1811 1066 1873 in
1113 1808 1489 1894 exponendi
1534 1810 1754 1892 modo,
1803 1812 2158 1893 sententiis,
2218 1810 2455 1895 verbiS,
2516 1813 2672 1896 ipsis

212 1919 355 1983 adeo
394 1920 733 1985 levissimis
779 1920 1040 1985 dicendi
1086 1921 1381 1987 formulis
1426 1961 1510 1969 —-
1554 1924 1648 1985 ita
1691 1932 1762 1986 ut
1807 1922 1973 1987 alter
2019 1922 2281 1987 alterius
2342 1946 2669 1987 commen-

212 2033 413 2096 tarium
477 2044 629 2097 ante
701 2032 926 2098 oculos
995 2033 1301 2098 habuisse
1364 2035 1736 2099 necessario
1799 2035 1925 2099 dici
1987 2030 2255 2101 deBeat:
2321 2058 2405 2101 ex
2465 2035 2672 2100 altera

214 2156 371 2227 parte
426 2156 645 2211 tamen
690 2145 868 2210 haud
912 2169 1128 2232 pauca
1170 2148 1585 2232 reperiuntur
1630 2146 2001 2231 singularia,
2067 2170 2234 2233 quae
2297 2147 2379 2212 ab
2443 2171 2569 2212 uno
2619 2172 2667 2212 s,

210 2254 406 2321 Marco
449 2270 597 2322 sunt
642 2268 925 2322 narrata.
974 2258 1089 2323 Sin
1134 2281 1292 2323 vero
1322 2258 1760 2344 Evangelium
1808 2260 1946 2323 eius
1992 2271 2298 2324 accurate
2343 2260 2668 2342 lustretur,

213 2366 527 2435 observare
593 2393 859 2456 quoque
917 2370 1140 2435 licebit
1192 2374 1652 2458 praetermissa
1713 2394 1752 2435 a
1806 2370 1867 2435 d.
1915 2372 2140 2436 Marco
2198 2372 2437 2455 multa,
2500 2394 2669 2457 quae

212 2478 479 2563 leguntur
522 2485 591 2546 in
635 2506 685 2547 s.
735 2482 1091 2548 Matthaeo.
1138 2484 1398 2548 Desunt
1441 2484 1791 2569 ampliores
1839 2484 2164 2569 quaedam
2212 2483 2294 2548 de
2339 2484 2536 2549 rebus
2585 2485 2671 2548 ad

212 2591 409 2658 Jesum
449 2595 929 2681 pertinentibus
974 2597 1401 2678 narrationes,
1463 2605 1658 2682 atquc
1712 2598 1779 2661 in
1823 2598 1900 2661 iis
1948 2618 2109 2682 quos
2159 2607 2432 2681 uterque
2482 2597 2670 2661 simul

212 2706 467 2771 referunt
524 2707 703 2793 apud
765 2732 813 2771 s·
876 2708 1173 2773 Marcum
1236 2718 1528 2793 eventus,
1587 2708 1750 2790 loci,
1820 2710 2163 2795 temporis,
2239 2732 2669 2795 personarum

212 2822 449 2901 numeri,
493 2822 833 2885 nominum
879 2822 1040 2885 ratio
1089 2822 1370 2907 penitius
1413 2832 1764 2907 perspecta
1810 2832 1875 2886 et
1922 2821 2264 2886 dilucidius
2311 2822 2667 2907 proposita,

214 2933 385 2995 oratio
416 2932 679 2998 uberior
720 2941 787 2997 et
832 2935 1157 3019 copiosior
1200 2956 1359 3019 prae
1392 2956 1441 2997 s.
1475 2933 1809 2998 Matthaeo
1857 2932 2152 2999 habetur.
2222 2934 2371 2997 Non
2416 2943 2670 2998 tantum

214 3045 467 3108 oratione
514 3055 581 3109 et
626 3047 963 3110 sententiis
1010 3045 1319 3111 diffenmt
1361 3048 1644 3111 invicem
1692 3070 1740 3109 s,
1774 3046 2145 3110 Matthaeus
2193 3056 2259 3110 et
2303 3070 2351 3110 s,
2385 3046 2668 3128 MarcuS,

212 3154 309 3217 sed
348 3158 611 3222 eaedem
660 3158 857 3221 etiam
900 3180 1119 3223 rerum
1166 3182 1205 3222 a
1249 3158 1535 3224 Domino
1582 3159 1821 3224 Nostro
1869 3167 2200 3243 gestarum
2261 3160 2668 3229 narrationes

212 3264 265 3327 in
301 3280 560 3355 utroque
607 3269 1035 3355 Evangelista
1081 3269 1207 3335 alio
1260 3270 1487 3335 ordine
1535 3270 1944 3335 exhibentur.
1991 3270 2291 3335 Tandem
2334 3293 2468 3335 non
2509 3292 2666 3355 pau-

214 3378 291 3440 cis
326 3382 384 3443 in
418 3380 577 3447 locis
610 3384 937 3447 contraria
968 3384 1107 3447 fere
1140 3407 1187 3448 s.
1214 3383 1569 3465 Matthaeo,
1617 3392 1682 3447 et
1713 3404 1881 3469 quae
1913 3382 2080 3449 adeo
2118 3405 2412 3469 pugnare
2445 3403 2667 3446 secum

214 3490 493 3575 videntur,
561 3504 1032 3560 commemorat
1086 3519 1136 3560 s.
1182 3495 1464 3560 Marcus.
1555 3495 1744 3560 Haec
1793 3497 2010 3560 omnia
2055 3518 2096 3558 a
2141 3494 2408 3559 consilio
2461 3494 2662 3580 epito—

212 3606 457 3688 matoris,
484 3628 683 3691 quam
706 3609 991 3672 maxime
1017 3606 1231 3672 aliena
1254 3618 1443 3672 sunto
1458 3612 1501 3671 3.
1534 3606 1818 3671 Accedit
1847 3607 2236 3671 sententiam
2261 3606 2343 3670 de
2369 3630 2418 3670 s,
2436 3606 2662 3671 Marco

391 3800 425 3863 ¹)
462 3800 547 3850 De
582 3815 851 3851 consensu
888 3799 1149 3865 Evangel.
1184 3800 1229 3861 I,
1254 3802 1303 3849 2.
1328 3816 1381 3865 p.
1406 3802 1455 3849 3.
1529 3799 1570 3865 ²)
1607 3799 1660 3848 J.
1694 3799 1744 3848 J.
1777 3796 2088 3861 Griesbach,
2127 3814 2314 3849 comm.
2350 3812 2458 3863 qua
2491 3797 2663 3847 Marci

214 3879 525 3948 Evnngelium
564 3892 733 3937 totum
760 3903 789 3936 e
814 3886 1072 3936 Matthaei
1109 3891 1163 3935 et
1184 3886 1369 3936 Lucae
1406 3886 1798 3935 commentariis
1836 3884 2144 3949 decerptum
2182 3900 2300 3935 esse
2325 3888 2663 3946 monstratur,

211 3964 255 4011 in
292 3983 455 4019 comm.
480 3972 643 4023 theol.
670 3972 980 4023 Velthusen.
1004 3973 1047 4022 Ι.
1074 3974 1193 4023 302.
1240 3972 1325 4021 De
1362 3971 1599 4021 fontibus
1634 3970 1778 4021 unde
1814 3970 2194 4035 Evangelistae
2220 3984 2346 4021 suas
2372 3969 2440 4019 de
2468 3984 2663 4019 resurr.

216 4050 345 4103 Dom.
373 4072 507 4107 narr.
546 4058 851 4121 hauserint3
888 4060 943 4107 in
980 4073 1161 4123 opusc.
1196 4058 1267 4119 H,
1295 4059 1413 4107 241.
1452 4074 1493 4107 s.
1524 4056 1742 4118 Paulus,
1776 4056 1849 4105 th.
1889 4072 1968 4106 ex.
2005 4056 2203 4105 Comm.
2229 4054 2474 4105 Heidelb.
2511 4056 2662 4104 1832.

212 4135 246 4193 L
266 4140 398 4191 331⁸.
423 4145 501 4193 73.
527 4159 569 4193 s.
595 4146 681 4194 95.
706 4159 749 4193 s.
786 4144 1029 4205 Sauum,
1066 4149 1118 4194 fl.
1148 4144 1197 4193 d.
1224 4143 1451 4205 Quellen
1478 4142 1528 4191 d.
1562 4142 1664 4191 Ev.
1702 4142 1752 4192 d.
1779 4142 1943 4191 Marc.
1978 4142 2120 4191 Berl.
2161 4143 2322 4191 1825.
2371 4140 2574 4203 Theile,
2615 4158 2662 4190 z.

212 4220 361 4289 Biogr.
390 4228 533 4279 Jeau.
568 4231 754 4295 Leipz.
792 4232 942 4281 1837.
976 4247 1028 4295 p.
1063 4232 1147 4279 33.
1182 4243 1223 4278 s·
1274 4228 1509 4290 Gfrtirer,
1545 4227 1738 4279 Gesch.
1774 4226 1824 4277 d.
1861 4226 2116 4277 Urchrist.
2143 4226 2214 4275 11.
2240 4229 2323 4287 21,
2351 4228 2468 4275 212.
2518 4227 2661 4276 Neu-

212 4306 395 4374 deeker,
424 4315 561 4365 Einl.
594 4333 646 4381 p.
684 4317 799 4366 146.
834 4330 878 4365 s.
928 4315 1191 4377 Schwarz,
1232 4330 1370 4365 neue
1402 4314 1529 4365 Unt.
1566 4318 1618 4363 fl.
1653 4314 1704 4363 d.
1729 4312 2582 4365 Verwandtschafts-Verhaltniss
2609 4312 2661 4362 (1.

208 4407 306 4457 Syn.
338 4398 426 4449 Ev.
458 4401 590 4451 ΤΗΙ).
632 4403 781 4452 1844.
818 4418 870 4466 p.
905 4402 1023 4451 277.
1073 4399 1400 4466 Schwegler,
1436 4399 1662 4465 nachap.
1699 4399 1966 4449 Zeitalter.
2000 4397 2138 4447 Tub.
2176 4399 2326 4449 1846.
2368 4399 2412 4461 Ι,
2453 4400 2571 4448 467.
2613 4414 2656 4449 s.

211 4478 359 4543 Baur,
396 4484 443 4535 d.
480 4486 693 4537 Marcus
735 4487 837 4537 ΕΝ.
880 4503 931 4550 p.
978 4488 1093 4537 148.
1142 4503 1185 4537 s.
1245 4486 1450 4548 watto,
1493 4485 1640 4535 Einl.
1683 4502 1736 4551 p.
1784 4488 1898 4536 191.
1941 4484 2128 4545 Bleek,
2172 4484 2314 4534 Einl.
2358 4502 2410 4550 p.
2454 4487 2573 4535 243.
2615 4502 2658 4534 s.

212 4564 245 4631 ³)
277 4568 463 4622 Horum
503 4574 735 4624 omnium
780 4572 1025 4640 exempla
1069 4572 1239 4623 videri
1284 4576 1511 4639 possunt
1553 4573 1609 4623 in
1655 4572 1910 4623 Historiis
1954 4572 2021 4623 D.
2059 4572 2124 4623 N.
2161 4570 2212 4621 J.
2253 4570 2311 4621 C.
2362 4570 2459 4622 abs
2507 4572 2663 4623 nobis
