3267 5259
1049 441 1282 494 Prophetis.
1312 442 1509 484 Danielis
1535 447 1574 487 9.
1605 447 1671 485 20.
1701 456 1737 484 s.
2496 431 2644 482 LXV

367 679 809 767 Computus
855 686 1374 770 septuaginta
1419 685 2001 752 hebdomadum
2046 688 2416 753 Danielis

1158 797 1631 885 Prophetae.

353 971 442 1022 40.
477 972 786 1041 Prophetiae
821 972 1154 1026 celeberrimae
1186 975 1418 1028 Danielis
1457 979 1504 1035 9,
1532 977 1618 1028 20.
1647 995 1681 1028 s.
1720 977 1941 1045 diynitas
1976 982 2123 1045 atque
2158 977 2433 1046 difficultas
2460 996 2639 1048 propo-

171 1057 302 1107 nitur.
339 1056 574 1106 Pertinet
601 1057 676 1106 ad
700 1061 1062 1124 quaestionem
1092 1060 1190 1122 „de
1216 1075 1356 1110 anno
1385 1061 1659 1112 Passionis
1683 1062 2052 1124 Dominicae“,
2079 1063 2407 1128 expendere:
2433 1070 2643 1114 vetusta

169 1141 411 1191 vaticinia
454 1142 516 1192 A.
563 1144 660 1206 F„
708 1146 904 1211 quibus
947 1152 1156 1212 tempus
1203 1149 1386 1198 mortis
1435 1149 1570 1199 Jesu
1619 1148 1813 1200 Christi
1862 1149 2355 1215 praenuntiabatur.
2426 1149 2643 1201 Initium

172 1228 448 1280 ducendum
487 1231 630 1281 foret
656 1247 692 1281 a
727 1232 925 1282 celebri
960 1235 1282 1284 vaticinio
1319 1234 1356 1284 J
1367 1236 1557 1285 acobi
1597 1235 1729 1286 Gen.
1758 1237 1840 1298 49,
1870 1239 1950 1287 10.
1977 1253 2019 1286 s.
2057 1237 2148 1301 qui
2174 1251 2293 1286 cum
2318 1237 2643 1302 praedixerit

168 1321 276 1364 tnnc
316 1315 620 1367 adfuturum
669 1319 944 1382 Moesiam,
1001 1322 1212 1386 quando
1261 1337 1347 1384 res
1392 1321 1721 1372 Judaeorum
1768 1322 1837 1372 ad
1884 1324 2073 1372 incitas
2143 1323 2393 1373 redactae
2449 1324 2639 1387 forent,

167 1403 678 1454 animadvertendum
717 1406 843 1456 erit:
893 1421 961 1456 an
1001 1421 1064 1457 ea
1101 1407 1259 1456 fuerit
1295 1423 1468 1458 rerum
1511 1408 1841 1458 iudaicam-um
1884 1409 2119 1458 conditio
2157 1410 2249 1459 ubi
2284 1409 2639 1476 Evangelium

169 1489 466 1554 promulgari
512 1497 734 1557 ceptum
782 1495 900 1543 est?
959 1493 1064 1544 Sed
1111 1495 1238 1559 quia
1282 1510 1380 1545 nos
1427 1510 1548 1544 cum
1589 1497 1779 1556 verba,
1828 1496 2020 1560 quibus
2070 1502 2332 1562 concepta
2380 1503 2463 1547 est
2496 1497 2641 1547 dicta

169 1575 451 1640 prophetia3
502 1583 616 1628 tum
661 1594 818 1645 quem
855 1581 1044 1630 sortita
1079 1582 1186 1630 sint
1221 1585 1470 1631 eventum
1507 1581 2035 1645 consideraverimus,
2081 1584 2136 1632 in
2174 1584 2311 1633 Hist.
2348 1584 2478 1634 Rev.
2516 1585 2637 1633 Div.

167 1662 268 1709 l’et.
302 1663 440 1712 Test.
479 1681 531 1730 p.
573 1667 658 1715 78.
692 1668 775 1716 79.
814 1672 866 1717 et
903 1669 1146 1730 583—5.,
1180 1667 1304 1717 hinc
1341 1685 1408 1718 ne
1448 1669 1779 1733 quaestionis
1828 1671 2123 1734 praesentis
2146 1675 2377 1720 ‚crescat
2420 1672 2639 1720 nimium

165 1751 405 1811 tractatio,
433 1751 580 1816 quod
607 1752 685 1801 ibi
710 1753 938 1804 diximus
962 1759 1146 1804 notum
1173 1756 1536 1820 supponimus.
1581 1755 1643 1804 Id
1670 1760 1779 1804 est:
1817 1770 2051 1804 revera
2087 1758 2455 1822 contigisse
2490 1761 2553 1806 te
2566 1773 2638 1806 m-

165 1851 302 1898 pore
337 1837 746 1902 Salvatoris,
785 1841 958 1906 quod
993 1856 1027 1891 a
1062 1841 1448 1906 patriarcha
1481 1843 1737 1892 Jacobo
1774 1842 1905 1892 fuit
1938 1843 2493 1907 praenuntiatum.
2555 1843 2637 1892 Ad

167 1935 286 1986 quae
309 1925 534 1974 conferri
561 1933 746 1991 potest
769 1927 829 1976 P.
856 1928 1200 1990 Turneminii,
1238 1945 1267 1978 e
1294 1928 1348 1978 S.
1372 1929 1422 1978 J.
1451 1928 1751 1992 epistolaris
1786 1928 2089 1979 dissert-atio
2116 1929 2181 1978 de
2205 1929 2481 1980 Jacobaeo
2508 1931 2639 1979 vati·

167 2009 286 2058 einio
321 2009 502 2061 addita
539 2012 646 2078 Op.
684 2015 752 2063 D.
790 2014 1012 2076 Petavii,
1053 2014 1118 2064 de
1154 2013 1314 2064 theol.
1340 2016 1532 2081 Dogm.
1571 2016 1653 2065 ed.
1680 2016 1813 2066 Ven.
1844 2017 1993 2066 1767.
2030 2016 2123 2065 IV.
2150 2018 2199 2078 2,
2226 2017 2343 2065 292.
2368 2032 2411 2066 s.
2472 2016 2640 2066 Missa

169 2096 368 2157 proinde
403 2100 582 2163 priore
623 2100 930 2166 Prophetis,
970 2116 1110 2166 quae
1135 2101 1204 2150 ad
1230 2107 1400 2152 ortum
1429 2101 1624 2151 Christi
1662 2103 1989 2167 pertinebat3
2026 2117 2171 2151 nunc
2205 2102 2463 2167 reliquam
2502 2117 2639 2168 quae

167 2187 236 2228 est
275 2184 606 2235 nobilissima
653 2186 751 2248 „de
801 2189 1228 2253 septuaginta
1273 2187 1816 2240 Hebdomadibus
1866 2188 2224 2250 Danielis⁴‘‚
2274 2191 2431 2239 toties
2480 2204 2514 2239 a
2563 2193 2641 2239 tot

167 2267 520 2334 interpretibus
559 2274 620 2322 in
646 2276 1014 2339 quaestionem
1049 2279 1296 2326 vocatam
1327 2275 1687 2326 absolvamus.
1732 2274 1797 2324 In
1820 2275 1923 2324 hac
1948 2275 2159 2340 quidem
2186 2275 2505 2340 explicanda
2531 2291 2639 2324 non

169 2353 408 2408 dicemus:
465 2365 730 2424 quantum
777 2361 962 2414 luserit
1005 2367 1112 2412 tam
1165 2367 1397 2412 veterum
1445 2377 1603 2428 quam
1650 2363 2005 2412 recentiorum
2053 2364 2393 2427 scriptorum,
2441 2363 2639 2427 pietate

170 2442 311 2492 c-tiam
351 2451 514 2511 atque
565 2449 868 2499 eruditione
917 2451 1327 2514 conspicuorum
1361 2449 1607 2513 licentia3
1666 2454 1720 2498 et
1741 2471 1747 2478 ·
1765 2449 1893 2514 quid
1929 2449 2267 2498 commentati
2304 2449 2427 2498 sint.
2482 2448 2640 2510 Quod

169 2527 554 2582 famosissimum
604 2533 997 2585 hebdomadum
1043 2536 1208 2586 LXX.
1257 2536 1528 2586 oraculum
1576 2551 1757 2586 verum
1796 2549 1913 2585 esse
1959 2551 2067 2586 non
2104 2540 2305 2600 potest,
2356 2536 2459 2586 nisi
2494 2550 2636 2586 anno

167 2623 334 2677 quarto
375 2619 732 2672 hebdomadis
771 2625 1222 2690 septuagesimae,
1270 2623 1358 2688 qui
1397 2628 1478 2674 est
1511 2638 1729 2688 prorsus
1766 2622 1909 2672 idem
1951 2622 2051 2672 iste
2089 2621 2285 2672 Christi
2332 2622 2636 2672 emortualis

167 2703 254 2764 34„
277 2705 390 2756 Aer.
414 2706 576 2772 Vulg.
603 2711 719 2772 30.;
751 2709 997 2760 Salvator
1021 2710 1382 2760 divinissimus
1409 2709 1566 2760 fuerit
1591 2711 1819 2760 occisus.
1856 2709 2181 2759 vaticinium
2204 2708 2448 2758 Danielis
2472 2709 2639 2758 multa

167 2791 510 2856 complectitur
545 2795 922 2860 disquisitione
957 2813 1065 2847 non
1101 2797 1313 2858 facilia;
1349 2796 1549 2863 pendet
1585 2797 1701 2846 eius
1739 2797 1999 2862 expositio
2028 2811 2094 2845 ex
2127 2795 2372 2859 historiis,
2410 2796 2636 2846 maxime

165 2875 451 2942 Persarum,
489 2879 728 2947 aliisque
765 2885 922 2934 rebus
962 2898 1186 2949 quarum
1221 2884 1493 2949 indagatio
1533 2881 1765 2932 difficilis
1804 2887 1908 2946 est3
1956 2883 2051 2934 sed
2095 2883 2219 2933 inde
2254 2899 2363 2932 non
2400 2884 2639 2954 sequitur

167 2964 344 3014 nullum
365 2983 428 3016 ex
449 2968 624 3018 hocce
645 2970 897 3020 vaticinio
917 2972 1102 3036 magis,
1130 2985 1290 3036 quam
1311 2987 1374 3020 ex
1395 2970 1624 3020 obscuro
1652 2970 1913 3035 principio
1940 2975 2308 3034 argumentum
2328 2971 2441 3020 erui
2459 2985 2635 3035 posse.

165 3050 282 3100 Nam
325 3055 369 3104 si
405 3069 576 3120 quae,
631 3060 692 3105 ut
727 3055 864 3105 ultro
902 3057 1156 3118 fatemur,
1202 3057 1385 3107 insunt
1417 3057 1673 3106 vaticinio
1711 3055 1835 3106 huic
1880 3055 2159 3121 perplexa,
2206 3055 2347 3105 haud
2397 3055 2639 3106 officiunt

165 3143 320 3188 tamen
356 3143 568 3192 veritati
621 3142 964 3204 calculorum,
1017 3145 1212 3209 quibus
1255 3144 1651 3209 comprobaturi
1688 3157 1897 3193 sumus:
1948 3142 2116 3192 illud
2165 3144 2526 3193 convenire
2570 3144 2635 3194 in

165 3239 284 3274 eum
318 3242 580 3292 annum,
624 3245 748 3295 quo
785 3229 979 3280 Jesus
1016 3231 1081 3280 in
1119 3245 1374 3280 crucem
1410 3236 1599 3280 actus
1638 3236 1754 3280 est.
1804 3230 2015 3292 Operae
2042 3236 2217 3280 autem
2249 3230 2634 3295 quamimpen-

167 3311 344 3376 tlemus,
381 3320 531 3366 tanto
571 3317 745 3365 maius
783 3318 884 3366 erit
919 3318 1160 3382 pretium,
1200 3323 1399 3383 quanto
1431 3318 1622 3368 ceteris
1662 3317 1855 3366 divinis
1890 3317 2107 3366 vatibus
2141 3314 2336 3366 Daniel
2374 3315 2637 3381 propheta

165 3407 394 3460 praestat.
455 3403 540 3452 Cf.
591 3403 730 3454 Hist.
768 3403 900 3454 Rev.
935 3403 1058 3452 Div.
1097 3405 1213 3454 Vet.
1252 3405 1396 3454 Test.
1445 3421 1496 3470 p.
1543 3405 1663 3454 488.
1736 3404 2102 3468 Proponemus
2147 3403 2327 3467 itaque
2372 3403 2634 3466 integrum

165 3488 450 3538 vaticinium
487 3491 636 3539 circa
674 3489 815 3555 quod
852 3505 994 3540 nunc
1030 3505 1329 3554 versamur3
1367 3496 1558 3556 postea
1594 3489 1834 3556 singulas
1872 3491 1987 3538 eius
2019 3493 2194 3553 partes
2233 3487 2633 3552 explicabimus.

351 3577 426 3629 41.
491 3580 671 3630 Teaetus
719 3579 1040 3646 Prophetiam
1085 3579 1142 3630 in
1175 3579 1394 3630 medium
1437 3579 1680 3645 adfertur.
1741 3575 1939 3626 Daniel
1975 3575 2055 3624 his
2094 3575 2273 3625 verbis
2310 3574 2633 3624 vaticinatus

169 3665 236 3708 est
259 3659 380 3728 Cap.
401 3664 448 3726 9,
469 3665 556 3712 24.
615 3663 1086 3730 „Septuaginta
1121 3663 1559 3714 hebdomades
1606 3663 1869 3714 decisae
1906 3666 2057 3712 sunt
2092 3676 2289 3726 super
2322 3661 2635 3727 populum

169 3748 352 3810 tuum,
401 3754 465 3798 et
499 3764 714 3814 super
759 3750 988 3800 urbem
1035 3755 1342 3800 sanctam
1391 3755 1600 3814 tuam;
1648 3748 1730 3798 ad
1777 3748 2230 3798 coercendum
2276 3747 2633 3811 delictum,

169 3836 222 3879 et
261 3833 334 3882 ad
377 3835 776 3902 exipandam
823 3837 1274 3902 iniquitatem,
1326 3841 1390 3886 et
1425 3836 1502 3886 ad
1541 3834 1992 3886 adducendam
2039 3836 2368 3886 iustitiam
2412 3849 2633 3884 saecu-

169 3914 375 3985 lorum,
413 3927 478 3971 et
515 3921 598 3972 ad
635 3922 1108 3988 obsignandam
1153 3923 1470 3974 visionem
1509 3928 1570 3972 et
1605 3921 2015 3987 prophetam,
2056 3927 2116 3972 et
2152 3921 2230 3972 ad
2267 3920 2635 3986 ungendum

171 4093 334 4149 postea
368 4091 664 4142 adhaesere
701 4089 808 4140 alii.
846 4089 898 4139 S.
934 4089 1270 4156 Epiphanius
1308 4106 1452 4152 ver-0,
1490 4089 1633 4140 haer.
1672 4091 1763 4152 LI,
1799 4091 1883 4139 26.
1908 4106 1960 4155 p.
1987 4090 2105 4140 448.
2143 4089 2453 4138 Passionem
2491 4101 2633 4136 anno

170 4171 343 4225 Tiberii
381 4180 462 4228 18.
500 4179 603 4228 sub
643 4175 793 4227 Coss.
830 4177 1045 4227 Tiberio
1083 4181 1138 4226 et
1173 4176 1368 4226 Seiano
1407 4176 1719 4241 adscripsit3
1758 4191 1917 4241 quam
1957 4176 2262 4240 opinionem
2300 4172 2537 4222 defendit
2565 4173 2632 4222 D.

171 4259 411 4328 Pctavius,
451 4265 721 4315 animadv.
749 4264 816 4313 ad
842 4279 887 4314 e.
915 4263 1058 4312 haer.
1084 4280 1137 4328 p.
1163 4265 1281 4312 274.
1308 4278 1350 4312 s.
1400 4263 1520 4313 Non
1557 4264 1954 4312 immorabimur
1991 4267 2163 4312 autem
2201 4262 2257 4310 in
2294 4258 2633 4310 recensendis

172 4345 225 4394 de
257 4364 316 4398 ea
349 4367 403 4400 re
439 4353 728 4414 variorum,
768 4351 860 4416 qui
895 4351 1280 4400 sanctimoniae
1319 4355 1372 4400 et
1408 4349 1682 4399 doctrinae
1718 4349 1861 4398 fama
1898 4349 2166 4414 vigebant,
2206 4352 2365 4412 atque
2402 4347 2455 4396 id
2492 4362 2632 4397 anno

170 4431 226 4482 U.
259 4434 314 4484 C.
349 4439 463 4487 782.
503 4439 750 4488 evenisse
787 4435 1139 4498 concludunt,
1190 4437 1422 4486 virorum
1468 4435 1837 4501 opinionibus3
1888 4449 2007 4484 cum
2045 4449 2183 4499 quae
2220 4448 2254 4484 a
2288 4434 2446 4485 nobis
2490 4434 2634 4484 dicta

172 4527 296 4583 sunt,
332 4525 459 4574 satis
497 4539 616 4574 esse
651 4525 872 4589 possint.
933 4523 1098 4573 Plura
1134 4523 1284 4574 dabit
1317 4523 1446 4588 Aeg.
1483 4523 1809 4586 Bucherius,
1852 4521 1917 4570 de
1956 4521 2121 4571 doctr.
2158 4526 2319 4587 temp.
2357 4537 2541 4570 comm.
2579 4522 2631 4569 in

171 4605 470 4660 Victorinum
507 4612 607 4677 Aq.
648 4611 900 4674 Antverp.
943 4613 1093 4660 1634.
1132 4628 1182 4676 p.
1222 4613 1340 4660 391.
1377 4625 1419 4659 s.

260 4699 457 4752 Danko,
485 4703 604 4744 nist.
633 4702 934 4745 Revelationis
961 4703 1148 4744 divinae.
1177 4703 1234 4744 11.
2294 4712 2324 4745 e
