3267 5259
602 440 685 507 68
1282 454 1395 495 mat.
1425 454 1531 496 nov.
1563 454 1650 497 «nv.
1681 455 1734 497 n.
1761 455 1810 496 r.
1831 455 2000 496 rei-iod.
2029 455 2064 497 1.
2085 466 2178 507 cap.
2207 454 2407 506 primum.

600 651 723 715 per
750 651 928 693 mare
960 628 1161 694 ferret
1188 630 1329 713 iter,
1364 628 1612 695 celeres
1641 652 1768 694 nec
1801 631 2082 715 tingeret
2125 651 2412 715 aequore
2461 627 2740 715 plantas‘
2785 628 3048 715 Apostoli

600 744 811 828 prima
866 744 1083 828 specie
1130 744 1334 807 territi
1380 752 1711 829 spectrum
1757 765 1827 807 se
1871 765 2141 807 cernere
2189 742 2479 807 arbitrati
2525 752 2692 806 sunt.
2769 740 3048 806 Pellendo

600 855 797 939 igitur
838 856 1071 937 timori,
1120 877 1247 941 quo
1297 855 1838 941 corripiebantur,
1887 854 2179 919 Christus
2223 854 2476 920 locutus
2531 864 2630 918 est
2675 855 2801 917 eis:
2846 852 3049 916 habete

600 966 906 1030 fiduciam
961 989 1107 1052 ,ego
1156 990 1316 1050 sum,
1370 966 1567 1032 nolite
1616 969 1886 1031 timere.‘
1933 966 2062 1032 Ubi
2109 967 2360 1049 Petrus,
2409 968 2509 1031 cui
2557 968 2769 1031 inerat
2811 988 3052 1051 magnus

600 1088 671 1141 ut
717 1080 911 1143 animi
945 1082 1036 1144 sic
1081 1080 1235 1143 fidei
1281 1080 1520 1162 fervor,
1568 1079 1730 1143 vidit
1775 1080 2002 1144 Jesum
2047 1078 2216 1144 velle
2264 1102 2376 1145 eos
2421 1080 2775 1165 praeterire
2797 1083 2836 1162 ¹,
2879 1080 3052 1164 petiit,

600 1200 673 1254 ut
717 1190 801 1254 ad
846 1190 1025 1257 illum
1070 1194 1137 1256 in
1183 1215 1438 1256 summa
1481 1214 1655 1279 aqua
1698 1192 2002 1256 veniendi
2049 1201 2439 1278 potestatem
2487 1192 2739 1256 faceret
2758 1194 2801 1255 ².
2855 1191 3052 1255 Annu-

602 1315 751 1367 ente
797 1304 977 1387 Jesu,
1011 1304 1116 1369 ille
1163 1308 1229 1368 in
1262 1328 1435 1392 aqua
1478 1306 1654 1368 viam
1700 1305 1900 1368 inivit.
1966 1302 2100 1369 Sed
2143 1314 2342 1368 vento
2387 1304 2837 1368 vehementius
2865 1303 3052 1385 flante,

602 1438 750 1480 cum
797 1440 867 1480 se
913 1419 1181 1481 sentiret
1224 1418 1448 1503 mergi,
1480 1416 1836 1481 Dominum
1870 1428 1941 1481 ut
1978 1416 2098 1481 sibi
2132 1416 2369 1479 auxilio
2421 1426 2594 1480 esset
2635 1439 2875 1501 magna
2913 1438 3052 1479 voce

601 1526 924 1595 clamavit.
988 1530 1313 1595 Continuo
1362 1530 1571 1594 adfuit
1602 1530 1816 1613 JeSUS,
1849 1530 2248 1615 Petrumque
2299 1538 2564 1593 extenta
2610 1552 2808 1593 manu
2852 1552 3054 1615 appre-

598 1640 857 1723 hendit,
906 1652 972 1707 et
1016 1642 1099 1707 ad
1162 1643 1571 1728 superficiem
1636 1665 1952 1729 aquarum
2015 1644 2304 1706 retraxit.
2393 1641 2800 1726 Rogantibus
2865 1652 3056 1705 autem

602 1753 930 1840 discipulis
989 1758 1205 1819 navim
1249 1778 1383 1818 una
1429 1778 1576 1820 cum
1628 1756 1824 1819 Petro
1884 1754 2264 1819 conscendit
2309 1754 2536 1839 Jesus;
2601 1777 2796 1839 quem
2855 1776 3054 1818 omnes

599 1876 977 1952 praesentes
1046 1868 1485 1931 adoraverunt
1528 1866 1836 1931 Messiam
1883 1866 2057 1931 fassi.
2125 1867 2218 1931 Ut
2261 1869 2540 1952 primum
2591 1868 2856 1930 intravit
2903 1866 3058 1929 navi-

600 1982 797 2064 gium,
844 2002 999 2043 mox
1044 1991 1277 2044 ventus
1321 1990 1594 2067 pacatus
1644 1989 1740 2043 est
1785 1979 2100 2065 brevique
2140 1979 2225 2042 ad
2269 1978 2418 2043 litus
2465 1980 2834 2065 oppositum
2881 2000 3058 2064 appu-

598 2092 829 2157 lerunt.
918 2091 1199 2179 Appulsi
1270 2092 1730 2178 Capharnaum
1791 2102 2241 2178 perrexerunt.
2333 2090 2557 2156 Turba
2618 2114 2790 2177 quae
2853 2090 3058 2155 eodem

598 2202 744 2269 loco
794 2204 1025 2287 stabat,
1069 2228 1195 2291 quo
1243 2204 1538 2291 discipuli
1584 2207 1807 2269 navim
1855 2204 2394 2288 conscenderant,
2433 2207 2668 2268 montis
2708 2204 2794 2268 ad
2831 2203 3058 2268 radices

601 2327 666 2381 et
723 2326 1181 2403 pernoctarat3
1250 2328 1441 2381 utens
1506 2320 1783 2403 navigiis
1853 2340 2020 2403 quae
2081 2316 2431 2382 Tiberiade
2497 2328 2836 2401 venerant,
2901 2336 3057 2379 mare

598 2430 856 2493 traiecit
934 2439 1130 2515 atque
1208 2430 1433 2494 Jesum
1501 2432 1569 2493 in
1638 2452 1978 2516 synagoga
2052 2430 2651 2515 capharnaumitica
2715 2438 3058 2493 versantem

600 2544 924 2607 convenit.
1003 2541 1238 2629 Coepit
1282 2542 1405 2607 hac
1454 2544 1849 2607 occasione³
1892 2542 2086 2607 Jesus
2145 2564 2365 2607 coram
2413 2544 2506 2607 eis
2563 2540 2646 2606 de
2707 2538 3058 2627 quaerendo

598 2677 661 2740 ,p
679 2677 818 2720 ane
884 2654 1281 2721 coelesti‘⁴
1342 2655 1580 2719 dicere.
1657 2654 1751 2720 Ut
1809 2664 2027 2719 autem
2089 2655 2432 2719 audierunt
2491 2654 2852 2737 dicentem,
2906 2650 3061 2739 quod

600 2767 741 2851 ipse
804 2778 977 2832 esset
1036 2771 1226 2854 panis
1276 2770 1449 2833 vitae
1499 2768 1581 2832 de
1630 2767 1814 2833 coelo
1879 2768 2101 2852 datus3
2166 2767 2342 2855 quod
2400 2769 2522 2831 nisi
2581 2767 3064 2831 manducassent

604 2901 869 2943 carnem
932 2903 1114 2944 suam
1163 2891 1227 2945 et
1270 2880 1588 2945 bibissent
1632 2883 2046 2966 sanguinem,
2091 2904 2227 2945 non
2287 2891 2505 2944 essent
2560 2878 2842 2944 habituri
2885 2880 3060 2943 vitam

602 3000 967 3077 aeternam3
1016 3016 1163 3056 cum
1209 2993 1373 3057 haec
1427 2996 1690 3059 minime
1749 3004 2062 3081 caperent
2106 3016 2320 3079 neque
2376 3002 2880 3079 assequerentur
2927 2986 3064 3076 quid

810 3229 847 3295 ¹)
884 3229 1049 3279 Marc.
1076 3232 1133 3291 6,
1160 3232 1241 3281 48.
1289 3229 1330 3295 2)
1360 3231 1517 3281 Hanc
1553 3232 1700 3281 Petri
1734 3232 2048 3296 petitionem
2086 3229 2137 3280 S.
2167 3229 2221 3280 S.
2246 3230 2306 3279 P.
2343 3231 2401 3280 P.
2449 3230 2764 3279 adscribunt
2804 3228 2915 3277 eius
2939 3226 3062 3276 fidei.

600 3314 849 3365 Omnium
872 3318 1085 3366 nomine
1111 3316 1360 3367 audiatur
1384 3334 1425 3367 s.
1446 3318 1820 3382 Hieronymus,
1842 3332 2027 3367 comm.
2051 3317 2104 3365 in
2125 3316 2314 3365 Matth.
2337 3318 2418 3379 14,
2441 3318 2523 3366 28.
2567 3316 2660 3377 „In
2683 3316 2926 3365 omnibus
2949 3314 3064 3362 locis

599 3402 1002 3453 ardentissimae
1026 3404 1149 3453 fidei
1175 3406 1443 3455 invenitur
1468 3404 1678 3454 Petrus.
1703 3404 2050 3468 Interrogatis
2079 3402 2371 3468 discipulis,
2401 3418 2558 3467 quem
2581 3401 2823 3451 homines
2849 3401 3064 3450 dicerent

596 3486 809 3550 Jesum,
834 3490 940 3539 Dei
964 3489 1131 3539 filium
1158 3490 1454 3541 confitetur.
1492 3489 1774 3540 Volentem
1801 3490 1870 3539 ad
1893 3492 2197 3556 passionem
2223 3491 2299 3538 ire
2324 3488 2596 3554 prohibet3
2637 3494 2690 3539 et
2714 3488 2840 3538 licet
2867 3492 2998 3537 erret
3019 3488 3064 3533 in

598 3590 785 3639 sensu,
830 3581 1011 3626 tamen
1058 3593 1165 3626 non
1212 3582 1353 3627 errat
1398 3578 1450 3625 in
1498 3576 1720 3641 affectu3
1765 3577 1955 3626 nolens
2003 3592 2122 3625 eum
2166 3576 2324 3638 mori,
2369 3592 2526 3641 quem
2571 3574 2738 3624 filium
2775 3576 2875 3624 Dei
2919 3572 3063 3639 paulo

600 3665 723 3710 ante
759 3661 935 3712 fuerat
970 3663 1262 3714 confessus.
1321 3663 1385 3712 In
1420 3668 1651 3713 montem
1689 3679 1809 3712 cum
1848 3662 2128 3713 Salvatore
2165 3663 2302 3711 inter
2336 3663 2536 3727 primos
2577 3663 2780 3727 primus
2817 3659 3064 3710 ascendit:

599 3752 653 3797 et
696 3748 753 3795 in
797 3750 1047 3812 passione
1095 3750 1241 3799 solus
1286 3749 1548 3815 sequitur,
1585 3755 1866 3815 peccatum
1912 3750 2238 3813 negationis,
2287 3749 2431 3813 quod
2475 3753 2530 3797 et
2573 3750 2852 3813 repentino
2895 3749 3064 3795 timore

598 3833 961 3898 descenderat,
1000 3838 1193 3887 amaris
1231 3838 1408 3887 statim
1444 3836 1615 3886 abluit
1660 3835 1925 3901 lacrymis.
1981 3837 2114 3885 Post
2146 3838 2452 3901 passionem
2494 3850 2614 3885 cum
2652 3840 2835 3887 essent
2869 3836 2922 3883 in
2955 3832 3063 3881 lacu

598 3920 933 3972 Genezareth
959 3927 1014 3972 et
1035 3924 1385 3987 piscarentur,
1412 3929 1465 3973 et
1488 3924 1749 3972 Dominus
1785 3927 1952 3972 staret
1981 3924 2036 3971 in
2062 3920 2232 3983 litore,
2263 3921 2382 3971 aliis
2406 3921 2666 3987 paulatim
2691 3920 3064 3985 navigantibus,

594 4007 685 4057 ille
720 4000 831 4059 non
865 4010 1069 4073 patitur
1104 4024 1303 4071 moras,
1342 4009 1437 4059 sed
1482 4010 1754 4059 accinctus
1803 4009 2092 4073 ependyte,
2131 4010 2311 4059 statim
2355 4008 2742 4073 praecipitatur
2786 4009 2841 4057 in
2875 4006 3064 4055 fluctus.

594 4094 801 4145 Eodem
836 4096 997 4160 igitur
1032 4095 1156 4145 fidei
1204 4095 1394 4145 ardore
1437 4110 1542 4159 0110
1590 4110 1824 4160 semper,
1873 4110 2016 4145 nunc
2073 4110 2286 4160 01100110
2333 4096 2521 4144 ceteris
2567 4094 2871 4143 tacentibus
2917 4090 3066 4141 credit

596 4197 655 4231 se
689 4196 849 4245 posse
886 4182 1063 4232 facere
1104 4197 1201 4247 per
1235 4180 1565 4231 voluntatem
1602 4182 1860 4247 Mag-istri,
1901 4181 2044 4245 quod
2087 4181 2180 4231 ille
2223 4186 2436 4245 poterat
2469 4196 2568 4245 per
2607 4183 2900 4230 naturam-‘⁴
2963 4177 3066 4233 vn,

598 4269 714 4316 107.
742 4271 856 4319 108.
882 4269 1179 4335 Ecquidem
1214 4270 1271 4318 in
1294 4268 1475 4317 verbis
1508 4270 1768 4329 „Domine
1806 4270 1850 4317 si
1884 4272 1943 4319 tu
1975 4284 2031 4317 es
2067 4268 2244 4330 iube“,
2281 4267 2415 4317 fides
2451 4266 2864 4332 deprehenditur
2897 4272 3065 4330 poten-

594 4353 701 4403 tiae
740 4354 959 4417 Christi,
999 4372 1157 4421 quem
1192 4355 1307 4405 solo
1346 4360 1479 4406 nutu
1516 4370 1674 4420 posse
1711 4358 1934 4404 naturae
1971 4356 2234 4419 im1>erare
2271 4355 2460 4404 Petrus
2497 4354 2864 4416 existimabat3
2911 4354 2964 4401 in
2995 4352 3067 4399 his

598 4440 755 4499 „iube
790 4456 874 4489 1110
912 4441 982 4490 ad
1016 4447 1069 4491 te
1106 4443 1289 4491 venire
1326 4456 1487 4506 super
1522 4444 1723 4506 aquas“
1753 4442 1986 4491 cernitur
2023 4454 2194 4505 amor,
2233 4456 2340 4505 quo
2375 4442 2430 4489 in
2465 4442 2779 4505 magistrum
2815 4440 3070 4489 ferebatur

595 4525 906 4591 discipulus.
966 4524 1005 4593 ³)
1043 4528 1147 4576 Die
1182 4527 1396 4592 quidem
1434 4528 1658 4578 Sabbati
1695 4533 1750 4577 et
1782 4527 2040 4577 Paschae.
2083 4528 2148 4577 V.
2173 4527 2472 4592 Prolegom.
2533 4526 2574 4591 ⁴)
2611 4527 2676 4577 In
2711 4526 3068 4576 Eucharistiae

594 4617 945 4675 sacramento,
985 4614 1127 4677 quod
1163 4620 1287 4679 post
1322 4630 1485 4664 unum
1522 4629 1720 4663 annum
1757 4619 1874 4675 erat
1908 4616 2261 4667 instituturus.
