3267 5259
1040 451 1323 496 chronotaxis
1350 450 1616 506 Apostolies.
2375 436 2580 489 XCVII

154 634 370 691 Ceterum
396 632 706 711 Dionysius
740 631 1127 695 Corinthius¹
1160 639 1335 711 atque
1366 634 1632 691 Gelasius
1663 634 1826 708 Papa
1854 634 1924 690 de
1954 654 1998 689 s.
2033 633 2214 690 Paulo
2245 632 2580 691 affirmant:

156 760 261 809 ,non
284 740 485 796 diverso
512 740 689 797 sicuti
720 739 1007 797 haeretici
1036 740 1327 813 garriunt,
1360 739 1459 796 sed
1490 757 1607 796 uno
1640 744 1923 814 tempore,
1973 757 2091 795 uno
2122 738 2434 816 eodemque
2465 738 2577 809 die,

154 844 349 917 gloriosa
384 846 557 901 morte
600 862 741 901 cum
786 843 963 901 Petro
1006 844 1071 901 in
1117 844 1261 901 urbe
1306 842 1511 914 Roma,
1560 844 1670 900 sub
1717 842 1958 899 Caesare
1989 842 2224 899 Nerone
2269 840 2583 915 agonizans

156 952 401 1005 coronatus
427 952 509 1005 est
523 944 589 1005 ².‘

318 1056 402 1110 57.
446 1053 803 1123 Bisque-itur
833 1056 901 1109 de
925 1060 1176 1124 tempore,
1210 1071 1319 1123 quo
1352 1052 1589 1123 scn‘ptae
1620 1058 1748 1107 sunt
1780 1051 2040 1121 epistolae
2072 1071 2115 1110 s.
2137 1071 2182 1109 s.
2211 1053 2384 1121 Petri,
2415 1054 2588 1107 Pauli

158 1158 213 1209 ad
234 1157 519 1212 Timotheum
532 1158 841 1228 posterior,
860 1158 1064 1228 Judae,
1084 1158 1322 1213 Joamu‘s
1337 1164 1501 1227 atque
1516 1156 1894 1227 Apocalypsis.
1930 1155 2201 1213 stabilito
2219 1157 2419 1235 itaque
2437 1160 2583 1214 tem-

158 1280 257 1334 pore
274 1262 523 1338 martyrii
538 1261 843 1337 Principis
862 1262 1289 1337 Apostolorum,
1316 1262 1435 1319 iam
1454 1260 1844 1339 inquiramus,
1873 1262 2104 1337 quaudo
2129 1261 2374 1336 epistola
2392 1263 2586 1336 prima

156 1385 189 1421 ε.
214 1365 341 1423 Petri
369 1372 605 1425 exarata
634 1365 861 1423 fuerit?
912 1366 1045 1424 Hac
1073 1364 1139 1423 iu
1168 1386 1232 1423 re
1261 1364 1381 1423 solo
1410 1366 1534 1421 fere
1564 1368 1908 1439 argumento
1939 1364 2173 1424 interno
2205 1364 2580 1424 adiuvamur.

160 1469 336 1527 Indoloe
373 1470 681 1529 literarum
710 1471 936 1542 suadet,
982 1474 1055 1528 ut
1082 1490 1177 1528 eas
1207 1474 1337 1545 post
1364 1468 1543 1527 finem
1575 1490 1628 1527 a.
1667 1473 1788 1541 64„
1838 1489 1953 1547 quo
1983 1472 2305 1545 persecutio
2336 1470 2588 1528 Neronis

156 1580 252 1631 orta
274 1580 359 1644 est,
386 1574 630 1651 scriptas
662 1594 783 1632 esse
812 1594 1147 1633 censeamus
1165 1571 1207 1632 3.
1263 1574 1516 1649 Reperto
1547 1577 1745 1632 autem
1777 1574 1990 1650 prioris
2019 1575 2296 1650 epistolae
2328 1580 2586 1650 tempore

156 1679 291 1734 etiam
310 1681 573 1738 secundae
596 1684 867 1756 apparet,
900 1699 977 1737 sc.
1004 1682 1257 1737 exeunte
1280 1700 1334 1737 a.
1364 1682 1465 1737 66.
1492 1682 1794 1737 exaratam
1818 1678 2015 1736 fuisse.
2065 1678 2232 1740 Quod
2257 1681 2492 1737 tandem
2515 1680 2588 1737 ad

156 1783 397 1856 epistolam
424 1784 675 1843 alteram
706 1804 752 1842 s.
770 1784 944 1842 Pauli
974 1784 1047 1842 ad
1076 1782 1448 1841 Timotheum
1472 1784 1705 1854 attinet,
1739 1784 1896 1840 haud
1921 1784 2220 1861 ecquidem
2243 1788 2588 1842 cunctamur

157 1886 328 1943 dicere:
354 1888 540 1946 datam
570 1909 698 1947 esse
737 1908 856 1947 non
886 1888 1075 1947 multo
1104 1893 1241 1947 ante
1272 1890 1630 1965 martyrium
1665 1888 1928 1962 Apostoli
1961 1909 2013 1946 a.
2051 1894 2150 1947 66.
2184 1909 2302 1947 aer.
2327 1909 2386 1948 v.
2421 1888 2590 1946 Certe

156 1989 235 2047 hac
269 1992 467 2050 ratione
506 1993 619 2051 illa
664 1997 956 2052 commata
999 1994 1175 2051 huius
1220 1992 1514 2069 epistolae,
1568 1993 1635 2050 in
1678 1993 1891 2071 quibus
1931 2012 1991 2049 se
2031 1994 2371 2067 proximum
2413 1992 2588 2051 morti

158 2095 403 2167 significat,
436 2100 660 2193 optime
690 2096 1119 2171 intelliguntur
1138 2095 1179 2154 4.
1231 2098 1371 2155 Post
1402 2100 1754 2175 martyrium
1788 2118 1832 2155 s.
1855 2118 1901 2154 s.
1923 2097 2086 2155 Petri
2120 2102 2180 2155 et
2207 2098 2398 2169 Pauli,
2433 2098 2595 2155 inter

153 2353 185 2400 si
214 2354 449 2422 Principes
492 2356 881 2423 Apostolorum
928 2358 1071 2423 passi
1114 2362 1241 2408 sunt
1276 2360 1357 2407 29.
1397 2358 1545 2408 Junii
1583 2373 1634 2408 a.
1672 2360 1754 2407 67.
1793 2372 1900 2407 aer.
1939 2358 2082 2423 vulg.
2137 2358 2271 2407 Erat
2308 2358 2448 2407 enim
2498 2357 2594 2407 ille

152 2438 329 2491 Neronis
372 2458 535 2495 annus
584 2446 799 2510 imperii
849 2444 1019 2503 XIIL,
1067 2446 1111 2494 si
1160 2450 1417 2510 putantur
1464 2445 1590 2495 anui
1634 2459 1668 2493 a
1711 2446 1757 2493 3.
1797 2443 1865 2493 id.
1907 2444 2024 2493 Oct.
2062 2459 2110 2493 a.
2149 2446 2232 2493 54.
2283 2460 2390 2493 aer.
2428 2444 2590 2509 vulg„

152 2528 321 2589 quando
353 2530 485 2581 Nero
522 2546 755 2596 reguum
792 2531 949 2594 adiit3
986 2532 1032 2581 si
1056 2536 1232 2580 autem
1258 2547 1405 2581 more
1438 2530 1684 2597 populari
1720 2536 2066 2580 numerantur
2089 2546 2154 2581 ex
2179 2531 2310 2596 ipsis
2335 2530 2593 2579 Kalendis

150 2612 363 2677 διειπετῆ,
396 2619 599 2681 primns
649 2631 827 2668 annus
863 2618 1068 2682 imperii
1104 2617 1280 2667 fuerat
1324 2631 1359 2666 a
1399 2619 1484 2667 54.
1530 2632 1636 2667 aer.
1677 2616 1834 2681 vulg„
1875 2616 2010 2667 alter
2045 2618 2128 2668 55.
2168 2633 2215 2667 e.
2255 2632 2379 2679 aer„
2431 2622 2592 2682 atque

152 2699 209 2747 zie
230 2701 345 2751 XIV.
367 2702 593 2753 habetur
632 2706 717 2754 57.
744 2718 853 2753 aer.
878 2703 1021 2769 vulg.
1060 2704 1192 2753 Cum
1229 2706 1413 2769 itaque
1438 2705 1577 2753 Nero
1604 2720 1786 2754 mense
1811 2704 1976 2754 Junio
2005 2719 2054 2754 a.
2081 2706 2164 2754 68.
2203 2704 2304 2753 sibi
2329 2703 2594 2753 violentas

154 2800 297 2837 manns
330 2790 571 2853 intulerit,
612 2806 658 2840 s.
684 2804 727 2839 s.
755 2791 947 2840 Petrus
984 2794 1039 2839 et
1072 2789 1280 2840 Paulus
1316 2792 1401 2841 29.
1437 2790 1586 2839 Juuii
1624 2805 1674 2839 a.
1701 2792 1784 2840 67.
1823 2796 1968 2841 recte
2005 2791 2253 2841 dicuntur
2287 2792 2595 2855 martyrium

154 2886 517 2941 consummasse3
554 2878 691 2944 quia
714 2877 857 2927 Nero
895 2878 1007 2926 vita
1042 2878 1269 2927 excessit
1304 2892 1446 2926 anno
1485 2876 1721 2927 noudum
1763 2878 2045 2943 complete,
2082 2893 2148 2927 ex
2186 2894 2290 2943 quo
2317 2868 2594 2943 Principes

152 2960 471 3023 Apostolorum
506 2970 753 3015 extremo
791 2962 1057 3029 supplicio
1094 2962 1287 3013 affecit.

318 3066 353 3131 ¹)
385 3068 541 3134 Apud
576 3067 881 3119 Eusebium
918 3066 989 3117 H.
1013 3068 1079 3117 E.
1114 3067 1183 3130 H,
1218 3068 1300 3117 25.
1338 3084 1391 3133 p.
1418 3070 1500 3119 68.
1540 3061 1699 3130 „satit
1731 3062 1813 3118 τὸν
1851 3062 1992 3117 αὐτὸν
2029 3064 2246 3135 καιρόν.“
2293 3068 2598 3119 Notandum

154 3156 213 3199 est
232 3154 569 3219 Dionysium†
586 3156 727 3215 180„
752 3154 895 3204 haud
918 3154 1008 3203 diu
1028 3158 1149 3219 post
1167 3154 1541 3219 Apostolorum
1573 3159 1793 3205 mortem
1821 3154 2094 3206 claruisse.
2133 3155 2174 3221 2)
2194 3156 2258 3205 In
2283 3155 2599 3206 collectione

155 3236 367 3290 Harduini
390 3242 457 3303 11,
476 3244 603 3293 938.
654 3241 697 3306 ³)
726 3240 863 3291 coll.
881 3240 923 3289 Ι.
942 3242 1056 3289 Pet.
1074 3245 1119 3303 1,
1136 3242 1184 3291 6.
1202 3242 1249 3291 7.
1274 3244 1324 3303 2,
1343 3244 1423 3290 12.
1440 3244 1521 3291 13.
1547 3242 1696 3303 3716.
1722 3244 1771 3304 4,
1786 3244 1834 3291 4.
1849 3257 1892 3291 s.
1917 3244 1996 3291 14.
2018 3244 2066 3303 ὃ,
2090 3244 2138 3291 9.
2162 3245 2243 3292 10.
2269 3247 2410 3293 totus
2437 3242 2597 3291 cardo

154 3321 563 3379 ‹lemensmtionis
600 3330 661 3377 in
698 3344 765 3377 eo
800 3332 1059 3389 versatur,
1099 3332 1159 3377 ut
1190 3328 1353 3377 variis
1386 3327 1794 3379 adversitatibus
1831 3334 2052 3379 vexatos
2079 3328 2274 3379 Christi
2310 3326 2492 3378 fideles
2530 3327 2598 3378 ad

156 3412 411 3471 pntientism
447 3414 701 3479 exemplo
740 3412 1033 3464 Salvatoris
1072 3413 1391 3464 cohortetur.
1432 3414 1567 3464 Coll.
1595 3417 1646 3477 2,
1683 3417 1766 3464 21.
1821 3416 1864 3480 ⁴)
1901 3414 2143 3464 Sentient
2175 3414 2402 3465 lectores
2439 3415 2600 3479 longe

152 3494 271 3547 aliter
284 3500 517 3551 affectum
537 3502 710 3551 fuisse
728 3500 1063 3566 Apostolum,
1090 3516 1207 3550 cum
1226 3500 1367 3551 hanc
1387 3502 1660 3563 scriberet,
1685 3516 1846 3567 quam
1866 3503 1922 3551 in
1942 3502 2162 3567 reliquis
2182 3502 2434 3567 epistolis,
2463 3517 2598 3567 quas

154 3583 369 3644 pendente
402 3590 579 3653 prima
615 3588 929 3653 captivitate
968 3588 1194 3653 scripsit.
1256 3587 1453 3637 Fervet
1486 3588 1543 3637 in
1579 3587 1686 3638 illis
1725 3604 1938 3654 quoque
1975 3593 2178 3653 pectus,
2222 3604 2425 3639 summo
2463 3588 2597 3638 desi-

154 3666 265 3719 derio
284 3672 460 3739 flagrat
482 3674 723 3725 Paulus:
762 3678 829 3723 ut
864 3674 950 3724 sit
987 3690 1125 3724 cum
1163 3672 1457 3739 Christ03
1498 3690 1705 3740 semper
1731 3680 1908 3725 tamen
1933 3674 2082 3725 addit
2106 3691 2238 3740 opus
2277 3691 2394 3725 esse
2418 3676 2596 3725 Evan-

156 3756 251 3814 gelli
280 3775 432 3811 esusa
466 3762 717 3827 longiore
754 3762 881 3821 vita,
919 3776 1095 3826 neque
1132 3760 1364 3822 dubitat,
1412 3762 1541 3826 quin
1586 3776 1706 3811 eam
1749 3762 2036 3826 largiturus
2073 3762 2142 3811 sit
2176 3762 2342 3811 Deus.
2403 3763 2599 3812 Divino

157 3840 255 3891 forte
286 3848 477 3898 monitu
512 3854 745 3898 noverat
766 3849 875 3896 iam
904 3863 1046 3897 nunc
1068 3847 1375 3912 Apostolus,
1415 3848 1557 3913 quod
1584 3848 1684 3898 sub
1709 3848 1920 3897 Nerone
1958 3849 2062 3897 iam
2099 3848 2335 3897 futurum
2372 3854 2502 3910 erat,
2540 3852 2602 3897 ut

156 3935 455 3987 ooeumberet.
504 3936 582 3985 11.
621 3938 671 3997 4,
708 3936 759 3985 6.
798 3951 839 3985 s.
900 3933 1037 3984 Sunt
1084 3940 1139 3984 et
1185 3933 1295 3984 alia.
1341 3932 1485 3984 haud
1534 3950 1712 4000 pauca
1754 3951 1891 4000 quae
1941 3934 2124 3999 primis
2162 3935 2390 3985 vinculis
2427 3935 2598 4000 aptari

158 4016 269 4067 nullo
288 4022 434 4073 modo
458 4028 710 4089 possunt.
760 4021 848 4070 lta
871 4037 917 4073 e.
944 4037 991 4070 c.
1016 4022 1065 4083 4,
1092 4022 1140 4071 9.
1190 4020 1525 4071 Timotheum
1563 4022 1839 4071 certiorem
1878 4020 2010 4071 facit
2031 4020 2336 4087 Apostolus,
2375 4021 2599 4070 Demam

156 4107 315 4155 saeculi
346 4112 565 4175 negotia
600 4112 847 4159 secutum
884 4123 941 4156 se
981 4108 1309 4171 deseruisse3
1358 4109 1447 4173 qui
1485 4112 1665 4158 tamen
1701 4108 1902 4158 Romae
1941 4108 2124 4157 aderat
2161 4124 2283 4157 eum
2320 4108 2388 4157 ad
2423 4106 2598 4157 Phile-

158 4204 319 4243 monem
352 4212 401 4245 V.
427 4200 513 4245 24.
553 4196 831 4245 scriberet.
880 4194 1175 4259 Tychicum
1210 4196 1260 4257 4,
1292 4196 1369 4243 12.
1419 4194 1692 4259 Ephesum
1729 4196 1886 4257 misit,
1923 4194 2066 4244 hunc
2092 4200 2270 4244 autem
2305 4196 2404 4245 sub
2443 4193 2598 4243 finem

158 4280 303 4339 prioris
324 4284 649 4349 captivitatis
674 4282 929 4343 adfuisse,
958 4286 1011 4330 et
1034 4286 1161 4331 tunc
1188 4280 1397 4331 demum
1434 4282 1489 4330 in
1514 4281 1698 4331 Asiam
1731 4283 1988 4331 minorem
2013 4282 2246 4343 missum,
2273 4280 2395 4331 coll.
2424 4298 2504 4346 ep.
2531 4278 2600 4331 ad

158 4360 311 4427 Ephes.
334 4372 381 4430 6,
406 4372 491 4419 21.
518 4372 603 4419 22.
642 4369 852 4419 Coloss.
879 4371 929 4431 4,
956 4371 1003 4418 7.
1028 4371 1077 4419 8.
1104 4374 1267 4434 patet.
1316 4369 1541 4419 Erastus
1578 4368 1819 4419 Corinthi
1855 4369 2110 4419 remansit
2143 4370 2192 4430 4,
2221 4370 2322 4429 20„
2360 4373 2446 4419 ast
2481 4384 2601 4418 cum

156 4452 287 4511 prima
316 4457 430 4507 vice
470 4458 699 4507 Romam
742 4460 969 4521 peteret,
1020 4455 1333 4506 Corinthum
1376 4470 1485 4507 non
1535 4460 1617 4506 est
1671 4454 1898 4506 delatus.
1957 4454 2188 4505 Maxime
2231 4462 2407 4505 autern
2442 4458 2499 4506 in
2537 4473 2600 4507 eo

154 4534 361 4591 lsborant
390 4544 727 4609 interpretes,
766 4542 1071 4608 quicunque
1094 4556 1153 4591 se
1180 4541 1335 4591 alteri
1366 4542 1603 4607 opinioni
1639 4542 1971 4604 addixerunt,
2011 4542 2152 4608 quod
2179 4541 2323 4593 dicat
2345 4542 2414 4592 ΙΙ.
2441 4544 2490 4605 4,
2517 4546 2600 4593 20.

154 4620 193 4673 b.
222 4627 514 4692 Apostolust
556 4645 611 4681 se
636 4629 983 4695 Trophimum
1020 4634 1293 4694 aegrotum
1330 4628 1498 4679 Mileti
1536 4630 1830 4695 reliquisse.
1892 4629 2102 4679 Addere
2137 4629 2264 4679 lieet
2295 4630 2344 4691 4,
2382 4631 2464 4679 16.
2492 4630 2600 4693 1⁷.;

234 4718 395 4763 Dsnko
412 4753 425 4769 ,
454 4722 572 4764 nist.
598 4722 903 4766 Revelstiouis
928 4722 1118 4764 divinae.
1146 4720 1203 4762 11.
2259 4732 2294 4781 g
