3267 5259
1180 471 1381 513 Christus
1408 470 1595 523 patiens.
2500 457 2620 523 137

194 644 261 709 ad
293 648 669 731 interrogata
714 668 835 710 sua
878 647 1140 710 omnino
1171 644 1451 710 referret
1477 643 1747 727 nullum,
1793 666 1927 709 non
1956 652 2208 709 tantum
2239 654 2624 730 aspernatus

194 768 271 821 est
306 756 635 841 Christum,
682 756 803 822 sed
849 779 999 821 eum
1042 779 1162 843 pro
1207 756 1363 823 ludo
1408 758 1678 843 insuper
1719 755 1948 822 habuit
1989 756 2288 841 iocoque,
2345 756 2626 823 candida

192 870 287 955 ipsi
330 870 555 933 iniecta
597 878 785 934 veste
810 871 851 933 ¹.
930 868 1296 934 Occasione
1342 867 1466 933 hac
1511 870 1577 931 in
1628 870 1904 953 gratiam
1948 867 2282 932 redierunt
2322 867 2625 934 Herodes

194 992 349 1065 atque
390 979 630 1045 Pilatus
644 984 689 1045 2.

358 1091 479 1156 Ubi
522 1091 775 1157 Pilatus
832 1102 1059 1158 contra
1112 1115 1295 1157 suam
1349 1094 1908 1179 exspectationem
1953 1092 1996 1159 J
2000 1116 2181 1157 esum
2225 1093 2310 1157 ab
2356 1092 2624 1159 Herode

190 1226 503 1289 reversum,
570 1227 701 1270 nec
750 1203 1129 1269 damnatum
1186 1214 1511 1289 cerneret,
1579 1207 1792 1291 ipsum
1861 1207 2038 1270 omni
2097 1204 2366 1269 meliore
2425 1204 2624 1271 modo

190 1316 419 1381 liberare
480 1316 951 1400 meditabatur-3
1011 1316 1319 1403 ideoque,
1364 1340 1447 1381 ne
1510 1319 1895 1403 sanguinem
1957 1317 2293 1383 effundere
2356 1326 2629 1402 cogatur

190 1428 584 1513 innocentem,
634 1430 896 1495 turbam
961 1432 1429 1516 promiscuam,
1484 1452 1840 1515 omnesque
1902 1432 2290 1495 convincere
2337 1428 2420 1494 de
2466 1430 2510 1495 J
2512 1452 2628 1493 esu

188 1542 511 1606 innocentia
559 1546 894 1607 conaturss.
950 1542 1369 1609 Procuratori
1396 1542 1989 1629 Hierosolymitano
2022 1544 2460 1608 innocentiam
2491 1542 2626 1607 Do-

188 1654 307 1717 mini
366 1654 567 1741 probe
642 1657 1045 1740 agnoscenti,
1094 1654 1325 1719 durum
1368 1654 1720 1721 videbatur
1763 1654 2124 1719 secundum
2167 1655 2390 1740 iniqua
2437 1676 2626 1719 accu-

189 1777 425 1831 satorum
457 1770 671 1854 petita
706 1768 888 1832 illum
924 1770 1151 1855 capitis
1198 1768 1514 1854 supplicio
1562 1768 1852 1833 afficere.
1897 1767 2183 1833 Nolebat
2225 1778 2447 1833 tamen
2491 1789 2626 1832 cre-

188 1876 291 1941 dita
326 1878 438 1944 sibi
478 1889 812 1966 potestate
858 1882 1277 1945 innocentem
1325 1879 1697 1963 absolvere3
1754 1902 1836 1944 ne
1881 1881 2043 1944 iram
2090 1880 2134 1945 J
2136 1880 2494 1946 udaeorum
2542 1879 2627 1944 ad

188 1989 520 2056 seditionem
566 2015 1053 2079 propensorum
1096 1996 1163 2058 in
1209 2016 1279 2058 se
1328 1995 1706 2059 concitaret.
1751 1992 1948 2057 Unde
1995 1992 2078 2057 de
2126 1992 2264 2057 aliis
2310 1991 2626 2056 delibera-

186 2098 273 2165 bat
308 2105 543 2189 mediis,
596 2104 835 2191 quibus
881 2106 1111 2171 Jesum
1156 2129 1288 2171 11011
1332 2106 1753 2171 dissentiente
1783 2104 2030 2191 populo
2062 2105 2318 2169 iudaice
2349 2103 2628 2169 liberare

186 2225 379 2297 posset.
436 2217 625 2281 Inter
682 2216 809 2281 alia
863 2220 923 2282 ei
976 2219 1045 2282 in
1098 2227 1385 2283 mentem
1448 2217 1756 2282 veniebat
1814 2216 2215 2282 consuetudo
2265 2215 2628 2281 dimittendi

186 2324 415 2411 aliquem
460 2330 802 2415 captivum
847 2329 1016 2395 festo
1064 2329 1357 2395 Paschae
1373 2334 1416 2394 ⁴.
1481 2329 1779 2415 Cumque
1825 2338 1982 2393 tunc
2025 2330 2093 2392 in
2135 2327 2412 2393 vinculis
2457 2336 2631 2392 esset

354 2626 387 2689 ¹)
434 2626 711 2678 Christum
742 2629 821 2677 616
858 2627 1137 2678 declarans
1175 2633 1431 2694 tanquam
1456 2628 1798 2679 candidatum
1833 2629 1998 2693 regni,
2025 2628 2288 2691 allusione
2327 2629 2396 2677 ad
2433 2628 2626 2678 Roma-

180 2724 329 2761 norum
350 2728 559 2764 morem.
590 2714 636 2778 2)
676 2714 812 2764 Cum
837 2714 1043 2765 Pilatus
1078 2714 1336 2765 iudicium
1373 2714 1438 2764 de
1476 2716 1688 2765 homine
1714 2714 1976 2777 Galilaeo,
2015 2716 2260 2764 nimirum
2285 2714 2429 2781 quod
2453 2730 2631 2780 regem

184 2810 227 2843 se
254 2799 545 2864 venditaret,
581 2801 734 2866 quod
764 2800 970 2851 Herodi
1013 2814 1185 2867 aeque
1220 2815 1285 2852 ac
1324 2802 1543 2852 Caesari
1579 2802 1982 2865 adversabatur,
2019 2802 2098 2851 illi
2135 2802 2386 2867 permisit,
2415 2802 2632 2852 sublata

182 2884 419 2937 simultatis
456 2902 631 2939 causa
666 2892 763 2938 est.
802 2888 1047 2938 Herodes
1084 2890 1224 2938 enim
1260 2888 1472 2939 videtur
1508 2888 1694 2939 tulisse
1732 2888 2016 2939 admodum
2045 2888 2278 2954 indigne,
2318 2888 2462 2954 quod
2486 2887 2630 2938 Pila-

183 2974 247 3017 tus
270 2976 503 3025 saevierit
524 2976 585 3025 in
614 2974 908 3036 Galilaeos,
946 2975 1275 3026 obtruncans
1298 2976 1421 3026 illos
1448 2990 1511 3024 eo
1536 2975 1655 3041 11160
1681 2980 1934 3042 tempore,
1961 2990 2067 3042 quo
2092 2975 2210 3025 Deo
2237 2974 2630 3026 sacrificabant.

183 3054 327 3107 Lucae
352 3063 429 3123 13,
458 3066 505 3111 1.
568 3062 615 3125 ³)
666 3062 905 3111 Noverat
941 3061 1147 3112 Pilatus
1192 3062 1383 3127 partim
1432 3078 1496 3111 ex
1542 3061 1710 3125 fama,
1755 3064 1947 3127 partim
1983 3078 2049 3112 ex
2085 3063 2327 3112 instituto
2367 3063 2625 3125 examine,

182 3142 325 3193 odium
356 3160 571 3199 causam
612 3163 750 3210 6666,
787 3148 856 3197 ob
896 3162 1056 3214 quam
1093 3147 1362 3199 Christum
1397 3148 1745 3199 tradiderant.
1781 3148 2102 3211 Accedebat,
2142 3148 2287 3213 quod
2310 3148 2472 3199 Pilati
2498 3164 2632 3199 uxor

181 3230 532 3297 significaverit,
572 3250 635 3284 66
672 3249 737 3283 ex
774 3236 980 3284 somnio
1019 3235 1121 3284 sibi
1158 3234 1341 3285 oblato
1377 3238 1593 3300 propter
1628 3235 1816 3285 Jesum
1851 3248 2065 3300 passam
2099 3250 2218 3285 esse
2243 3240 2472 3285 terrores
2497 3234 2629 3285 mul-

181 3322 243 3363 tos
283 3332 635 3386 auguresque,
692 3335 857 3386 quare
902 3322 1093 3371 marito
1142 3320 1360 3384 suadet,
1416 3336 1485 3370 ne
1534 3336 1591 3371 66
1635 3321 1874 3387 implicet
1919 3322 2080 3371 rebus
2127 3321 2518 3387 pertinentibus
2561 3321 2631 3371 ad

178 3398 343 3453 Jesum.
390 3404 469 3455 Cf.
497 3408 559 3456 P.
590 3405 657 3456 G.
684 3406 993 3468 Mosebach‚
1033 3406 1099 3456 de
1136 3406 1437 3457 Servatoris
1473 3408 1644 3457 nostri
1681 3423 1744 3456 ex
1782 3407 2023 3472 coniugis
2062 3407 2222 3457 Pilati
2258 3408 2435 3457 evicta
2475 3408 2630 3457 inno-

181 3491 335 3539 centia.
371 3490 509 3544 6166.
554 3494 709 3543 176Ἷ.
758 3492 921 3543 Pilati
967 3508 1188 3543 uxorem
1225 3494 1369 3559 quod
1405 3495 1611 3556 attinet,
1651 3507 1810 3558 quam
1834 3494 2056 3544 Veteres
2091 3494 2395 3544 Proclam
2431 3493 2630 3555 dixere,

181 3590 289 3637 quae
306 3576 469 3643 fuerit,
496 3596 723 3645 prorsus
758 3579 1082 3644 ignoramus.
1112 3578 1191 3629 Cf.
1205 3580 1269 3629 R.
1304 3579 1593 3642 Hofmann,
1615 3579 1664 3627 d.
1691 3579 1879 3629 Leben
1901 3580 2037 3630 Jesu
2061 3596 2114 3629 11.
2143 3578 2192 3630 d.
2219 3580 2419 3645 Apokr.
2432 3598 2484 3645 p.
2510 3582 2629 3631 340.

180 3660 367 3720 Quidam
389 3670 587 3731 putant
623 3664 921 3717 Salvator-is
958 3666 1027 3716 ad
1064 3666 1401 3731 disciplinam
1436 3665 1748 3731 perductam
1783 3666 1976 3730 fuisse;
2015 3681 2125 3731 qua
2141 3666 2208 3717 de
2247 3683 2304 3717 re
2341 3668 2418 3717 sic
2445 3666 2632 3732 Orige-

180 3762 265 3809 nes,
282 3750 331 3799 in
352 3752 685 3803 Matthaeum
724 3768 911 3803 60111111.
932 3768 1033 3803 ser.
1059 3768 1112 3802 n.
1140 3754 1257 3803 122.
1286 3753 1507 3814 „Utrum
1534 3758 1712 3802 autem
1738 3756 1792 3802 et
1813 3753 2020 3802 initium
2044 3752 2243 3804 habeat
2267 3755 2631 3805 conversionis

180 3834 231 3881 δᾶ
260 3836 417 3888 1)611111
450 3856 517 3890 ex
546 3856 631 3901 eo,
690 3838 834 3905 quod
878 3839 1049 3889 multa
1092 3844 1309 3905 propter
1340 3839 1528 3889 Jesum
1563 3839 1742 3888 fixerat
1775 3852 1938 3904 passa
1967 3854 2062 3905 per
2097 3840 2286 3901 visum,
2317 3840 2468 3891 Deus
2505 3840 2630 3890 scit:

180 3925 323 3972 tamen
364 3928 672 3977 continetur
720 3927 880 3975 etiam
925 3925 1027 3975 hoc
1061 3926 1119 3975 in
1164 3926 1439 3991 scripturis
1486 3924 1802 3989 quibusdam
1847 3940 1958 3975 non
2003 3925 2280 3990 publicis.“
2329 3927 2394 3987 V,
2429 3927 2512 3975 36.
2545 3927 2628 3975 37.

180 4004 363 4060 Videtur
416 4012 683 4078 Origenes
740 4013 1037 4077 respexisse
1089 4011 1159 4061 ad
1196 4026 1281 4075 ea,
1335 4026 1475 4077 quae
1520 4010 1787 4061 habentur
1833 4012 1888 4061 in
1936 4012 2144 4077 Evang.
2195 4010 2470 4061 Nicodemi
2507 4026 2552 4061 c.
2581 4014 2628 4061 2.

181 4094 293 4154 apud
310 4096 358 4145 J.
372 4098 428 4148 C.
446 4099 626 4162 Thilo,
653 4098 772 4149 cod.
794 4112 974 4164 apocr.
1000 4099 1065 4148 N.
1084 4098 1147 4149 Τ.
1168 4114 1220 4163 p.
1242 4098 1359 4149 620.
1385 4098 1752 4161 Tischendorf‚
1772 4098 1872 4147 Ev.
1893 4112 2073 4160 apocr.
2099 4114 2151 4163 p.
2166 4100 2284 4147 213.
2309 4098 2371 4148 V.
2389 4099 2454 4146 ei.
2468 4097 2630 4147 Pilati

182 4192 213 4224 t·
234 4178 283 4229 C.
304 4183 403 4234 iud.
432 4202 483 4251 q.
510 4186 547 4235 1.
576 4200 627 4236 a.
654 4200 721 4235 ex
746 4186 883 4237 actis
908 4184 1009 4234 Pil.
1046 4185 1195 4251 Lips.
1224 4185 1375 4235 1855.
1413 4200 1464 4249 p.
1493 4186 1573 4234 16.
1600 4199 1644 4234 s.
1681 4184 1724 4248 ⁴)
1763 4185 2051 4245 Quaeritur
2075 4189 2252 4234 utrum
2277 4182 2627 4245 consuetudo,

182 4269 407 4329 captivum
443 4272 701 4338 aliquem,
741 4286 1129 4337 quemcumque
1165 4269 1400 4337 populus
1435 4269 1625 4333 vellet,
1665 4270 1987 4333 dimittendi,
2025 4270 2080 4319 in
2116 4269 2386 4335 paschatis
2422 4269 2630 4319 solenni

182 4348 425 4408 festivitate
460 4374 499 4407 a
532 4358 791 4408 Romanis
826 4359 1139 4420 manaverit,
1178 4372 1249 4407 an
1286 4372 1319 4407 a
1353 4357 1612 4407 Judaeis‘?
1663 4358 1712 4405 E
1749 4356 1927 4405 verbis
1971 4356 2133 4406 Pilati
2169 4356 2366 4405 Joann.
2407 4358 2489 4420 18,
2527 4358 2628 4419 39„

183 4434 293 4489 fteili
323 4446 535 4509 negotio
571 4444 815 4505 infertur,
852 4444 996 4493 hunc
1030 4460 1230 4494 morem
1267 4458 1301 4493 a
1333 4443 1559 4494 Judaeis
1594 4444 1728 4508 ipsis
1766 4448 1954 4505 ortum,
1991 4458 2101 4491 non
2139 4456 2172 4492 a
2205 4442 2460 4494 Romanis
2494 4458 2628 4493 esse.

184 4518 359 4577 Scilicet
390 4530 492 4580 fuit
524 4530 611 4581 hic
648 4532 785 4580 ritus
822 4546 889 4579 ex
926 4530 1111 4580 ordine
1149 4545 1357 4593 eorum,
1413 4546 1572 4596 quem
1620 4544 1742 4579 cum
1787 4530 1978 4579 ceteris
2025 4530 2278 4578 connexis
2329 4530 2627 4593 exercendi,

180 4608 353 4669 Plenam
384 4615 585 4667 «Iudaei
621 4617 929 4667 habuerunt
964 4620 1295 4681 potestatem.
1360 4616 1495 4667 Cum
1540 4617 1680 4666 inter
1726 4615 2007 4680 paschales
2056 4614 2415 4665 numerandus
2453 4616 2628 4677 suerit,
