3267 5259
622 440 747 503 192
1374 452 1565 495 Dedecus
1592 452 1964 503 msquieitiouum
1989 454 2328 504 theologicarum
2343 482 2356 495 .

618 650 675 705 p.
710 635 847 688 148.
886 631 1271 701 Marchinius,
1306 633 1377 689 de
1408 633 1528 691 div.
1553 632 1611 689 S.
1638 631 1696 690 S.
1723 631 1971 690 Biblior.
2005 633 2094 689 ed.
2125 634 2315 707 Mign.
2347 652 2406 709 p.
2448 638 2593 691 102.
2644 634 2936 705 Ueserim,
2965 634 3082 691 dis.

620 736 689 792 de
734 734 989 792 Cainane
1033 735 1387 811 Arphaxadi
1429 735 1553 793 filio
1597 736 1837 813 eiusque
1881 737 2238 811 temporibus
2255 782 2270 807 ,
2318 738 2590 795 subnexa
2633 740 2998 815 syntagmati
3035 738 3090 794 de

618 858 826 913 graeca
847 838 1049 897 LXX.
1083 841 1478 915 interpretum
1506 843 1794 899 versione.
1819 841 2005 898 Lond.
2044 845 2228 898 1655.
2261 861 2320 916 p.
2360 849 2385 899 1
2405 847 2502 899 77.
2535 863 2581 899 s.
2616 842 2914 913 Buddeus,
2947 842 3022 899 H.
3043 842 3097 898 E.

618 943 691 1001 V.
717 943 782 1000 T.
810 944 861 1014 Ι,
902 948 1041 1002 169.
1073 944 1126 1001 J.
1161 943 1237 1001 D.
1268 943 1591 1015 Michaelis,
1627 945 1698 1001 de
1729 944 2106 1018 chronologia
2133 945 2354 1021 Moysis
2384 950 2524 1003 ante
2553 945 2862 1003 diluvium
2885 965 2944 1021 p.
2983 950 3097 1014 153,

617 1055 678 1106 et
705 1048 811 1105 alii
841 1048 1253 1107 affirmarunt:
1284 1057 1347 1104 ut
1388 1050 1523 1103 nihil
1556 1068 1797 1121 unquam
1829 1051 1938 1104 tale
1971 1068 2014 1105 ε.
2039 1052 2251 1105 Lucam
2280 1052 2586 1121 empsisse,
2635 1054 2738 1105 aed
2775 1070 2845 1105 a
2879 1054 3099 1105 verubus

618 1154 805 1211 LXX.
858 1153 1091 1209 Cainani
1132 1172 1324 1208 ’nomen
1368 1154 1672 1222 adiectum,·
1717 1160 1818 1207 aut
1861 1172 1906 1209 ε.
1941 1155 2156 1207 Lucam
2189 1155 2493 1226 Evanyelio
2548 1154 2864 1209 Cannarum
2905 1174 3010 1211 non
3047 1173 3100 1207 a

606 1259 851 1329 propria
880 1276 987 1311 sua
1016 1259 1281 1313 sententia
1298 1298 1313 1326 ‚
1358 1274 1544 1312 verum
1574 1274 1601 1312 e
1648 1259 1914 1312 communi
1955 1258 2060 1311 illa
2075 1301 2092 1327 ,
2141 1264 2192 1311 et
2237 1261 2390 1328 apud
2413 1260 2762 1314 Hellenistas
2781 1261 3097 1330 per-eulysio

616 1362 927 1417 inseruisse.
994 1361 1400 1435 Evangelista,
1448 1362 1549 1439 qui
1582 1360 1906 1419 Salvatoris
1937 1362 2189 1419 Maiores
2219 1366 2342 1419 tam
2381 1380 2553 1421 veros
2569 1407 2584 1434 ,
2617 1382 2805 1441 quam
2833 1363 3010 1437 vulgo
3033 1365 3098 1418 sie

616 1466 847 1523 habitos
900 1466 1274 1523 recensendos
1326 1466 1441 1523 sibi
1486 1466 1814 1541 proposuit3
1862 1466 2040 1523 etiam
2085 1465 2414 1525 Cainanum
2459 1467 2620 1525 inter
2667 1486 2766 1525 eos
2819 1468 3100 1525 nominare

617 1574 879 1644 poterat;
928 1570 1079 1647 quod
1124 1589 1160 1625 a
1202 1568 1551 1627 Hellenistis
1594 1588 1714 1625 non
1759 1568 1878 1625 alia
1920 1588 2097 1646 quam
2140 1588 2381 1643 graeca,
2429 1571 2606 1648 idque
2663 1573 2966 1629 communi
3011 1570 3100 1627 ina

616 1672 689 1730 V.
735 1673 801 1731 T.
853 1674 1337 1749 interpretatione
1380 1674 1501 1730 usis
1520 1718 1534 1743 ,
1583 1672 1806 1730 Cainan
1855 1673 2014 1730 inter
2058 1674 2308 1731 Maiores
2355 1675 2636 1732 Abrahae
2682 1684 3099 1733 numeraretur.

616 1780 815 1855 Atque
843 1778 905 1834 id
936 1796 973 1833 a
1001 1796 1161 1835 more
1205 1777 1263 1834 S.
1296 1777 1738 1852 Scripturarum
1786 1775 2044 1834 alienum
2089 1796 2208 1834 non
2251 1797 2372 1835 esse
2403 1780 2568 1837 docet
2595 1778 2658 1837 S.
2691 1780 3100 1856 Hieronymus

616 1883 842 1941 advers.
876 1880 1115 1939 Helvid.
1150 1902 1209 1938 n.
1247 1884 1304 1937 4.
1337 1900 1394 1956 p.
1433 1886 1576 1938 209.
1633 1880 1903 1937 Profecto
1933 1881 2074 1937 huic
2104 1886 2428 1955 postremae
2457 1883 2728 1957 opinioni
2759 1883 3104 1956 suffragatur

616 1985 941 2043 Concilium
972 1984 1403 2054 Tridentinum‚
1440 1986 1605 2041 cuius
1634 1985 1746 2041 hac
1775 1988 1840 2041 in
1869 1984 2206 2061 quaestione
2235 2004 2464 2063 quoque
2493 1987 2655 2043 haud
2695 1988 3102 2045 contemnenda

616 2091 963 2159 auctoritas3
1016 2089 1169 2165 quod
1220 2090 1285 2146 in
1337 2088 1586 2145 sessione
1646 2088 1753 2146 IV.
1801 2088 1872 2144 de
1925 2086 2065 2146 Can.
2113 2088 2328 2164 Script.
2375 2109 2575 2147 omnes
2625 2089 2840 2147 Sacros
2889 2091 3100 2158 Libros,

615 2212 864 2273 quorum
894 2192 1132 2251 ibidem*
1143 2192 1473 2267 catalogum
1504 2192 1649 2250 facit
1675 2210 1816 2262 ,cum
1851 2194 2099 2247 omnibus
2117 2196 2384 2263 partibus
2414 2196 2552 2247 cuis‘
2581 2195 2694 2251 sub
2725 2196 3102 2253 anathematis

614 2318 801 2375 poena
845 2297 1027 2373 recipi
1074 2298 1267 2365 iubet;
1314 2298 1471 2354 unde
1514 2298 1678 2373 sequi
1708 2296 1948 2354 videtur
1991 2296 2402 2370 irrefragabile
2447 2316 2566 2355 esse
2595 2298 2655 2355 d.
2688 2298 2888 2356 Lucae
2925 2305 2980 2371 3,
3013 2304 3099 2354 35.

614 2404 1032 2460 testimonium.
1125 2402 1445 2459 Enimvero
1507 2401 1706 2457 eadem
1765 2400 2118 2458 universalis
2175 2400 2446 2477 Synodus
2506 2420 2626 2459 non
2687 2404 2863 2460 modo
2923 2422 3100 2461 omnes

614 2507 817 2564 Sacros
848 2507 1059 2564 Libros
1076 2550 1091 2577 ,
1139 2506 1239 2562 sed
1284 2510 1344 2562 et
1382 2525 1579 2563 omnes
1622 2504 1958 2581 eorumdem
1999 2508 2194 2579 partes
2239 2507 2499 2581 recipere
2543 2507 2750 2565 iussit:
2799 2526 2934 2565 cum
2979 2526 3102 2565 vero

615 2612 860 2669 Cainani
892 2630 1101 2668 nomen
1134 2612 1198 2667 in
1246 2610 1304 2667 S.
1339 2610 1533 2667 Lucae
1562 2607 1888 2681 Evangelio
1930 2609 2152 2667 ibidem
2195 2611 2558 2685 reperiatur,
2595 2612 2658 2669 id
2691 2630 2897 2669 errore
2925 2614 3100 2685 irrep-

613 2717 769 2785 sisse,
805 2717 997 2773 dicere
1026 2714 1189 2771 nefas
1220 2734 1339 2772 esse
1370 2714 1625 2773 videtur.
1674 2711 1898 2769 Solutio
1921 2714 2036 2769 ista
2065 2713 2140 2771 ob
2169 2715 2231 2771 id
2259 2716 2450 2787 igitur
2477 2716 2762 2791 inprimis
2794 2716 3096 2791 probanda.

614 2820 754 2897 quia
783 2820 1185 2893 integritatem
1228 2818 1286 2875 S.
1320 2819 1545 2876 Codicis
1576 2816 1848 2876 adstruit.
1911 2817 2084 2875 Hanc
2113 2820 2274 2896 sequi
2307 2819 2600 2877 malumus
2619 2866 2632 2891 ,
2685 2840 2870 2898 quam
2897 2822 3100 2877 codices

614 2924 672 2981 S.
703 2923 921 2993 Lucae,
970 2924 1073 2999 qui
1105 2924 1423 2981 meminere
1452 2924 1698 2983 Cainani
1732 2946 1768 2982 a
1804 2925 2258 2999 descriptoribus
2298 2924 2688 2999 interpolatos
2729 2926 3096 2983 comminisci.

1811 3092 1900 3155 ΙΙ.

1186 3212 1287 3267 De
1328 3210 1684 3267 Fratribus
1729 3214 1799 3267 et
1843 3210 2200 3267 Sororibus
2245 3210 2536 3305 Domini.

820 3341 1151 3417 Explicatis
1194 3360 1343 3419 quae
1384 3342 1457 3397 ad
1488 3340 1902 3414 Genealogiam
1931 3339 1968 3396 J
1971 3359 2064 3396 esu
2099 3340 2320 3397 Christi
2368 3342 2703 3415 pertinent,
2753 3342 2860 3419 qui
2903 3341 3096 3397 fratrs

612 3444 870 3515 Domini,
922 3464 1071 3522 quae
1100 3443 1359 3501 sorores?
1410 3445 1609 3519 paucis
1640 3425 1797 3501 nu’nc
1833 3444 2153 3502 videamus.
2227 3442 2376 3499 Sane
2407 3444 2457 3500 si
2490 3443 2626 3520 quis
2656 3452 2924 3521 quaerat,
2969 3455 3094 3521 quot

612 3552 819 3619 essent,
854 3548 1027 3606 facile
1057 3550 1175 3606 erit
1216 3548 1563 3624 respondere
1594 3568 1670 3605 ex
1701 3548 1917 3606 Matth.
1957 3552 2061 3619 13,
2099 3551 2200 3605 55.
2235 3553 2295 3604 et
2323 3547 2475 3605 Mar.
2515 3552 2550 3604 6
2571 3592 2586 3616 ,
2627 3552 2716 3618 3.;
2764 3550 2870 3605 ubi
2915 3547 3090 3605 nomi·

613 3653 803 3709 natim
832 3657 1208 3710 recensentur
1250 3657 1501 3729 quatuor
1530 3653 1656 3709 eius
1685 3652 1900 3710 fratres
1946 3653 2230 3723 ‚Jacobus‚
2262 3653 2554 3722 Josepkue,
2583 3684 2674 3694 ——
2705 3650 2928 3725 ,Ima-‘1²13‘
2957 3663 3000 3709 t.
3027 3670 3092 3719 o..

612 3756 709 3813 sed
747 3756 957 3813 literae
986 3775 1035 3832 φ.
1068 3761 1128 3813 et
1158 3774 1203 3823 ς.
1234 3756 1301 3813 in
1338 3756 1674 3815 nominibus
1707 3756 1974 3832 propriis
2019 3756 2192 3813 facile
2237 3760 2674 3831 permutantur.
2707 3790 2800 3799 --
2829 3758 3012 3813 «Iudas
3051 3764 3096 3810 et

617 3861 836 3931 Simon‘,
868 3866 1379 3938 memoranturque
1412 3854 1710 3935 ,o'zBonoei‘‚
1739 3879 1992 3937 quarum
2030 3865 2225 3917 tamen
2256 3880 2536 3918 numerus
2573 3864 2936 3939 nominaque
2964 3860 3094 3918 reti·

611 3969 837 4022 centur.
871 3963 1271 4021 Veruntamen
1302 3964 1606 4021 cuiusnam
1636 3963 1737 4021 isti
1767 3964 1994 4021 fuerint
2020 3964 2152 4035 fflii,
2179 3970 2237 4021 et
2265 3983 2372 4021 cur
2400 3964 2617 4022 fratres
2647 3965 2922 4023 Domini:
2963 3965 3092 4023 Luc.

614 4073 671 4141 8,
710 4074 810 4128 20.
870 4068 1081 4127 Joann.
1118 4074 1174 4141 2,
1214 4072 1313 4125 12.
1366 4073 1419 4138 7,
1456 4073 1514 4125 5.
1568 4071 1704 4125 Act.
1746 4074 1797 4138 1,
1840 4072 1937 4125 14.
1993 4067 2123 4125 Gal.
2165 4073 2216 4139 1,
2259 4074 2356 4125 19.
2397 4068 2587 4126 ICor.
2624 4074 2680 4141 9,
2719 4074 2780 4127 5.
2811 4071 3090 4127 ditantur.

612 4191 729 4231 non
757 4173 1021 4231 omnium
1051 4173 1251 4229 eadem
1280 4171 1399 4229 fuit
1426 4174 1735 4230 sententia.
1791 4172 1946 4229 Nam
1976 4178 2045 4229 ut
2073 4175 2412 4230 omittamus
2443 4174 2664 4248 priseos
2693 4178 2758 4230 et
2786 4172 3092 4231 neotericus

610 4278 932 4335 haereticos
975 4276 1365 4352 blasphemos,
1413 4277 1515 4352 qui
1554 4275 1622 4333 B.
1659 4276 1884 4334 Mariae
1921 4278 2133 4333 Matris
2169 4276 2280 4333 Dei
2329 4278 2746 4351 virginitatem
2791 4280 3094 4354 impugna·

610 4385 782 4448 runt3
829 4386 1003 4457 atque
1031 4380 1349 4455 Deiparam
1381 4381 1782 4438 tantummodo
1819 4400 2000 4458 usque
2030 4381 2104 4437 ad
2133 4379 2356 4437 Christi
2403 4386 2642 4455 partum
2685 4380 2868 4439 fuisse
2907 4382 3092 4454 Virgi-

609 4502 745 4540 nem
758 4528 772 4554 ,
820 4484 1087 4559 deinceps
1132 4490 1328 4542 autem
1372 4486 1441 4541 de
1485 4483 1522 4539 J
1522 4486 1732 4559 osepho
1776 4484 1921 4542 alios
1965 4486 2288 4559 concepisse
2318 4489 2378 4541 et
2423 4487 2718 4561 peperisse
2763 4485 2917 4543 filios
2933 4532 2947 4555 ,
2993 4486 3090 4562 qui

608 4586 822 4643 fratres
894 4586 1133 4645 Domini
1206 4593 1346 4645 sunt
1416 4588 1697 4663 adpellati
1773 4588 2322 4647 calumniabantur:
2369 4620 2460 4630 ——
2506 4590 2777 4647 Refutati
2855 4599 2984 4647 sunt
3061 4608 3092 4644 a
