3267 5259
606 432 733 498 318
1336 447 1451 490 nist.
1482 448 1587 491 Rev.
1617 447 1706 493 div.
1738 449 1903 493 period.
1933 451 1988 493 11.
2008 464 2102 503 cap.
2135 450 2332 504 primum.

605 624 880 712 proinde
925 626 1135 688 virum
1180 621 1476 707 seligere,
1526 625 1635 709 qui
1682 626 2134 711 episcopatum
2179 627 2345 692 illius
2391 637 2646 693 teneret
2671 632 2723 713 ¹3
2769 630 3100 695 neminem

606 748 824 803 autem
870 745 1049 801 tanto
1110 738 1365 800 muneri
1419 735 1820 801 censendum
1883 760 2138 823 parem,
2202 741 2313 825 qui
2373 740 2538 806 Jesu
2598 742 3101 807 familiarissime

605 874 759 915 usus
804 874 938 915 non
983 849 1197 913 fuerit.
1290 848 1521 913 Statim
1568 852 1818 915 cunctis
1867 852 2370 918 assentientibus
2418 853 2657 919 delecti
2717 867 2878 925 sunt
2923 856 3102 921 Jose-

604 963 815 1049 phus²
876 972 941 1026 et
984 960 1280 1025 Mathias.
1380 961 1470 1025 Et
1528 985 1613 1027 ne
1670 961 1827 1047 quid
1883 984 1966 1027 ex
2030 963 2296 1030 arbitrio
2358 989 2476 1031 suo
2533 968 2839 1054 Apostoli
2910 991 3100 1053 agere

607 1076 1000 1157 viderentur,
1025 1074 1243 1138 Deum
1268 1074 1516 1159 precati
1550 1084 1731 1139 sunt:
1765 1084 1837 1139 ut
1868 1098 2063 1161 quem
2096 1078 2498 1163 aptissimum
2531 1102 2616 1143 ex
2649 1080 2775 1145 illis
2805 1080 3100 1151 haberet.

605 1210 754 1252 eum
820 1189 1089 1253 sortium
1156 1186 1395 1251 indicio
1470 1186 1861 1273 designaret.
1963 1189 2106 1253 Nec
2170 1213 2358 1255 mora
2422 1192 2608 1257 iactis
2668 1193 2736 1257 in
2800 1193 3099 1280 hydriam

602 1300 881 1366 sortibus
956 1298 1237 1363 Mathias
1317 1297 1563 1364 electus
1630 1309 1728 1364 est
1747 1304 1788 1364 ³.
1893 1299 2386 1387 Quinquaginta
2453 1303 2692 1391 elapsis
2757 1329 2800 1369 a
2865 1306 3100 1371 Christi

601 1412 924 1499 triumpho
975 1411 1224 1495 diebuS,
1269 1410 1755 1477 recurrentibus
1793 1412 2218 1479 Pentecostes
2267 1413 2574 1481 solenniis
2592 1420 2638 1499 ⁴,
2708 1417 2825 1483 ubi
2881 1442 3101 1483 rursus

600 1524 900 1612 Apostoli
934 1548 1079 1589 cum
1122 1523 1453 1609 discipulis
1484 1526 1738 1611 piisque
1786 1524 2162 1590 mulieribus
2208 1549 2287 1590 ac
2331 1528 2408 1591 B.
2443 1528 2523 1592 V.
2557 1528 2791 1613 Maria,
2839 1532 2914 1595 in
2961 1555 3100 1596 coe·

600 1637 883 1704 naculo⁵
929 1636 1328 1703 orationibus
1375 1638 1603 1701 intenti
1653 1638 1842 1701 simul
1887 1649 2329 1704 morarentur:
2395 1665 2478 1705 en
2533 1640 2816 1727 Spiritus
2865 1642 2942 1709 S.
3002 1643 3102 1707 ille

600 1752 860 1837 saepius
908 1772 947 1813 a
994 1748 1247 1814 Christo
1296 1750 1680 1835 promissus,
1741 1752 2082 1835 ignearum
2127 1751 2497 1837 linguarum
2541 1756 2608 1817 in
2653 1766 2882 1839 partes
2947 1756 3102 1819 divi·

600 1886 815 1929 sarum
874 1864 1113 1948 figura,
1182 1861 1519 1927 horrisono
1584 1863 1876 1953 fragore,
1943 1866 2319 1950 tonitruque
2383 1866 2572 1931 simili
2631 1867 2714 1931 de
2781 1868 2982 1934 coelo
3041 1872 3102 1933 in

597 1975 952 2063 Apostolos
998 1973 1418 2060 singulosque
1463 1980 1889 2061 praesentes⁶
1928 1976 2196 2063 illapsus
2245 1987 2375 2062 est3
2441 1978 2603 2044 hora
2649 1978 2780 2043 diei
2828 1981 3097 2045 iudaice»

598 2113 778 2155 more
826 2090 1032 2153 tertia.
1096 2087 1507 2172 Prodigium!
1557 2089 1772 2152 statim
1820 2087 2038 2153 divino
2073 2088 2318 2175 Spiritu
2362 2090 2539 2176 pleni
2583 2092 2781 2155 variis
2812 2092 3104 2179 linguis⁷

599 2203 830 2268 eruditi
878 2210 1317 2287 apparuerunt
1338 2202 1380 2263 8.
1470 2200 1579 2264 Ad
1640 2200 1828 2266 huius
1885 2204 1979 2267 rei
2039 2203 2283 2267 famam
2344 2203 2522 2267 multi
2575 2204 2818 2269 Judaei
2885 2230 2926 2272 e
2987 2208 3102 2271 Pa-

810 2380 847 2444 ¹)
884 2379 1051 2428 Juxta
1094 2376 1417 2427 Davidicum
1464 2376 1742 2426 oraculum
1777 2378 1864 2426 Ps.
1905 2379 2029 2441 108,
2069 2380 2116 2429 8.
2192 2379 2231 2444 ²)
2281 2380 2452 2440 Quem
2487 2380 2784 2430 Barsabam
2835 2385 3008 2433 etiam
3053 2392 3104 2433 et

600 2468 813 2519 Justum
868 2466 1153 2515 vocabant.
1240 2463 1280 2530 ³)
1338 2463 1644 2529 Conspicua
1697 2468 1838 2514 sorte
1899 2465 2220 2514 invisibilem
2274 2466 2489 2515 Domini
2549 2466 3102 2531 praedestinationem

592 2559 847 2615 testante,
896 2567 1003 2618 qua
1037 2552 1093 2600 in
1128 2550 1503 2617 Apostolorum
1550 2550 1846 2616 Collegium
1891 2551 1938 2601 is
1975 2550 2044 2601 ab
2084 2556 2301 2602 aeterno
2339 2560 2565 2603 vocatus
2602 2556 2970 2618 cernebatur,
3009 2559 3096 2622 qui

594 2645 735 2691 sorte
783 2639 1020 2689 delectus
1068 2643 1163 2687 est.
1223 2638 1338 2688 Act.
1377 2640 1432 2699 1,
1473 2640 1695 2687 15-26.
1757 2638 1820 2687 V.
1861 2636 1919 2687 O.
1959 2638 2216 2705 Stengelii
2255 2638 2319 2689 Ο.
2357 2638 2410 2689 8.
2449 2640 2537 2702 B.,
2579 2639 2879 2691 Comment.
2923 2658 3101 2691 rerum

594 2734 861 2793 gestarum
886 2724 927 2776 s'.
948 2726 1323 2792 Apostolorum
1348 2725 1611 2791 Principis
1636 2726 1798 2774 Petri.
1847 2725 1982 2791 Aug.
2009 2726 2217 2776 Vindel.
2239 2729 2392 2777 1621.
2419 2744 2472 2791 p.
2497 2730 2611 2777 163.
2635 2744 2678 2777 s.
2715 2729 2792 2777 M.
2819 2729 3098 2791 WVouiers,

594 2813 811 2864 dilucid.
838 2812 931 2863 sel.
960 2812 1013 2861 S.
1040 2811 1092 2861 S.
1121 2812 1418 2877 quaestion.
1442 2812 1534 2875 VI,
1565 2814 1646 2861 17.
1672 2828 1713 2861 s.
1759 2810 1838 2861 Cf.
1868 2828 1913 2861 e.
1940 2813 2136 2863 Joann.
2161 2814 2361 2874 Dartis,
2389 2814 2516 2863 diss.
2544 2813 2610 2863 dc
2633 2819 2781 2863 statu
2808 2816 3102 2865 Ecclesiae

592 2908 829 2966 tempore
876 2900 1253 2965 Apostolorum
1304 2898 1385 2948 ed.
1422 2898 1580 2948 Vind.
1619 2900 1768 2949 1766.
1807 2915 1858 2964 p.
1895 2902 1977 2949 25.
2012 2916 2054 2950 s.
2104 2898 2154 2949 J.
2181 2901 2233 2950 J.
2265 2899 2480 2963 Stronk,
2519 2888 2643 2951 diss.
2683 2900 2750 2949 de
2789 2901 3011 2951 Mathia
3047 2906 3098 2951 in

591 2986 965 3054 Apostolorum
991 2986 1229 3037 ordinem
1254 2990 1397 3035 sorte
1424 2990 1690 3050 cooptat0.
1717 2985 1996 3036 Dordraci.
2026 2988 2175 3037 1852.
2203 3004 2252 3052 p.
2281 2989 2363 3037 60.
2391 3004 2432 3037 s.
2481 2989 2523 3052 ⁴)
2553 2986 2633 3037 Cf.
2659 2988 2724 3037 Ε.
2748 2987 2846 3037 Fr.
2875 2990 3100 3039 werns—

590 3076 725 3139 dorf,
764 3074 830 3124 de
866 3074 1321 3138 Quinquagesima
1356 3072 1613 3138 paschali,
1651 3074 1708 3122 in
1744 3074 1815 3122 M.
1851 3074 1894 3123 1.
1931 3074 1996 3123 E.
2033 3073 2350 3139 Volbeding,
2389 3074 2548 3124 Thes.
2589 3091 2778 3125 comm.
2815 3076 2914 3125 sel.
2943 3078 3098 3143 Lips.

593 3165 742 3213 1847.
780 3179 829 3228 p.
858 3163 976 3211 270.
1014 3175 1055 3211 s.
1092 3160 1311 3210 Interim
1337 3159 1573 3225 gloriosa
1595 3162 1664 3209 D.
1691 3161 1754 3209 N.
1780 3161 1832 3210 J.
1860 3161 1954 3211 Ch.
1979 3162 2319 3212 Resurrectio
2346 3166 2510 3227 atque
2535 3162 2834 3212 descensus
2859 3161 3098 3229 Spiritus

590 3250 797 3312 Sancti,
836 3250 891 3298 id
933 3247 1142 3297 feriae
1179 3248 1425 3313 primae
1469 3246 1688 3297 honoris
1726 3248 2096 3310 conciliarunt,
2134 3252 2194 3297 ut
2227 3248 2458 3314 publicis
2495 3248 2780 3299 Ecclesiae
2819 3248 3097 3299 Solenniis

590 3338 871 3399 dicaretur,
911 3334 1055 3401 quod
1091 3335 1256 3383 vitam
1288 3334 1570 3399 agentibus
1620 3334 1797 3383 adhuc
1845 3334 2116 3400 Apostolis
2171 3335 2369 3384 factum
2417 3352 2535 3386 esse
2583 3335 2720 3385 nulli
2757 3336 3094 3387 dubitamus.

590 3424 671 3473 Cf.
709 3424 825 3473 Act.
870 3424 962 3485 20,
1009 3424 1055 3471 7.
1115 3421 1158 3470 Ι.
1195 3420 1314 3471 Cor.
1354 3424 1442 3483 16,
1484 3424 1531 3471 2.
1591 3420 1711 3471 coll.
1758 3420 1946 3471 Matth.
1995 3424 2086 3483 28,
2129 3425 2174 3471 1.
2234 3424 2399 3471 Marc.
2448 3425 2539 3484 16,
2575 3425 2624 3471 2.
2679 3423 2853 3488 Apoc.
2902 3430 2962 3487 1,
3015 3427 3094 3474 10.

588 3512 641 3561 S.
676 3512 939 3573 «Iustinus,
963 3508 1117 3574 Apol.
1143 3508 1185 3569 Ι,
1213 3509 1297 3557 67.
1335 3526 1385 3573 p.
1416 3510 1530 3558 169.
1558 3524 1599 3558 s.
1636 3508 2016 3571 Tertullianus,
2044 3509 2197 3575 Apol.
2224 3524 2267 3559 c.
2293 3511 2373 3559 16.
2411 3526 2463 3575 p.
2493 3512 2574 3560 79.
2623 3510 2920 3571 Eusebius,
2951 3512 3092 3560 Hist.

586 3597 735 3648 Eccl.
760 3598 853 3659 IV,
880 3598 964 3646 23.
988 3614 1039 3662 p.
1069 3597 1185 3646 145.
1230 3594 1282 3644 S.
1308 3596 1421 3645 Leo
1454 3595 1543 3657 M„
1570 3612 1653 3661 ep.
1683 3598 1762 3645 11.
1791 3596 2054 3645 Dioscoro
2079 3612 2124 3645 c.
2156 3600 2199 3645 1.
2237 3596 2279 3659 I,
2308 3599 2422 3647 120.
2465 3596 2546 3646 cf.
2574 3597 2633 3647 C.
2662 3598 2724 3646 C.
2749 3598 2816 3647 L.
2843 3598 3089 3659 Franks,

588 3686 652 3735 de
698 3684 804 3733 diei
846 3683 1112 3733 Dominici
1160 3696 1245 3747 ap.
1282 3688 1388 3731 vet.
1427 3681 1619 3732 Christ.
1671 3682 1867 3732 celebr.
1915 3682 2038 3732 Hal.
2099 3685 2248 3733 1826.
2301 3700 2411 3749 rep.
2463 3699 2548 3749 ap.
2589 3684 2916 3750 Volbeding,
2966 3686 3002 3734 l.
3045 3702 3092 3733 e.

585 3788 639 3839 p,
677 3774 758 3821 65.
797 3787 839 3822 s.
912 3770 954 3835 ὅ)
1004 3769 1084 3819 Cf.
1137 3774 1248 3819 not.
1302 3785 1480 3834 geogr.
1538 3786 1589 3834 p.
1645 3770 1945 3819 LXXVIII.
1993 3786 2034 3820 s.
2109 3768 2148 3836 ⁶)
2198 3770 2364 3831 „Cum
2423 3770 2668 3836 Apostoli
2724 3772 2840 3821 illic
2887 3778 3086 3833 essent,

586 3875 695 3910 non
732 3860 951 3908 dixisset
988 3872 1195 3917 omnes,
1246 3857 1349 3905 nisi
1385 3856 1476 3905 alii
1514 3872 1727 3921 quoque
1771 3857 2060 3922 participes
2108 3856 2382 3906 fuissent.“
2447 3856 2501 3905 S.
2539 3856 2984 3921 Chrysostomus‚
3033 3862 3088 3908 in

584 3948 721 3996 Acta
764 3945 904 3994 hom.
951 3943 1041 3993 IV.
1087 3960 1139 4009 p.
1178 3946 1260 3992 33.
1336 3942 1374 4009 ⁷)
1420 3944 1647 4008 Propter
1693 3959 2022 3992 communem
2071 3942 2352 3993 Ecclesiae
2406 3944 2712 3993 utilitatem.
2774 3946 2842 3995 U.
2881 3962 2923 3995 s.
2962 3946 2996 3995 l.
3033 3962 3085 3993 τ.

586 4034 626 4099 8)
665 4034 781 4081 Act.
808 4035 855 4095 2,
885 4034 1033 4080 1—4.
1082 4031 1247 4080 Recte
1284 4029 1496 4079 additur
1531 4028 1696 4097 ὥσπερ
1723 4035 1776 4079 et
1799 4026 1936 4091 ὡσεὶ,
1976 4030 2131 4096 Vulg.
2170 4035 2502 4094 tanquam,
2541 4046 2610 4080 ne
2647 4031 2780 4095 quid
2817 4032 3082 4081 sensibile

586 4120 649 4170 de
689 4120 887 4186 Spiritu
925 4117 976 4167 S.
1002 4118 1409 4183 suspicaremur,
1456 4132 1631 4182 neque
1668 4118 1808 4166 enim
1845 4118 1984 4182 ignis
2020 4118 2168 4166 Deus
2204 4117 2321 4179 fuit,
2355 4132 2534 4182 neque
2571 4119 2808 4181 sonitus;
2847 4118 2942 4168 sed
2981 4135 3079 4185 per

582 4208 683 4257 hoc
720 4206 861 4273 quod
888 4207 1119 4257 exterius
1156 4204 1410 4266 exhibuit,
1449 4206 1710 4269 expressit
1745 4204 1863 4267 hoc,
1903 4204 2048 4270 quod
2071 4205 2294 4254 interius
2323 4205 2506 4269 gessit.
2559 4204 2654 4265 „In
2679 4204 2882 4271 linguis
2907 4208 3080 4273 igneis

584 4296 831 4361 apparuit
868 4292 1095 4359 Spiritus
1131 4292 1202 4354 8.,
1249 4293 1375 4358 quia
1411 4306 1593 4341 omnes
1641 4306 1774 4357 quos
1817 4291 2129 4356 repleverit,
2177 4291 2426 4341 ardentes
2463 4292 2666 4356 pariter
2703 4298 2759 4341 et
2793 4292 3080 4358 loquentes

582 4381 757 4430 facit.“
821 4380 895 4430 Ut
932 4381 1007 4431 ait
1052 4378 1104 4429 S.
1140 4380 1427 4445 Gregorius
1474 4379 1565 4440 M„
1603 4379 1659 4428 in
1696 4379 1904 4443 Evang.
1942 4378 2081 4428 hom.
2115 4378 2282 4439 XXX,
2319 4380 2369 4427 5.
2419 4378 2461 4440 1,
2500 4380 2654 4427 1578.
2721 4380 3080 4445 operationes

580 4468 716 4533 ignis
753 4473 879 4518 sunt
913 4467 1109 4517 similes
1146 4466 1547 4531 operationibus
1585 4465 1813 4531 Spiritus
1851 4464 1930 4530 S.;
1970 4464 2414 4532 quemadmodum
2455 4467 2596 4515 enim
2635 4466 2772 4515 nihil
2807 4468 3080 4530 potentius

580 4555 727 4619 igne,
772 4555 849 4603 ita
884 4553 1017 4603 nihil
1051 4553 1281 4603 validius
1318 4554 1371 4601 vi
1408 4552 1635 4619 Spiritus
1674 4553 1726 4603 S.
1790 4552 2036 4603 Ceterum
2073 4553 2366 4603 communis
2410 4552 2768 4617 interpretum
2809 4554 3082 4603 sententia

580 4646 750 4702 tenet,
806 4640 1015 4706 linguas
1070 4642 1383 4707 apparuisse
1440 4642 1496 4690 in
1552 4642 1757 4706 capite3
1814 4646 1868 4690 et
1913 4642 1991 4691 ita
2036 4640 2198 4689 habet
2259 4638 2584 4689 universalis
2635 4642 2853 4706 pictura
2912 4641 3078 4687 totius
