3267 5259
598 454 683 517 52
1267 466 1383 507 nist.
1413 466 1519 507 Rev.
1550 466 1641 507 div.
1671 465 1723 507 N.
1753 466 1802 507 '1⁸.
1833 465 1999 507 Period.
2029 466 2064 507 1.
2085 477 2178 516 cap.
2207 466 2405 517 primum.

598 640 860 721 trahens
901 640 1094 705 Jesus
1137 639 1409 704 sabbato
1452 642 1818 726 insequenti
1869 663 2017 704 cum
2062 641 2472 706 instituendis
2517 624 2776 728 populis
2819 662 3050 727 operam

600 752 802 833 daret,
855 751 1109 817 oblatus
1148 764 1247 817 est
1277 753 1361 817 illi
1410 754 1674 839 quidam
1720 754 1902 817 arida
1945 777 2142 817 manu
2187 753 2508 839 languens
2530 758 2568 836 ¹,
2603 776 2798 839 quam
2843 752 3052 816 viribus

597 867 905 930 restitutis
938 868 1164 929 erexit.
1200 864 1682 945 Quaerentibus
1707 865 2091 949 Pharisaeis,
2123 865 2353 931 liceret
2385 888 2467 929 ne
2501 865 2775 930 sabbato
2803 864 3052 929 curare?

599 976 997 1041 dissimulata
1052 976 1176 1041 hac
1224 980 1633 1063 quaestione,
1683 977 1876 1042 aliam
1935 980 2218 1042 vicissim
2271 980 2649 1065 proposuit3
2707 988 2914 1042 utrum
2953 978 3052 1040 nisi

595 1090 790 1153 liceat
850 1090 1127 1155 sabbato
1192 1114 1468 1173 nocere,
1531 1091 1631 1154 fas
1694 1090 1924 1155 saltem
1985 1092 2065 1155 sit
2129 1091 2577 1156 benefacere?
2665 1089 3054 1155 Hiscentibus

595 1202 733 1279 illis,
776 1204 984 1288 magis
1018 1204 1229 1284 adhuc
1260 1203 1515 1267 invidos
1545 1206 1945 1289 perstrinxit.
1978 1204 2144 1267 Inde
2179 1204 2326 1269 odio
2361 1205 2718 1269 frementes
2754 1203 3054 1267 Pharisaei

600 1338 747 1379 cum
793 1315 1233 1379 Herodianis2
1278 1316 1559 1380 inierunt
1620 1316 1958 1381 consilium
2021 1317 2334 1382 adversus
2393 1317 2742 1399 Christum,
2803 1326 2874 1379 ut
2931 1338 3052 1379 eum

596 1428 970 1514 perderent.
1019 1428 1213 1493 Jesus
1260 1440 1498 1512 autem,
1542 1432 1645 1494 cui
1683 1430 1890 1516 probe
1929 1441 2086 1495 nota
2130 1439 2314 1495 erant
2358 1430 2636 1495 scelesta
2680 1430 3054 1493 inimicorum

598 1541 948 1625 molimina,
995 1566 1143 1606 cum
1184 1541 1513 1628 discipulis
1559 1544 1688 1606 suis
1726 1545 1993 1607 secessit
2031 1542 2116 1606 ad
2155 1566 2333 1607 mare
2373 1542 2731 1607 Galilaeae.
2799 1542 3054 1605 Euntem

596 1653 790 1717 turba
842 1653 1043 1718 multa
1088 1679 1218 1719 non
1251 1664 1501 1718 tantum
1536 1678 1570 1719 e
1606 1654 1922 1738 Galilaea,
1967 1656 2084 1719 sed
2131 1658 2324 1719 etiam
2359 1654 2441 1719 ab
2471 1655 2770 1719 omnibus
2816 1656 3056 1718 circum·

594 1768 819 1830 vicinis
874 1768 1247 1853 regionibus
1303 1768 1625 1833 curandos
1683 1792 1908 1832 secum
1976 1770 2259 1833 afferens
2327 1778 2632 1853 aegrotos
2689 1777 2913 1832 secuta
2960 1778 3057 1845 est,

597 1902 759 1963 quos
806 1902 1031 1943 omnes
1075 1879 1448 1945 valetudine
1497 1880 1784 1945 donavit.
1845 1881 2261 1963 Multitudini,
2308 1904 2436 1966 qua
2479 1882 2652 1966 pene
2703 1882 3058 1965 comprime-

594 1991 804 2073 batur,
850 1991 1079 2057 volcns
1117 1994 1161 2057 J
1165 2016 1313 2057 esus
1346 2018 1414 2059 se
1448 1994 1837 2075 subducere,
1869 1996 2141 2058 traiecto
2189 1996 2351 2057 mari
2383 1996 2447 2057 in
2481 1996 2718 2057 montis
2751 1991 3058 2057 cuiusdam

594 2104 1007 2168 solitudinem
1055 2128 1123 2169 se
1170 2109 1420 2192 recepit
1440 2110 1481 2169 ³.
1554 2106 1654 2170 Ibi
1701 2118 1906 2171 totam
1951 2118 2213 2171 noctem
2263 2109 2396 2191 egit
2433 2109 2502 2170 in
2543 2108 2857 2188 oratione,
2893 2124 3058 2167 mane

592 2239 749 2281 vcro
800 2202 976 2281 fact-o
1035 2222 1259 2282 accitis
1306 2219 1390 2283 ad
1436 2242 1504 2283 se
1554 2220 1911 2305 discipulis,
1961 2221 2070 2305 qui
2129 2219 2608 2284 comitabantur
2664 2242 2842 2301 eum,
2891 2217 3060 2301 elegit

594 2352 679 2391 ex
726 2331 881 2415 ipsis
930 2330 1295 2414 duodecim,
1331 2355 1493 2417 quos
1542 2342 1607 2397 et
1653 2331 2062 2418 apostolos
2108 2334 2485 2413 nominavit,
2533 2341 2605 2395 ut
2651 2342 2872 2395 essent
2898 2351 3058 2416 prae-

592 2464 789 2505 cones
813 2442 1157 2529 Evangelii
1190 2446 1305 2508 sui.
1334 2444 1668 2509 Simonem
1703 2447 1806 2510 cui
1837 2446 2145 2531 imposuit
2168 2468 2409 2509 nomen
2432 2444 2668 2508 Petrus
2683 2448 2728 2527 ⁴,
2761 2442 3059 2508 Jacobum

590 2554 923 2620 Zebedaei
963 2556 1163 2620 filium
1186 2560 1227 2641 ⁵,
1272 2558 1601 2623 Joannem
1640 2558 1908 2621 fratrem
1950 2557 2185 2623 Jacobi
2211 2561 2253 2641 ⁶,
2295 2557 2654 2640 Andream,
2693 2556 3059 2642 Philippum,

802 2732 839 2796 ¹)
886 2732 1241 2798 Evangelium
1290 2714 1722 2783 Nazaraenorum
1775 2734 2252 2795 „caementarium“
2303 2738 2478 2782 vocat.
2555 2732 2636 2781 cf.
2675 2747 2717 2781 s.
2755 2731 3059 2795 Hieronymi,

591 2832 775 2867 comm.
812 2820 869 2868 in
900 2820 1087 2869 Matth.
1118 2823 1198 2882 12,
1230 2823 1310 2870 13.
1348 2820 1468 2883 VII,
1499 2822 1579 2870 78.
1619 2820 1663 2885 ²)
1699 2821 1764 2869 V.
1790 2822 1859 2869 Η.
1884 2820 1948 2869 V.
1974 2820 2034 2869 T.
2072 2838 2122 2886 p.
2151 2822 2268 2869 595.
2331 2819 2372 2883 ³)
2411 2818 2598 2869 Matth.
2637 2822 2718 2881 12,
2756 2822 2802 2869 9.
2829 2833 2868 2867 s.
2913 2818 3061 2866 Marc.

590 2906 636 2965 3,
668 2909 712 2953 1.
740 2920 781 2953 s.
830 2904 962 2956 Luc.
990 2909 1037 2968 6,
1066 2909 1113 2956 6.
1140 2922 1180 2956 s.
1232 2907 1311 2957 Cf.
1338 2908 1396 2957 P.
1426 2908 1618 2969 Zornii,
1648 2908 1770 2956 diss.
1809 2906 1874 2955 de
1901 2906 2096 2955 Christi
2133 2905 2430 2957 Servatoris
2468 2905 2773 2971 pervigiliis,
2811 2907 2864 2954 in
2899 2916 3060 2969 opusc.

588 3006 629 3039 s.
656 3008 708 3056 p.
738 2994 851 3041 147.
878 3008 919 3041 s.
982 2993 1023 3057 ⁴)
1066 2990 1273 3059 Πέτρος,
1312 3010 1416 3059 quo
1456 3010 1574 3043 eum
1611 2993 1899 3059 aliquando
1945 2992 2244 3042 vocandum
2280 2998 2404 3042 ante
2443 2992 2685 3041 Christus
2733 2991 3061 3057 praedixerat.

587 3076 783 3127 Joann.
831 3082 876 3139 1,
921 3082 1003 3128 42.
1044 3079 1177 3145 Syro
1225 3096 1465 3130 sermone
1512 3078 1696 3147 Κηφᾶς,
1721 3092 1829 3141 κε),
1869 3082 2120 3145 quocirca
2156 3086 2210 3129 et
2259 3095 2298 3129 s.
2335 3078 2506 3129 Paulo
2550 3079 2620 3129 ad
2657 3079 2777 3129 Gal.
2813 3081 2868 3141 2,
2911 3081 2957 3127 9.
2993 3080 3060 3125 11.

590 3162 798 3229 cephas
824 3164 1031 3216 dicitur.
1058 3167 1261 3216 Nomen
1286 3168 1385 3216 hoc
1410 3169 1680 3233 proprium
1706 3168 1986 3217 formatum
2006 3183 2039 3216 a
2055 3164 2205 3233 πέτρα
2229 3166 2492 3231 significat
2515 3182 2704 3231 rupem
2721 3168 2756 3215 i.
2777 3182 2822 3215 e.
2849 3162 3059 3223 Petram,

587 3252 643 3299 in
674 3266 781 3316 qua
815 3252 1065 3303 Ecclesia
1100 3256 1351 3303 universa
1386 3254 1685 3304 firmissimo
1725 3253 1890 3303 veluti
1925 3253 2271 3303 fundamento
2310 3253 2654 3303 constabilita
2689 3258 2785 3302 est.
2839 3252 2883 3301 A
2911 3244 3062 3299 tribus

590 3342 764 3387 autem
808 3340 1169 3405 Evangelistis
1215 3342 1457 3407 quamvis
1503 3340 1874 3390 describantur
1917 3341 2135 3389 nomina
2177 3339 2579 3404 Apostolorum,
2619 3353 2652 3388 a
2697 3354 2740 3387 s.
2777 3338 2954 3387 Matth.
2990 3337 3061 3393 10,

587 3426 635 3485 2,
672 3438 713 3472 s.
750 3426 807 3473 in
842 3427 1015 3491 prima
1052 3442 1135 3493 ap.
1173 3427 1448 3497 legatione·
1474 3427 1639 3477 Marc.
1675 3430 1724 3489 4,
1755 3430 1834 3477 13.
1869 3442 1910 3475 s.
1937 3427 2071 3475 Luc.
2099 3428 2147 3487 6,
2189 3428 2268 3475 13.
2307 3442 2364 3488 s.‚
2415 3440 2598 3475 omnes
2643 3430 2820 3475 tamen
2855 3425 3060 3490 primum

585 3510 763 3561 Iocum
814 3528 853 3562 s.
892 3516 1052 3566 Petro
1088 3517 1355 3579 tribuunt,
1404 3516 1645 3566 ultimum
1693 3516 1883 3566 Judae.
1945 3516 2191 3565 Profecto
2242 3517 2369 3581 quia
2414 3517 2490 3565 sic
2537 3516 2710 3576 Petri,
2749 3514 3060 3577 Romanique

587 3598 859 3648 Pontificis
886 3604 1181 3667 primatum,
1214 3602 1653 3668 quemadmodum
1688 3602 1866 3652 ,Iudae
1897 3602 2248 3667 proditionem
2273 3604 2390 3667 ipso
2417 3602 2537 3651 loco
2565 3602 2759 3651 docere
2783 3600 3063 3650 voluerunt.

588 3683 640 3733 S.
666 3685 939 3735 Matthaeo
976 3704 1083 3737 non
1102 3689 1203 3739 fuit
1234 3692 1362 3738 satis
1400 3690 1615 3739 Petrum
1634 3690 1801 3755 primo
1821 3689 1940 3738 loco
1962 3690 2252 3750 nominare,
2281 3689 2375 3737 sed
2409 3693 2590 3754 aperte
2615 3690 2696 3751 10,
2726 3690 2772 3737 2.
2800 3689 3062 3754 primum

588 3773 747 3821 etiam
784 3774 1090 3825 nominavit.
1156 3776 1373 3839 „Vides,
1414 3778 1490 3825 ait
1525 3792 1565 3825 s.
1596 3776 1886 3841 Gregorius
1925 3776 2297 3825 Nazianzenus
2343 3778 2475 3823 orat.
2537 3775 2764 3823 XXXII.
2803 3774 2866 3823 de
2901 3772 3062 3821 mode·

588 3860 793 3909 ratione
830 3862 886 3909 in
926 3861 1057 3927 disp.
1084 3878 1135 3911 n.
1166 3864 1244 3912 18.
1283 3863 1326 3925 Ι,
1356 3864 1489 3925 ὅ91.,
1524 3862 1964 3927 quemadmodum
1997 3877 2061 3910 ex
2095 3860 2291 3909 Christi
2327 3860 2620 3926 discipulis,
2657 3863 2864 3927 magnis
2897 3862 3062 3923 utique

586 3946 831 3995 omnibus
879 3952 932 3997 et
968 3948 1215 4011 excelsis,
1256 3954 1417 4014 atque
1465 3948 1725 3998 electione
1775 3948 1970 4013 dignis,
2011 3947 2098 3996 hic
2133 3948 2298 3997 Petra
2339 3952 2562 3997 vocetur
2607 3952 2768 4013 atque
2805 3946 3062 3996 Ecclesiae

586 4032 932 4083 fundamenta
976 4036 1033 4083 in
1076 4034 1231 4084 fidem
1277 4050 1426 4084 suam
1470 4037 1750 4100 accipiat.“
1807 4035 1874 4084 D.
1903 4034 2312 4098 chrysostomus
2351 4039 2527 4083 autem
2563 4035 2751 4099 inquit.
2795 4030 2880 4095 ,,Ὁ
2908 4029 3063 4097 πέτρος

586 4115 797 4185 ἔκκριτος
833 4112 892 4183 ἥν
929 4122 1027 4169 τῶν
1056 4116 1341 4171 ἀποστόλων
1378 4119 1458 4171 καὶ
1496 4118 1655 4189 στόμα
1690 4120 1788 4170 τῶν
1829 4119 2072 4188 μαθητῶν,
2111 4118 2193 4168 καὶ
2225 4116 2398 4187 κοριφὴ
2437 4116 2523 4169 τοῦ
2561 4116 2772 4188 χόρου.“
2811 4119 3064 4181 „Eximius

583 4212 701 4255 erat
746 4208 885 4256 inter
925 4208 1236 4273 Apostolos,
1284 4223 1341 4257 os
1390 4207 1792 4273 discipulorum,
1839 4212 1892 4257 et
1937 4214 2121 4257 coetus
2165 4206 2310 4255 illius
2357 4210 2568 4272 caput.“
2617 4208 2673 4256 in
2719 4207 2911 4255 Joann.
2937 4204 3062 4253 hom.

585 4290 934 4355 LXXXVIII,
964 4298 1010 4343 1.
1035 4295 1184 4357 VIII,
1213 4297 1331 4344 625.
1382 4296 1485 4355 Qui
1516 4294 1616 4343 hac
1650 4310 1808 4359 super
1835 4309 1890 4343 re
1918 4294 2144 4359 amplius
2171 4292 2365 4343 erudiri
2398 4295 2558 4358 cupit,
2591 4294 2876 4357 script-ores
2902 4291 3061 4342 adeat,

582 4378 677 4442 qui
716 4394 779 4426 ex
816 4381 1054 4444 professo
1094 4387 1153 4429 ut
1189 4381 1385 4443 dicunt,
1426 4380 1490 4429 de
1517 4380 1750 4429 Primatu
1781 4379 1831 4428 S.
1859 4381 1916 4429 P.
1956 4384 2214 4429 tractant=
2253 4380 2311 4428 P.
2339 4385 2393 4428 et
2415 4380 2484 4428 H.
2511 4379 2788 4442 Ballerini,
2827 4378 2890 4427 de
2923 4378 2970 4424 vi
3003 4390 3063 4423 ac

586 4466 789 4513 ratione
827 4466 1089 4516 Primatus
1124 4468 1482 4517 Romanorum
1520 4466 1852 4515 Pontificum.
1915 4468 2162 4516 Veronae
2190 4468 2339 4515 1766.
2367 4482 2418 4530 p.
2449 4467 2529 4515 74.
2559 4480 2599 4515 s.
2651 4466 2715 4515 L.
2743 4464 2910 4515 veith.
2943 4460 2990 4510 S.
3014 4461 3063 4508 J.

586 4552 651 4600 de
691 4552 923 4599 Primatu
963 4557 1015 4601 et
1050 4553 1431 4602 infallibilitate
1468 4553 1692 4603 Romani
1731 4552 2020 4603 Pontificis.
2081 4552 2273 4601 Meclil.
2305 4552 2454 4602 1824.
2482 4569 2533 4618 p.
2573 4554 2654 4601 12.
2681 4566 2723 4601 s.
2787 4554 2828 4615 ⁵)
2866 4552 2964 4599 Iste
2999 4544 3064 4595 ad

582 4638 799 4689 alterius
838 4639 1229 4689 distinctionem
1266 4640 1439 4689 Maior
1471 4640 1786 4704 appellatur.
1833 4640 1874 4703 ὕ)
1915 4640 2029 4688 Hos
2062 4640 2274 4688 Petrum
2308 4654 2380 4687 sc.
2414 4639 2699 4699 Jacobum‚
2735 4645 2788 4688 et
2816 4638 3062 4687 Joannem
