3267 5259
1162 456 1351 505 nomina
1374 456 1484 503 ἔσω
1510 458 1688 505 ctu-mi.
2535 450 2664 517 205

213 658 255 698 c.
284 644 337 698 3.
382 640 537 699 inter
563 660 655 716 op.
686 637 935 699 Tertull.
968 640 1057 697 ed.
1088 639 1211 699 Col.
1244 661 1301 716 p.
1339 644 1481 699 743.
1540 660 1586 698 s.
1618 640 1932 717 Cypriani,
1979 641 2220 700 Testim.
2251 642 2338 712 ΙΙ,
2377 648 2433 700 3.
2466 663 2523 719 p.
2557 646 2660 701 34.

210 744 494 815 Lactantii,
528 746 721 803 instit.
750 746 873 803 div.
904 745 1011 814 IV,
1048 749 1105 803 8.
1140 765 1197 820 p.
1236 748 1377 803 181.
1436 764 1483 803 s.
1516 744 1785 815 Paulini,
1833 745 1973 802 Nat.
2019 766 2064 801 s.
2107 744 2241 821 Fel.
2275 745 2388 815 VI,
2434 750 2536 804 26.
2566 747 2658 805 ed.

210 849 315 906 Col.
342 868 395 924 p.
428 852 571 907 239.
602 848 833 906 Rustici
862 849 1031 918 diac„
1064 867 1115 906 c.
1146 847 1473 924 Acephalos
1516 849 1583 905 in
1609 848 1766 908 Bibl.
1799 852 1876 907 A.
1907 848 2208 907 Gallandii
2251 849 2422 920 XII,
2457 853 2558 907 41.
2603 856 2664 908 et

210 952 448 1011 aliorum.
480 952 593 1010 Sed
614 952 787 1027 longe
808 952 1170 1031 frequentior
1192 958 1281 1011 est
1298 971 1523 1031 usuque
1554 954 1752 1011 tritior
1775 952 2027 1022 ,Verbi‘;
2059 957 2234 1030 atque
2256 953 2330 1011 ad
2359 972 2662 1028 personam

208 1057 443 1114 divinam
472 1058 713 1135 eiusque
754 1056 1205 1115 Generationem
1246 1056 1654 1115 declarandam
1681 1058 1894 1132 aptior.
1947 1057 2005 1113 Ν
2005 1076 2083 1113 on
2127 1058 2285 1114 enim
2327 1061 2562 1129 temere,
2595 1076 2664 1115 ac

208 1162 315 1217 sine
350 1160 511 1235 gravi
556 1160 761 1238 aliqua
802 1179 975 1219 causa
1003 1192 1089 1203 -—
1118 1178 1252 1218 cum
1298 1156 1511 1237 ,λόγοςι
1554 1160 1820 1238 alioquin
1862 1179 2186 1220 sermonem
2231 1160 2443 1237 potius,
2483 1180 2662 1239 quam

208 1264 439 1322 Verbum
474 1264 769 1339 significet
788 1296 873 1307 -—
896 1268 1095 1323 tamen
1124 1284 1257 1323 cum
1284 1265 1357 1322 de
1386 1263 1541 1323 Filio
1582 1270 1796 1339 agatur
1837 1285 1874 1323 a
1901 1264 1960 1322 S.
1992 1265 2052 1321 S.
2083 1264 2152 1323 P.
2183 1265 2250 1323 P.
2291 1266 2402 1323 hoc
2429 1266 2660 1340 saepius
2724 1246 2732 1255 ¹

206 1386 359 1445 quam
384 1367 527 1426 illud
560 1373 898 1445 usurpatur.
960 1368 1034 1426 Id
1061 1368 1299 1447 quidem
1342 1372 1471 1425 tum
1514 1388 1591 1426 ex
1634 1369 1897 1447 antiquis
1941 1369 2298 1444 temporibus
2313 1412 2328 1440 ,
2361 1387 2496 1427 cum
2533 1374 2662 1444 post

208 1472 496 1529 Nioeenam
544 1474 870 1549 synodum3
921 1473 1027 1530 ubi
1076 1493 1123 1530 s.
1164 1492 1211 1531 s.
1254 1472 1567 1530 Trinitatis
1616 1473 1965 1550 mysterium
2019 1472 2082 1530 in
2131 1472 2394 1530 Ecclesia
2443 1472 2658 1531 clarius

208 1574 437 1651 intelligi
482 1578 921 1655 praedicarique
964 1578 1173 1653 coepit.
1231 1576 1493 1634 Prolixis
1520 1578 1571 1634 si
1602 1576 1770 1634 nobis
1799 1596 1918 1634 esse
1945 1576 2370 1647 concederetur,
2405 1596 2524 1635 non
2559 1577 2662 1635 abs

208 1698 261 1735 re
284 1679 423 1737 foret
448 1685 863 1755 argumentum
906 1685 1169 1739 nostrum
1198 1682 1265 1738 in
1292 1681 1409 1738 duo
1446 1682 1658 1756 partiri
1697 1680 1922 1756 eapita;
1969 1698 2217 1757 quorum
2260 1680 2426 1755 prius
2465 1685 2664 1755 ageret

209 1782 275 1839 de
298 1783 571 1859 duplici
618 1784 857 1843 Verbo
894 1786 1241 1842 interiore
1278 1789 1348 1842 et
1376 1783 1792 1860 prolatiti03
1838 1785 2123 1860 posterius
2151 1789 2350 1843 autem
2379 1786 2661 1843 curiosius

206 1886 357 1961 paulo
402 1906 601 1947 vocem
652 1885 855 1965 λόγου,
900 1893 963 1946 et
988 1888 1243 1946 rationes
1256 1932 1271 1959 ,
1320 1888 1395 1946 ob
1444 1907 1589 1965 quas
1632 1888 1792 1946 filius
1836 1888 1947 1945 Dei
2000 1887 2108 1945 illa
2157 1889 2232 1945 ab
2282 1888 2662 1963 Evangelista

206 1990 401 2049 Joanne
426 1992 852 2069 adpellabatur,
884 1992 1397 2067 contemplaretur.
1442 1992 1611 2050 Licet
1632 1993 1794 2049 enim
1816 1991 2221 2068 planissimum
2247 1993 2346 2063 sit,
2371 1998 2432 2049 et
2452 1994 2662 2071 cuique

208 2096 411 2153 textum
434 2096 472 2153 J
472 2116 647 2155 oann.
688 2102 717 2155 1
740 2142 755 2167 ,
794 2100 1023 2154 1-14.
1069 2097 1238 2154 modo
1280 2095 1495 2154 leviter
1538 2096 1878 2171 inspicienti
1920 2096 2180 2167 obvium,
2233 2089 2282 2154 s.
2313 2096 2660 2173 Apostolum

208 2200 447 2275 pericopa
493 2202 609 2259 ista
662 2199 825 2279 loqui
875 2202 947 2258 de
988 2200 1129 2257 Jesu
1174 2200 1437 2269 Christ03
1490 2200 1710 2276 reperti
1759 2204 1956 2259 tamen
1997 2204 2140 2257 sunt
2179 2204 2241 2257 et
2285 2202 2661 2276 reperiuntur

208 2300 439 2361 homines
478 2303 773 2362 increduli
786 2348 801 2375 ,
844 2306 949 2382 qui
986 2308 1191 2362 contra
1232 2302 1411 2361 solem
1452 2304 1645 2361 dicere
1673 2303 1894 2383 illaque
1933 2304 2112 2362 etiam
2155 2322 2304 2381 quae
2341 2304 2661 2380 palpabilia

209 2412 341 2475 sunt,
388 2409 449 2465 in
494 2409 747 2467 dubium
796 2428 1005 2467 vocare
1054 2407 1209 2466 nihil
1262 2408 1427 2484 pensi
1478 2409 1832 2467 habuerunt.
1919 2408 2238 2466 Enimvero
2288 2409 2660 2484 opinionibus

210 2512 557 2586 praeposteris
608 2512 981 2572 inhaerentes
1038 2518 1273 2571 textum
1324 2513 1381 2571 d.
1410 2512 1656 2571 Joannis
1713 2514 1800 2572 ita
1849 2513 2246 2581 detorserunt3
2305 2518 2378 2570 ut
2425 2514 2476 2569 si
2527 2512 2658 2571 illos

208 2614 479 2673 audiamus
496 2661 511 2686 ,
542 2637 589 2675 s.
620 2616 662 2674 J
662 2634 876 2675 oannes
921 2618 1065 2675 haec
1102 2612 1369 2675 scribens·
1404 2617 1749 2694 neutiquam
1789 2617 2092 2675 videretur
2129 2618 2200 2673 de
2237 2617 2274 2675 J
2275 2636 2378 2673 esu
2405 2616 2658 2676 Domino

208 2735 267 2773 ac
300 2720 563 2794 magistro
600 2740 711 2780 suo
750 2721 1031 2795 cogitasse
1048 2766 1063 2793 ,
1110 2726 1345 2779 tantum
1380 2722 1561 2791 abest,
1594 2726 1664 2779 ut
1692 2722 1762 2779 de
1792 2740 1858 2778 eo
1885 2722 2178 2796 scripsisse
2217 2721 2532 2779 censendus
2560 2722 2657 2779 sit.

208 2820 291 2879 Ita
332 2824 665 2901 cumprimis
708 2824 947 2901 prologo
973 2826 1010 2884 J
1012 2844 1235 2883 oanneo
1264 2845 1340 2883 ex
1370 2826 1666 2883 industria
1691 2846 1798 2883 sua
1839 2826 2006 2883 abusi
2047 2831 2188 2883 sunt
2229 2826 2471 2883 Socinus
2499 2830 2658 2884 uter-

207 2924 331 3000 qiie,
357 2926 423 2985 in
446 2928 815 2987 Bibliotheca
842 2930 1095 2987 fratrum
1135 2929 1503 3001 Polonorum,
1534 2930 1581 2987 f.
1612 2929 1673 2987 S.
1705 2927 1920 3005 explic.
1953 2949 2042 3006 pr.
2074 2948 2132 3005 p.
2164 2950 2254 3022 pr.
2285 2948 2414 3005 cap.
2444 2930 2482 2987 J
2483 2949 2655 2990 oaun.

208 3026 326 3087 Rae.
362 3036 535 3091 1618.
596 3033 663 3091 O.
696 3033 762 3092 G.
790 3033 1059 3105 Sandius,
1100 3035 1351 3110 interpr.
1383 3050 1508 3109 par.
1540 3034 1642 3091 aff.
1673 3034 1810 3091 diss.
1840 3034 1912 3091 de
1942 3033 2136 3091 Verbo
2173 3033 2657 3111 Cosmop.1669.

208 3150 257 3206 p.
288 3138 419 3192 259.
470 3136 527 3195 J.
562 3136 827 3195 Clericus
856 3158 931 3195 ex
960 3139 1347 3209 Arminianis,
1378 3158 1472 3213 pr.
1506 3136 1754 3195 XVIII.
1795 3144 2100 3195 commata.
2143 3138 2256 3197 Ev.
2290 3138 2500 3197 Joann.
2533 3158 2657 3214 par.

208 3240 257 3293 et
278 3239 557 3300 animadv.
588 3241 809 3299 illustr.
840 3244 1033 3299 Amst.
1071 3246 1257 3299 1695.
1316 3242 1375 3299 S.
1408 3262 1510 3299 un.
1542 3241 1744 3299 Theol.
1785 3243 1912 3299 chr.
1941 3262 2050 3300 sec.
2091 3242 2326 3300 Unitar.
2357 3241 2657 3318 Glaudiop.

214 3344 373 3399 1787.
402 3362 460 3419 p.
496 3350 641 3403 175.
700 3345 761 3403 S.
792 3346 860 3403 F.
893 3346 970 3403 Ν.
1000 3346 1221 3417 Morus,
1265 3346 1430 3403 recit.
1471 3347 1538 3403 in
1574 3365 1668 3404 ev.
1696 3346 1910 3404 Joann.
1947 3346 2108 3421 Lips.
2159 3350 2343 3405 1796.
2381 3366 2440 3421 p.
2483 3350 2582 3405 13.
2611 3366 2658 3405 s.

208 3440 450 3518 Kuinoel,
472 3448 625 3524 prol.
650 3450 720 3507 in
741 3449 854 3508 Ev.
876 3449 1089 3507 Joaun.
1116 3468 1173 3525 p.
1193 3453 1296 3507 88.
1333 3449 1391 3508 J.
1414 3450 1475 3507 S.
1494 3449 1734 3521 Semler,
1761 3450 2036 3525 paraphr.
2061 3449 2126 3506 in
2147 3448 2259 3507 Ev.
2281 3449 2492 3509 Joaun.
2515 3450 2656 3509 Hal.

214 3551 373 3606 1786.
429 3551 749 3623 Siisskind,
796 3558 857 3611 11.
894 3554 952 3611 d.
984 3573 1183 3611 neuer.
1216 3554 1488 3611 Ansicht.
1533 3554 1590 3611 d.
1620 3554 1710 3611 St.
1739 3553 1832 3611 Jo.
1869 3558 1924 3625 1,
1963 3558 2085 3611 1·-
2093 3556 2213 3624 14.,
2257 3554 2322 3611 in
2353 3555 2584 3629 Magaz.
2611 3554 2656 3611 f.

208 3648 641 3726 Dogm.u.Mo1·.
673 3662 859 3716 1803.
884 3656 967 3727 Χ,
1001 3663 1053 3716 1.
1084 3657 1145 3714 S.
1168 3658 1353 3729 Storr,
1381 3657 1672 3717 Zweckd.
1697 3658 1806 3715 Ev.
1831 3656 2040 3715 Gesch.
2071 3662 2256 3717 1809.
2271 3657 2654 3730 Ballenstadt,

208 3752 357 3815 Philo
366 3760 483 3817 und
494 3761 531 3819 J
531 3762 809 3820 ohannes.
828 3762 1211 3821 Braunschw.
1230 3767 1259 3819 1
1270 3766 1415 3820 802.
1433 3761 1593 3819 Gett.
1618 3766 1646 3817 1
1659 3764 1694 3819 8
1706 3766 1735 3819 1
1746 3766 1780 3818 2
1789 3804 1804 3819 .
1821 3761 1892 3819 Ε.
1902 3760 1974 3819 G.
1988 3760 2223 3835 Beugel,
2243 3762 2378 3820 Obs.
2395 3763 2468 3821 de
2481 3758 2656 3837 λόγῳ.

208 3854 347 3918 Part.
378 3862 409 3919 1
436 3863 582 3923 Tub.
622 3869 808 3923 1824.
848 3866 915 3923 iu
958 3884 1151 3941 opusc.
1198 3884 1267 3923 ac
1302 3885 1359 3940 p.
1394 3869 1539 3923 409.
1600 3864 2008 3935 Christmann,
2053 3870 2116 3922 11.
2159 3864 2332 3923 Trad.
2382 3884 2442 3923 ιι.
2488 3866 2656 3923 Schr.

208 3959 387 4037 Iaogos.
415 3987 473 4025 u.
500 3968 791 4028 Kabbala.
822 3968 1021 4027 Reutl.
1067 3974 1251 4027 1825.
1304 3968 1635 4041 Bfiumlein,
1668 3970 1741 4027 V.
1773 3973 1834 4027 ii.
1864 3970 1924 4027 d.
1954 3970 2022 4027 B.
2055 3970 2114 4026 d.
2143 3970 2266 4043 joh.
2299 3969 2484 4043 Logos
2513 3988 2568 4027 a.
2599 3969 2656 4027 d.

208 4062 618 4149 Religionssyst.
659 4073 718 4130 d.
748 4072 851 4131 Or.
882 4072 1031 4131 Tiib.
1067 4078 1253 4131 1828.
1284 4094 1331 4131 s.
1390 4072 1465 4131 G.
1496 4072 1786 4144 Scheffer,
1831 4075 1902 4130 de
1930 4092 2041 4131 usu
2081 4072 2348 4131 Philonis
2378 4074 2444 4131 in
2473 4073 2657 4131 inter-

212 4174 501 4241 pretatione
536 4177 612 4233 Ν.
640 4176 708 4234 Τ.
730 4177 921 4235 Marb.
953 4182 1137 4236 1831.
1162 4196 1222 4253 Ρ.
1250 4181 1351 4235 48.
1374 4198 1421 4235 s.
1468 4180 1543 4236 A.
1573 4178 1674 4235 Fr.
1699 4176 1958 4248 ostem,
1993 4178 2094 4234 das
2115 4176 2495 4251 Heiligthum
2518 4196 2577 4235 u.
2597 4178 2656 4235 d.

210 4269 509 4337 Wahrheit.
551 4280 773 4356 Stuttg.
826 4286 1009 4339 1838.
1056 4301 1114 4357 p.
1164 4285 1308 4339 335.
1369 4281 1597 4353 Dahne,
1649 4282 1838 4355 gesch.
1888 4279 2166 4338 Darstell.
2209 4281 2314 4339 der
2344 4281 2470 4355 jiid.
2499 4280 2656 4341 alex.

213 4373 577 4459 Religionsph.
592 4384 735 4443 Hal.
756 4388 940 4444 1834.
956 4406 1001 4443 .
1016 4384 1067 4456 Ι,
1092 4390 1235 4443 202.
1252 4405 1299 4443 s.
1328 4384 1545 4460 Lange,
1563 4386 1806 4443 Stud.u.
1828 4384 1988 4443 Krit.
2013 4388 2197 4443 1830.
2209 4404 2266 4460 p.
2287 4390 2432 4443 672.
2463 4386 2656 4459 Daub,

216 4478 282 4536 ib.
301 4486 469 4545 1833.
490 4507 547 4563 p.
568 4492 777 4547 355.s.
810 4488 873 4547 C.
904 4488 1239 4560 Fromman,
1271 4490 1374 4547 der
1398 4489 1521 4564 joh.
1552 4487 1942 4563 Lehrbegriff.
1973 4487 2139 4564 Leip.
2162 4492 2422 4566 1839.p.
2443 4491 2586 4549 137.
2607 4512 2656 4549 s.

214 4580 264 4639 S.
290 4584 447 4660 Lutz,
486 4591 629 4652 bibl.
660 4591 870 4667 Dogm.
902 4613 961 4669 p.
996 4597 1141 4651 391.
1172 4612 1219 4651 s.
1272 4592 1615 4663 Hoffmann,
1657 4592 2094 4653 Schriftbeweis
2122 4592 2176 4665 Ι,
2215 4598 2357 4654 102.
2387 4616 2434 4653 s.
2489 4594 2562 4653 F.
2592 4594 2656 4654 C.
