3267 5259
1102 422 1145 463 S.
1166 420 1293 463 Pauli
1323 418 1537 472 epistolae
1565 418 1700 460 Roma
1725 418 1868 459 datae.
2591 401 2720 467 443

232 616 460 663 versam,
500 601 834 665 experientia
860 599 1053 649 doctus
1080 595 1387 663 Apostolus,
1428 599 1509 648 uti
1546 602 1601 648 et
1635 595 1892 647 humilem
1929 594 2294 645 conditionem
2320 594 2400 644 sic
2435 597 2718 657 pauperta-

234 694 339 739 tem
376 688 613 739 tolerare
650 690 893 753 poterat;
928 685 981 736 J.
1010 684 1225 736 Christo
1258 700 1322 735 ea
1348 686 1527 735 omnia
1561 684 1827 735 subeundi
1853 684 1995 733 vires
2020 680 2500 754 Paulmlargiente.
2538 679 2718 728 Etiam

234 777 279 825 si
315 791 446 825 vero
484 775 686 825 talibus
732 789 841 825 non
885 773 1151 839 indigeret
1188 772 1526 831 adiumentis,
1564 776 1624 822 ut
1669 770 1812 821 laete
1861 775 2024 834 atque
2070 770 2319 819 alacriter
2357 782 2575 816 munere
2614 766 2719 815 sibi

236 862 559 912 demandato
592 861 927 928 fungeretur3
964 864 1143 909 tamen
1176 858 1551 924 Philippenses
1590 864 1734 909 recte
1769 858 1966 908 fecisse
1998 856 2252 907 censendi
2279 860 2417 911 sunt,
2443 852 2718 918 ysmbolas

234 948 358 999 illas
406 966 448 998 s.
493 948 667 999 Paulo
715 950 1011 999 mittentes:
1058 952 1245 1012 utpote
1294 949 1387 1012 qui
1422 946 1741 1011 Apostolum
1773 946 1990 995 maximi
2025 943 2322 1003 faciebant,
2366 942 2565 1006 quique
2603 940 2720 989 eius

234 1037 561 1087 afflictiones
596 1037 835 1086 minuere
872 1036 1015 1085 omni
1052 1034 1261 1084 meliori
1298 1034 1459 1084 modo
1498 1033 1848 1083 conabantur.
1887 1032 2008 1082 Non
2033 1030 2303 1081 modicum
2329 1029 2492 1094 igitur
2517 1044 2582 1077 ex
2618 1026 2721 1076 hac

233 1123 665 1189 Philippensium
700 1122 1030 1172 liberalitate
1079 1121 1414 1171 commodum
1451 1122 1507 1170 in
1546 1136 1587 1170 s.
1625 1118 1856 1170 Paulum
1892 1117 2247 1177 redundabat,
2285 1117 2376 1182 qui
2412 1115 2536 1165 ideo
2575 1129 2718 1163 nunc

245 1213 363 1261 sine
402 1211 547 1260 curis
594 1209 814 1259 vivendi
866 1206 1125 1258 facultate
1170 1207 1455 1273 gaudebat.
1507 1206 1739 1258 Omnino
1787 1223 1914 1257 vero
1952 1206 2124 1256 maius
2163 1209 2276 1255 erat
2311 1204 2536 1263 lucrum,
2575 1202 2720 1267 quod

234 1298 339 1361 ipsi
366 1296 747 1361 Philippenses
773 1310 839 1345 ex
863 1293 961 1345 illa
983 1294 1255 1358 ferebant3
1292 1296 1775 1345 remunerationem
1812 1309 1920 1360 qua
1943 1294 2092 1344 Deus
2132 1308 2316 1344 eorum
2351 1293 2406 1340 in
2446 1292 2720 1341 doctorem

240 1398 399 1433 suum
436 1398 671 1433 amorem
716 1381 931 1432 abunde
969 1387 1355 1447 compensaret.
1376 1384 1443 1444 ,4,
1472 1384 1551 1435 17.
1591 1383 1714 1433 coll.
1764 1382 1927 1433 Hebr.
1957 1385 2038 1444 13,
2068 1382 2149 1430 16.
2205 1378 2602 1445 Epaphroditus
2637 1377 2722 1426 uti

235 1470 463 1521 Romam
503 1470 761 1536 pervenit,
790 1469 932 1519 omni
957 1468 1148 1519 ardore
1176 1484 1233 1519 se
1258 1474 1429 1520 totum
1453 1470 1700 1535 Apostoli
1729 1470 2004 1535 obsequiis
2030 1468 2318 1533 impendit3
2358 1480 2522 1532 quare
2547 1478 2721 1529 neque

232 1559 381 1608 vitae
418 1572 549 1607 suae
586 1572 829 1622 parcens,
869 1557 924 1606 in
972 1571 1190 1623 gravem
1227 1557 1469 1607 morbum
1519 1557 1728 1607 incidit.
1779 1556 2255 1607 Convalescentem
2294 1551 2720 1618 Epaphroditum

238 1660 359 1695 cum
397 1644 502 1696 hac
540 1643 785 1710 epistola,
836 1644 893 1695 in
928 1659 1037 1709 qua
1071 1660 1167 1709 pro
1206 1647 1445 1711 acceptis
1499 1644 1779 1695 beneficiis
1826 1644 2026 1711 gratias
2074 1647 2272 1708 ageret,
2321 1638 2614 1705 Apostolus
2651 1638 2722 1687 ad

240 1749 371 1783 suos
397 1732 828 1783 commendatum
864 1732 1037 1783 redire
1072 1733 1247 1783 iussit.
1284 1732 1468 1783 Utitur
1503 1737 1686 1783 autem
1721 1748 1816 1798 pro
1841 1747 1987 1781 more
2013 1746 2112 1781 suo
2137 1729 2300 1779 simul
2324 1727 2722 1793 opportunitate

232 1820 303 1870 ad
340 1821 666 1886 gravissima
710 1820 973 1886 quaedam
1010 1819 1265 1886 religonis
1304 1821 1483 1885 capita
1521 1825 1575 1870 et
1610 1824 1900 1885 praecepta
1935 1818 2176 1879 moralia,
2216 1832 2314 1866 nec
2351 1831 2459 1866 non
2497 1818 2724 1879 paterna

236 1909 447 1958 monita
482 1908 551 1957 iis
588 1906 867 1957 tradenda.
906 1909 955 1969 2,
981 1908 1064 1957 25.
1091 1922 1133 1957 s.

443 1994 603 2045 Hanc
640 1992 991 2045 excellentem
1026 1995 1247 2043 summis
1283 2009 1317 2044 a
1353 2010 1394 2044 s.
1432 1993 1606 2045 Paulo
1643 1993 1894 2045 laudibus
1933 1998 2175 2043 ornatam
2199 1990 2481 2042 Ecclesiae
2518 1989 2723 2053 Philip-

231 2084 421 2149 pensis
459 2082 843 2145 conditionem,
882 2082 1130 2147 sequenti
1165 2096 1301 2132 aevo
1339 2080 1485 2131 haud
1520 2083 1850 2131 imminutam
1888 2085 2119 2131 testatur
2153 2080 2206 2131 S.
2243 2078 2598 2143 Polycarpus,
2637 2092 2721 2141 ep.

232 2172 304 2222 ad
340 2170 579 2236 Philipp.
615 2186 668 2220 n.
706 2170 741 2219 1.
780 2170 863 2221 ed.
890 2170 1083 2219 Hefele
1118 2184 1170 2234 p.
1197 2170 1317 2219 259.
1357 2169 1715 2235 ,Magnopore
1753 2170 2076 2235 congavisus
2114 2183 2230 2218 sum
2265 2167 2423 2217 vobis
2461 2167 2516 2215 in
2553 2166 2620 2215 D.
2658 2164 2722 2213 N.

230 2259 285 2312 J.
315 2259 397 2321 C.,
418 2258 568 2325 quod
592 2274 753 2308 verae
778 2259 1019 2308 caritatis
1047 2258 1311 2322 imagines
1336 2256 1651 2321 suscepistis
1678 2292 1854 2306 .....
1879 2274 1893 2319 3
1931 2260 1985 2305 et
2023 2254 2165 2321 quod
2188 2254 2340 2304 firma
2364 2254 2488 2303 fidei
2514 2258 2724 2302 vestrae

232 2346 405 2406 radix,
457 2346 527 2395 ab
580 2346 816 2411 antiquis
864 2346 1192 2409 temporibus
1247 2346 1567 2394 annuntiata
1620 2360 1794 2409 usque
1849 2342 2025 2394 adhuc
2079 2346 2354 2408 permanet
2399 2347 2452 2392 et
2495 2340 2724 2391 fructum

232 2434 391 2485 affert
426 2436 485 2484 in
523 2434 589 2483 D.
628 2433 691 2484 N.
730 2432 783 2485 J.
831 2432 922 2483 C.“
982 2432 1088 2483 Sed
1146 2437 1200 2482 et
1252 2430 1483 2482 saeculis
1539 2432 1882 2497 sequioribus
1936 2431 2264 2497 temporibus
2318 2428 2624 2479 Ecclesiam
2672 2430 2726 2477 et

230 2523 630 2587 Episcopatum
668 2519 936 2586 Philippis
971 2521 1219 2571 floruisse
1257 2521 1519 2571 novimus.
1561 2519 1642 2571 cf.
1669 2517 2013 2581 Tertulliani,
2043 2519 2108 2569 de
2133 2534 2365 2584 praescr.
2391 2517 2534 2567 haer.
2563 2532 2608 2565 c.
2640 2516 2723 2565 36.

231 2626 283 2674 p.
310 2612 396 2659 25.
438 2608 699 2670 Socratis,
738 2608 807 2657 H.
834 2608 896 2658 E.
924 2608 1017 2669 VI,
1046 2609 1127 2658 18.
1156 2624 1232 2674 gr.
1259 2624 1311 2673 p.
1338 2611 1457 2659 326.
1494 2608 1791 2658 Anthentia
1826 2606 1984 2656 huius
2021 2606 2301 2671 Epistulae
2339 2611 2423 2655 sat
2458 2617 2724 2668 superque

232 2697 468 2747 internis
507 2697 854 2761 argumentis,
893 2695 1087 2760 quibus
1126 2700 1349 2745 externa
1385 2698 1694 2757 concinunt,
1732 2696 1790 2743 in
1829 2700 1944 2744 tuto
1972 2692 2285 2746 collocatur.
2323 2692 2520 2742 Nostra
2545 2694 2724 2739 aetate

234 2785 457 2849 quidem
494 2784 693 2849 reperti
729 2788 877 2833 suntz
918 2783 1077 2845 Baur,
1123 2782 1327 2833 Paulus
1365 2799 1417 2848 p.
1460 2784 1579 2835 458.
1630 2781 1950 2848 Schwegler,
2000 2780 2312 2845 nachapost.
2361 2778 2616 2829 Zeitalter
2652 2776 2723 2838 ΙΙ,

240 2874 359 2923 133.
388 2888 455 2934 s.,
482 2872 578 2936 qui
614 2871 929 2935 scriptorem
976 2870 1163 2920 harum
1208 2870 1481 2920 literarum
1530 2869 1851 2919 Gnosticum
1898 2869 2090 2931 fuiss03
2141 2866 2366 2933 proinde
2403 2882 2436 2917 a
2471 2882 2515 2919 s.
2551 2863 2725 2915 Paulo

238 2959 405 3025 longe
445 2958 719 3009 diversum
756 2956 1185 3023 praetenderent.
1224 2956 1611 3007 cavillationes
1649 2962 1827 3007 autem
1865 2956 1934 3006 ab
1973 2958 2040 3005 iis
2078 2956 2316 3021 prolatas
2365 2953 2525 3020 plane
2574 2952 2728 3003 refel-

238 3046 461 3096 lebant:
513 3044 575 3095 G.
605 3045 666 3095 C.
691 3043 755 3094 A.
781 3046 1115 3107 Lflnemann‚
1142 3044 1204 3094 P.
1232 3045 1301 3095 ad
1324 3044 1561 3110 Philipp.
1589 3060 1671 3110 ep.
1700 3060 1744 3093 c.
1793 3044 1940 3093 Baur
1978 3042 2082 3093 def.
2123 3042 2267 3093 Gott.
2305 3044 2455 3093 1847.
2491 3058 2543 3107 p.
2580 3042 2644 3089 24
2684 3055 2725 3089 s.

236 3134 297 3183 Τ.
323 3131 529 3195 Resch,
560 3132 625 3182 de
651 3129 1042 3181 l'authenticite
1067 3132 1133 3182 de
1157 3130 1281 3196 l'ep.
1308 3147 1411 3181 aux
1436 3131 1672 3196 Philipp.
1697 3130 1927 3181 Strassb.
1953 3132 2100 3181 1850.
2147 3130 2209 3180 Β.
2237 3130 2300 3180 Β.
2321 3128 2614 3189 Briickner,
2643 3143 2724 3191 ep.

236 3221 304 3271 ad
342 3220 589 3286 Philipp.
632 3219 804 3270 Paulo
843 3221 1052 3270 auctori
1086 3219 1235 3272 vind.
1272 3236 1316 3269 c.
1354 3220 1607 3269 Baurium
1648 3219 1798 3283 Lips.
1839 3220 1990 3279 1848,
2026 3233 2076 3282 p.
2116 3218 2193 3267 15.
2234 3232 2272 3265 s.
2313 3218 2395 3266 81.
2432 3231 2472 3264 s.
2522 3214 2724 3277 Meyer,

235 3308 445 3360 Comm.
476 3322 530 3373 p.
557 3310 607 3358 4.
633 3322 678 3357 s.
727 3306 947 3367 Beelen,
974 3307 1176 3357 Comm.
1202 3322 1253 3371 p.
1280 3308 1329 3356 8.
1355 3322 1397 3356 s.
1448 3306 1712 3367 Tholuck,
1739 3304 1776 3355 1.
1801 3322 1842 3355 s.
1871 3322 1912 3353 c.
1942 3320 1993 3369 p.
2025 3306 2104 3356 15.

818 3588 858 3667 ἓ
904 3587 1007 3653 88.
1056 3581 1425 3670 Epistola
1470 3582 1563 3647 ad
1610 3580 2148 3646 Colossenses.

400 3778 405 3781 ’
451 3775 898 3858 Colossenses‚
948 3798 1224 3861 quorum
1271 3774 1480 3859 gratia
1511 3776 1540 3834 ὁ
1583 3780 1691 3835 τῶν
1739 3774 1910 3835 ἐθνῶν
1958 3774 2262 3845 ἀπόστολος
2305 3770 2525 3835 literas
2575 3792 2726 3833 exa-

232 3894 428 3974 ravit,
498 3888 757 3955 incolae
832 3898 1019 3953 erant
1088 3886 1343 3952 illarum
1413 3886 1851 3969 Colossamm,
1921 3909 2089 3972 quae
2165 3886 2340 3949 haud
2416 3884 2726 3968 exiguum

234 4004 595 4091 phrygium
642 4002 908 4066 fuerunt
952 4000 1267 4088 oppidum
1310 4002 1478 4064 inter
1508 3999 1912 4065 Laodiceam
1961 4010 2024 4064 et
2053 3998 2480 4084 Hierapolim,
2522 4018 2726 4082 prope

239 4120 494 4182 exitum
540 4114 706 4201 Lyci
750 4117 817 4179 in
862 4114 1293 4179 Maeandrum
1340 4116 1500 4179 sitae
1528 4118 1565 4179 ¹.
1616 4113 1866 4178 Omnes
1914 4114 2053 4178 fere
2099 4113 2530 4198 interpretes²
2575 4132 2727 4174 con-

456 4354 493 4418 ¹)
534 4353 617 4405 cf.
656 4352 853 4415 Smith,
890 4353 1105 4418 Septem
1141 4352 1304 4404 Asiae
1342 4353 1533 4404 eccles.
1571 4354 1784 4415 notitia,
1807 4368 1860 4418 p.
1888 4356 1969 4402 39.
2023 4351 2259 4415 Cellarii,
2298 4367 2474 4418 geogr.
2512 4358 2618 4401 ant.
2659 4352 2728 4413 11,

242 4446 361 4494 152.
399 4442 668 4503 Mannert,
708 4441 897 4507 Geogr.
928 4441 977 4491 d.
1008 4440 1097 4492 Gr.
1122 4442 1211 4491 Vl.
1239 4444 1287 4503 3,
1317 4442 1433 4493 148.
1464 4457 1505 4491 s.
1558 4441 1599 4507 ²)
1636 4440 1695 4491 Si
1733 4441 1915 4491 demas
1954 4456 2020 4489 ex
2054 4441 2292 4504 antiquis
2317 4439 2729 4501 Tbeodoretum,

238 4546 353 4596 arg.
382 4546 465 4595 ep.
492 4528 563 4580 ad
582 4528 794 4579 Coloss.
819 4528 912 4579 111.
944 4531 988 4587 1,
1010 4530 1127 4578 472.
1168 4528 1229 4579 C.
1251 4529 1558 4591 Batonium,
1584 4529 1720 4579 Anu.
1748 4531 1829 4589 60,
1853 4530 1932 4581 14.
1961 4543 2012 4592 p.
2039 4529 2174 4589 567„
2204 4532 2258 4577 et
2287 4542 2316 4577 e
2342 4528 2729 4578 recentioribus

238 4618 307 4668 D.
348 4616 567 4677 Schulz,
608 4617 666 4665 in
700 4630 823 4665 ann.
874 4615 1023 4666 Stud.
1075 4632 1126 4665 u.
1164 4614 1301 4665 Krit.
1343 4617 1493 4678 1829,
1530 4631 1579 4680 Ρ.
1617 4617 1738 4678 535,
1765 4631 1807 4665 s.
1859 4614 1927 4668 H.
1956 4615 2019 4665 A.
2058 4614 2262 4676 Schott,
2300 4614 2528 4680 Isagoge
2566 4614 2616 4663 h.
2655 4630 2728 4664 cr.
