3267 5259
648 488 775 555 388
1392 498 1507 544 mat.
1538 498 1643 544 sev.
1671 496 1760 545 aiv.
1791 497 1958 545 Period.
1987 497 2042 543 11.
2061 514 2156 555 οη..
2187 498 2384 554 primum.

650 674 1099 761 evangelicam
1170 686 1547 742 constanter
1613 676 1782 741 tueri
1855 674 2163 741 iubentur
2173 724 2190 759 ,
2273 700 2386 742 eos
2456 675 2852 742 cohortatur:
2913 685 2974 740 ut
3025 676 3076 740 in

650 786 949 853 libertate
1014 786 1288 874 Spiritus
1352 798 1419 853 et
1478 790 1763 853 caritatis
1827 788 2163 854 ambulent
2187 793 2224 853 ¹.
2305 788 2496 855 Vitiis
2561 788 2966 871 reluctentur,
3019 810 3071 851 se

652 911 883 966 contra
928 902 1143 965 carnis
1188 910 1402 966 motus
1434 910 1690 967 arment
1706 902 1750 966 ².
1829 900 1932 966 Ne
1985 924 2143 967 vero
2199 904 2488 987 peccatis
2539 899 2836 967 laborare
2887 923 3074 987 perge-

646 1023 795 1078 rent
840 1012 1148 1097 Galatae,
1220 1013 1611 1100 quibusdam
1677 1038 1790 1079 eos
1857 1016 2228 1101 praeceptis
2273 1014 2708 1100 singularibus
2759 1014 3034 1079 informat
3047 1017 3080 1074 ³.

646 1125 754 1190 Ad
832 1128 1077 1191 exitum
1158 1127 1473 1213 epistolae
1554 1126 1975 1192 commendat
2047 1126 2267 1193 literas
2335 1149 2521 1210 suas,
2621 1148 2784 1214 quas
2861 1128 3082 1213 copiose

648 1248 713 1302 et
757 1240 1009 1303 sincere
1056 1241 1325 1325 propria
1367 1262 1568 1304 manu
1624 1240 1898 1325 scripsit.
1973 1238 2336 1304 Ponderari
2405 1239 2544 1304 vult
2610 1262 2807 1326 quam
2869 1240 3084 1304 diverso

647 1352 876 1415 itinere
924 1374 965 1415 a
1008 1352 1140 1415 suis
1188 1349 1752 1438 oppugnatoribus
1799 1362 1866 1417 et
1911 1351 2296 1417 Galatarum
2342 1350 2898 1440 perturbatoribus
2946 1354 3088 1416 inee—

648 1462 851 1528 deret.
920 1463 1111 1528 Absit
1156 1465 1247 1528 ait
1290 1463 1353 1528 b.
1400 1463 1786 1551 Apostolus,
1831 1474 1906 1529 ut
1949 1467 2016 1529 in
2063 1464 2189 1529 alia
2231 1488 2302 1529 re
2349 1463 2620 1549 glorier,
2667 1476 3088 1551 praeterquam

643 1578 711 1639 in
740 1598 872 1641 una
910 1599 1075 1663 pura
1117 1576 1720 1663 praedicatione
1769 1580 2027 1643 crucis
2070 1578 2157 1642 D.
2189 1576 2269 1642 N.
2303 1578 2364 1643 J.
2401 1576 2474 1642 C.
2519 1577 2690 1641 Nam
2739 1576 2824 1641 ad
2851 1576 3088 1641 salutem

644 1686 799 1752 nihil
847 1688 1193 1755 conferunt
1235 1690 1437 1776 Legis
1483 1692 1907 1773 cerimoniae,
1975 1688 2094 1754 sed
2138 1712 2314 1755 nova
2359 1699 2688 1773 creatura3
2759 1711 2919 1775 quae
2971 1710 3088 1751 esse

642 1824 775 1867 non
821 1812 1056 1887 potest,
1102 1804 1225 1867 nisi
1268 1814 1457 1867 vetus
1500 1804 1801 1869 intereat.
1851 1801 2054 1889 Optat
2098 1802 2398 1868 omnibus
2427 1802 2580 1867 huic
2611 1802 2935 1868 doctrinae
2965 1824 3088 1865 con—

642 1915 1071 1980 sentientibus
1113 1938 1345 2002 pacem
1394 1925 1459 1981 et
1502 1917 2014 1983 misericordiam
2059 1916 2208 1981 Dei.
2253 1916 2356 1981 Eo
2387 1926 2686 2002 tempore
2719 1918 2846 1980 iam
2873 1939 2920 1980 s.
2947 1914 3086 1978 Pau-

643 2027 743 2092 lus
790 2027 1051 2092 ferebat
1092 2029 1168 2093 in
1216 2050 1553 2115 corpore
1601 2052 1736 2095 suo
1785 2031 2152 2114 stigmata
2195 2028 2513 2094 Domini
2559 2028 2814 2093 Jesu⁴.

640 2334 711 2383 in.
731 2333 916 2383 Jahrb.
944 2332 994 2383 d.
1021 2334 1072 2383 b.
1098 2332 1183 2382 W.
1212 2334 1363 2383 1857.
1401 2350 1451 2397 p.
1478 2336 1596 2385 200.
1622 2349 1665 2384 a.
1701 2334 1781 2385 Id.
1821 2333 1906 2383 die
1933 2332 2214 2383 Sendschr.
2242 2334 2290 2383 d.
2315 2333 2416 2400 Ap.
2439 2334 2660 2384 Paulus.
2689 2334 2837 2384 1857.
2859 2350 2908 2399 p.
2929 2334 3032 2381 493.
3052 2346 3086 2379 s.

640 2448 707 2457 —
745 2421 913 2471 Vetus
962 2421 1363 2470 Testamentum
1410 2436 1521 2471 una
1574 2436 1694 2471 cum
1741 2426 1910 2471 matre
1957 2426 2184 2487 paterna
2233 2420 2387 2471 domo
2435 2421 2665 2471 eiectum
2712 2420 2899 2481 fuisse,
2941 2426 2992 2467 ut
3031 2416 3086 2465 ad

640 2507 940 2573 exemplum
977 2507 1169 2569 Isaaci,
1208 2522 1274 2556 ex
1310 2508 1545 2571 ingenua
1580 2513 1748 2558 matre
1785 2508 1926 2557 natis
1963 2507 2179 2558 cederet
2215 2506 2530 2557 haereditas.
2580 2509 2630 2570 4,
2657 2508 2877 2557 21—31.

858 2594 899 2659 ¹)
936 2594 1109 2654 Quam
1153 2608 1281 2643 vero
1329 2593 1629 2643 libertatem
1675 2609 1783 2644 non
1833 2610 1896 2645 eo
1941 2593 2122 2644 valere
2168 2594 2320 2658 dicit,
2368 2598 2428 2644 ut
2459 2595 2603 2644 vitae
2639 2594 2824 2659 generi
2863 2590 3085 2643 dissoluto

644 2695 861 2746 operam
898 2680 1027 2730 dare
1064 2679 1247 2743 liceat,
1286 2680 1381 2730 sed
1416 2680 1736 2731 concordiae
1775 2686 1830 2730 et
1864 2682 2032 2731 amori
2076 2687 2277 2731 mutuo.
2350 2680 2392 2745 ²)
2429 2682 2662 2731 Tantum
2707 2681 2894 2731 abesse
2933 2684 2987 2728 ut
3015 2677 3088 2742 qui

640 2767 710 2817 ad
745 2769 811 2817 D.
838 2768 903 2817 N.
928 2767 979 2817 J.
1010 2767 1067 2816 C.
1106 2767 1263 2816 fidem
1288 2782 1413 2818 vere
1449 2768 1731 2833 pertinent,
1769 2768 1944 2817 carnis
1969 2767 2248 2819 desideriis
2284 2768 2678 2833 obsequantur3
2717 2774 2777 2817 ut
2800 2768 2875 2817 eis
2898 2766 3088 2815 maxime

646 2853 917 2920 peculiare
954 2855 1047 2916 sit,
1086 2858 1255 2903 totum
1294 2854 1438 2919 quod
1471 2854 1527 2904 in
1562 2855 1694 2920 ipsis
1731 2869 1763 2903 a
1799 2859 1992 2906 natura
2033 2860 2284 2921 corrupta
2319 2862 2402 2905 est
2435 2856 2732 2906 necavisse.
2807 2855 2848 2918 ²)
2883 2852 3093 2903 Graviter

643 2940 953 2990 adhortatur
990 2956 1037 2990 c.
1068 2943 1117 2991 5.
1154 2945 1217 2989 ut
1251 2940 1343 2989 alii
1380 2940 1603 2991 aliorum
1643 2954 1810 2991 onera
1846 2942 2118 3006 suscipere
2157 2946 2210 2991 et
2246 2942 2480 2991 allevare
2517 2942 2786 2991 studeant.
2835 2940 3092 3005 Diligenter

642 3028 867 3093 quisque
904 3026 1194 3089 examinet,
1246 3026 1388 3092 quod
1424 3027 1525 3077 sibi
1562 3026 1853 3093 gerendum
1891 3033 1972 3077 est
2007 3044 2072 3077 ex
2109 3029 2346 3078 caritatis
2381 3028 2500 3093 lege
2542 3029 2832 3094 negotium.
2879 3030 2932 3089 6,
2967 3026 3090 3073 1-5.

641 3113 745 3175 Qui
792 3113 857 3163 de
892 3113 1191 3179 Evangelio
1236 3114 1537 3175 instruitur,
1585 3118 1642 3164 et
1685 3116 1802 3180 ipse
1839 3115 2073 3165 vicissim
2111 3115 2380 3166 doctorem
2427 3130 2580 3165 suum
2617 3116 2922 3181 participem
2955 3112 3092 3161 faciat

642 3188 1175 3250 omnium‘bonorum.
1224 3200 1328 3250 Illa
1352 3216 1491 3266 quae
1518 3200 1585 3251 de
1608 3202 1786 3251 carnis
1813 3206 1866 3252 et
1891 3202 2118 3267 Spiritus
2153 3202 2291 3252 inter
2325 3216 2382 3252 se
2417 3216 2601 3267 pugna
2635 3201 2906 3268 praeclare
2939 3199 3090 3247 admo·

640 3288 773 3350 nuit,
802 3288 879 3337 sic
904 3287 1193 3349 concludit,
1220 3291 1282 3337 ut
1304 3292 1539 3337 extrema
1570 3289 1846 3354 utriusque
1873 3288 2135 3350 ostendat,
2176 3304 2282 3354 quo
2313 3288 2564 3338 videlicet
2587 3303 2734 3351 caro,
2772 3304 2874 3354 quo
2897 3285 3092 3352 Spiritus

640 3389 906 3439 quemque
942 3373 1189 3423 deducat.
1224 3375 1332 3439 ⁴De
1370 3375 1545 3424 carnis
1583 3375 1835 3440 operibus
1871 3376 2134 3440 pernicies
2173 3379 2544 3439 consequetur,
2583 3374 2650 3423 de
2686 3374 2863 3425 fructu
2897 3371 3094 3437 Spiritus

637 3461 751 3509 vita
794 3466 1028 3511 aeterna.
1102 3460 1145 3526 ⁴)
1196 3459 1312 3510 Gal.
1353 3462 1409 3523 6,
1448 3462 1638 3510 4-18.
1701 3457 2022 3529 ,,Στίγματα“
2069 3462 2126 3511 in
2173 3462 2236 3510 N.
2282 3461 2344 3511 T.
2395 3456 2520 3519 ἅπαξ
2563 3456 2846 3529 λεγόμενον,
2887 3455 3094 3524 profanis

642 3547 992 3612 scriptoribus
1046 3548 1253 3613 graecis
1306 3548 1556 3597 dicuntur
1605 3552 1835 3613 puncta,
1887 3563 2026 3613 quae
2081 3549 2416 3597 instrumenti
2469 3548 2615 3597 acuti
2663 3562 2769 3613 ope
2821 3545 3096 3610 infiguntur.

638 3631 879 3698 Suntque
914 3639 1091 3696 notae,
1130 3634 1317 3698 quales
1354 3634 1581 3699 captivis
1618 3648 1825 3699 poenae
1849 3648 2018 3683 causa
2045 3638 2100 3684 et
2131 3636 2298 3684 servis
2333 3634 2632 3695 inuruntur,
2671 3638 2733 3683 ut
2769 3634 2814 3684 si
2847 3630 3100 3695 aufugiant

639 3725 1030 3784 agnoscantur,
1085 3720 1179 3769 sed
1228 3724 1283 3770 et
1328 3721 1384 3769 in
1432 3721 1496 3771 iis
1552 3722 1886 3785 reperiuntur
1940 3722 2032 3785 qui
2084 3722 2286 3771 numini
2340 3718 2553 3770 cuidam
2601 3722 2656 3769 in
2705 3724 2994 3786 perpetuum
3043 3730 3100 3763 se

637 3811 1031 3857 consecrarunt.
1094 3806 1384 3857 Cicatrices
1420 3822 1635 3873 quoque
1672 3807 2074 3857 vulneratorum
2120 3807 2341 3857 militum
2385 3808 2638 3873 stigmata
2673 3806 2966 3856 audiebant.
3021 3800 3100 3850 Cf.

637 3892 703 3941 de
740 3908 841 3943 usu
877 3892 983 3957 loq.
1024 3894 1179 3955 Zorn,
1217 3893 1357 3943 Bibl.
1394 3894 1558 3958 antiq.
1602 3892 1646 3956 Ι,
1680 3895 1800 3944 458.
1835 3910 1888 3943 ιι.
1938 3892 2183 3959 Deyling‚
2214 3894 2350 3943 Oba.
2389 3908 2431 3943 s.
2467 3893 2566 3943 111.
2601 3894 2698 3955 48,
2733 3896 2851 3943 331.
2883 3908 2920 3941 s.
2960 3888 3007 3937 J.
3042 3886 3101 3935 B.

634 3980 1019 4041 Hammericus,
1046 3978 1172 4029 diss.
1200 3978 1265 4029 de
1292 3978 1474 4044 Stigm.
1504 3979 1561 4029 C.
1586 3981 1642 4029 in
1669 3994 1892 4045 corpore
1917 3980 1977 4029 P.
2003 3980 2166 4030 Hafn.
2203 3981 2352 4029 1701.
2403 3980 2463 4029 C.
2489 3980 2756 4041 Hasaeus,
2793 3979 2857 4028 de
2891 3973 3102 4043 στίγματι

549 4106 561 4118 .
634 4068 902 4117 Veterum.
940 4066 1113 4115 Brem.
1153 4068 1302 4115 1704.
1351 4066 1588 4132 Aringhi,
1624 4066 1798 4116 Roma
1829 4066 2052 4117 subterr.
2098 4066 2171 4128 11,
2209 4068 2324 4116 134.
2371 4066 2424 4116 J.
2461 4064 2521 4115 C.
2549 4065 2711 4127 wolf,
2749 4081 2854 4115 cur.
2885 4061 2999 4129 phil.
3039 4059 3104 4109 ad

634 4154 683 4205 ll.
720 4155 754 4204 1.
790 4154 863 4217 11,
901 4156 1016 4205 789.
1066 4152 1274 4215 swam,
1308 4149 1563 4219 in‘Apoo.
1597 4154 1747 4220 Lips.
1786 4156 1936 4205 1828.
1982 4171 2034 4219 p.
2074 4154 2189 4204 161.
2225 4170 2268 4204 s.
2315 4154 2416 4203 His
2453 4152 2746 4203 accomodo
2783 4155 2830 4213 6,
2865 4152 2938 4201 ιι.
2967 4163 3010 4197 s.
3047 4155 3110 4197 tr.
3218 4118 3219 4125 ’

635 4237 877 4309 στίγματα
911 4240 945 4289 i.
972 4256 1017 4289 e.
1044 4245 1204 4290 notae
1228 4242 1295 4290 D.
1322 4241 1386 4289 N.
1412 4240 1465 4290 J.
1492 4241 1552 4291 C.
1582 4242 1638 4290 in
1667 4256 1891 4306 corpore
1927 4240 2082 4291 Pauli
2117 4241 2424 4306 impressae,
2463 4244 2643 4289 erant:
2682 4232 2780 4301 „⁴:21
2811 4234 3114 4303 παθήματ-τέπ

634 4328 852 4392 quaein
876 4342 1097 4376 munere
1119 4325 1467 4391 Apostolatus
1505 4328 1605 4377 rite
1630 4333 1684 4377 et
1709 4332 2017 4377 constanter
2052 4326 2302 4377 obeundo
2337 4340 2624 4391 perpessus
2659 4326 2857 4387 hierat3
2891 4338 3112 4388 quorum
3218 4358 3219 4361 η

634 4428 881 4478 magnam
917 4418 1121 4479 partem
1159 4412 1331 4463 altera
1366 4412 1436 4463 ad
1474 4414 1594 4463 Cor.
1621 4430 1707 4480 ep.
1731 4415 2086 4479 persequitur.
2115 4416 2174 4475 ’1,
2199 4414 2249 4462 5.
2285 4414 2334 4475 4,
2363 4415 2445 4463 10.
2487 4416 2567 4475 11,
2593 4414 2679 4461 23.
2739 4412 2882 4461 Haec
2916 4410 3116 4469 omnia,

636 4514 773 4563 quae
810 4500 1066 4550 occultari
1102 4506 1401 4565 nequeunt,
1442 4502 1603 4550 animi
1641 4501 1796 4567 signa
1831 4506 1956 4551 sunt
1990 4515 2100 4549 non
2135 4499 2296 4565 Legi,
2335 4498 2431 4549 sed
2466 4500 2558 4548 uni
2594 4498 2754 4564 DAN.
2779 4498 2830 4547 J.
2856 4496 2912 4544 C.
2947 4495 3120 4545 confl-

637 4584 829 4635 dentis.
889 4584 1117 4636 Iteratae
1162 4587 1324 4651 igitur
1359 4589 1414 4637 in
1451 4592 1723 4652 posterum
1767 4588 1930 4637 animi
1977 4586 2339 4652 aegritudines
2387 4584 2706 4650 deprecatur
2753 4584 2954 4633 dicens:
3007 4598 3122 4632 non

636 4677 717 4720 est
742 4670 887 4735 quod
912 4671 1036 4720 mihi
1062 4672 1333 4723 molestias
1370 4675 1629 4739 augeatis,
1669 4674 1761 4738 qui
1785 4690 1850 4723 ex
1881 4672 2246 4738 frequentibus
2282 4670 2573 4733 laboribus,
2610 4672 2748 4736 fugis
2781 4668 3124 4735 periculosis,
