3267 5259
254 710 315 789 ξ.
361 709 467 775 68.
515 704 581 771 S.
614 704 803 771 Pauli
846 705 1305 787 ministerium3

506 795 805 860 usquedum
824 796 941 860 ipse
960 800 1013 844 et
1029 794 1309 844 Barnabas

504 865 573 914 ad
588 870 774 933 gentes
788 865 1080 914 mittuntur.
1096 862 1309 913 S.Pauli

510 940 694 1000 raptus
731 935 787 984 in
824 934 1031 983 coelum
1086 968 1305 983 .....
1344 932 1447 981 340

321 1002 597 1068 Digressio
654 1002 724 1052 ad
777 1003 899 1053 loca
950 1003 1021 1052 11.
1065 1002 1186 1052 Cor.
1226 1004 1308 1063 12,

395 1075 547 1122 1-5.
607 1072 674 1121 de
733 1078 889 1138 raptu
950 1087 991 1121 s.
1040 1071 1197 1121 Pauli
1254 1072 1310 1119 in

395 1141 605 1191 coelum
667 1176 1307 1193 .............
1363 1166 1429 1175 —-

317 1210 525 1261 Ibidem
549 1228 598 1261 ν.
626 1212 672 1260 7.
711 1211 779 1261 de
816 1209 1007 1276 angelo
1044 1216 1267 1260 satanae
1294 1244 1307 1259 .
1345 1210 1443 1258 341

254 1281 313 1359 ξ.
361 1282 465 1347 69.
510 1278 595 1342 D.
638 1278 818 1343 Petri
861 1280 983 1343 iter
1026 1280 1307 1364 primum

504 1365 891 1430 Romanum.
938 1384 993 1434 S.
1017 1383 1211 1434 Jacobi
1234 1383 1307 1431 M.

513 1455 727 1517 occisio,
754 1470 795 1504 s.
824 1454 970 1503 Petri
994 1454 1213 1502 vincula
1242 1489 1255 1502 .
1295 1488 1307 1501 .
1345 1451 1448 1499 342

325 1522 377 1572 S.
402 1523 549 1571 Petri
579 1525 921 1589 episcopatus
950 1524 1222 1572 Romanus
1243 1560 1255 1571 .
1295 1557 1308 1571 .
1346 1521 1447 1569 343

322 1592 388 1641 N.
427 1594 476 1642 6.
512 1592 975 1643 Heterodoxorum
1012 1592 1309 1641 sententiae

393 1661 459 1711 de
496 1661 601 1711 alio
639 1677 705 1711 ac
746 1678 786 1711 s.
829 1662 988 1711 Petro
1026 1662 1307 1711 fundatore

392 1730 671 1781 Ecclesiae
702 1732 975 1781 Romanae
1011 1732 1311 1781 refutantur
1368 1756 1431 1764 —

325 1798 376 1848 S.
402 1800 593 1850 Petrus
616 1801 788 1849 Roma
812 1800 1014 1867 pulsus,
1040 1801 1095 1849 in
1122 1800 1310 1849 Orien-

392 1874 498 1918 tem
525 1872 821 1919 revertitur.
858 1868 1089 1921 Herodis
1124 1869 1311 1935 Agrip-

392 1953 493 2003 pae
531 1954 673 1989 mers
722 1975 1308 1989 ............
1348 1936 1449 1985 344

321 2007 628 2073 Digressio:
692 2009 776 2057 De
828 2010 1017 2058 itinere
1082 2025 1121 2059 s.
1166 2008 1313 2057 Petri

392 2077 633 2126 Romano
669 2078 919 2127 Veterum
956 2078 1260 2127 testimonia
1296 2114 1308 2125 .
1368 2102 1430 2111 —

322 2145 595 2195 Lactantii
644 2148 827 2209 verba,
878 2148 1071 2213 quibus
1125 2147 1311 2196 adver-

395 2216 522 2265 sarii
594 2215 644 2265 d.
707 2217 850 2266 Petri
916 2218 1015 2267 iter
1087 2217 1311 2282 primum

394 2284 693 2335 Romanum
738 2291 900 2351 atque
945 2288 1311 2352 episcopatum

395 2353 604 2404 elevare
624 2360 890 2420 satagunt,
906 2356 1311 2420 investigantur.

398 2423 539 2483 Quid
600 2426 925 2475 censendum
980 2425 1047 2475 de
1100 2424 1313 2473 nomine

399 2492 672 2553 „chresti“
719 2528 1307 2544 ............
1347 2492 1449 2540 346

253 2582 317 2659 ξ.
371 2579 471 2644 70.
519 2578 656 2643 Iter
731 2579 797 2644 S.
843 2579 1032 2643 Pauli
1100 2579 1309 2641 maius

507 2666 807 2751 primum·
841 2689 961 2752 per
1010 2666 1311 2749 regiones

511 2752 815 2817 Onentis.
855 2771 1186 2821 Describitur
1214 2771 1314 2819 iter

512 2855 683 2907 usque
721 2841 954 2909 Cyprum
984 2876 1310 2890 .......
1368 2866 1431 2875 --

326 2911 391 2959 N.
418 2910 467 2959 5.
503 2910 680 2960 Huius
716 2912 927 2961 insulae
952 2910 1088 2960 varii
1113 2909 1311 2958 domini

398 2985 713 3030 enarrantur
777 3014 1307 3031 ...........
1347 2977 1447 3026 347

327 3049 392 3098 Ν.
433 3050 515 3098 11.
572 3048 898 3115 Significatio
954 3050 1099 3099 vocis
1152 3047 1309 3111 „Ely-

399 3121 544 3169 mas“
586 3120 744 3169 datur
776 3153 1309 3171 ...........
1366 3144 1429 3151 -

328 3188 394 3238 N.
433 3190 515 3237 13.
560 3188 717 3239 Unde
756 3194 809 3239 et
844 3206 939 3239 cur
981 3188 1175 3237 Saulus
1216 3202 1309 3235 no—

398 3273 521 3307 men
554 3259 611 3307 in
650 3258 785 3308 illud
824 3258 983 3308 Pauli
1023 3261 1311 3307 commuta-

398 3329 569 3377 verit?
618 3362 1309 3378 ..............
1366 3352 1431 3359 -

330 3396 688 3447 continuatur
730 3399 831 3447 iter
875 3414 1043 3463 usque
1078 3396 1311 3445 Derben-

398 3466 569 3517 Iconii
594 3482 635 3517 s.
655 3467 872 3529 Thecla,
897 3467 1105 3517 Derbes
1132 3480 1172 3514 s.
1187 3464 1311 3514 'rhi-

401 3536 646 3587 motheus
682 3536 817 3587 fiunt
852 3536 1141 3586 Christiani
1195 3570 1208 3583 .
1247 3571 1259 3583 .
1300 3572 1311 3583 .
1350 3531 1451 3581 348

332 3606 397 3654 N.
418 3607 465 3655 2.
494 3605 713 3655 Sanatio
740 3605 918 3655 claudi
942 3606 1177 3671 Lystris3
1205 3610 1313 3653 stu-

401 3690 501 3741 por
521 3675 794 3725 homiuum
829 3692 991 3741 super
1026 3675 1129 3725 hoc
1160 3674 1313 3722 mira—

402 3744 541 3794 culo.
578 3745 717 3794 Num
747 3761 789 3795 s.
815 3762 856 3796 s.
884 3744 1082 3793 Paulus
1108 3750 1162 3793 et
1183 3742 1313 3792 Bar·

402 3815 571 3865 nabas
589 3814 827 3881 linguam
851 3813 1181 3879 lycaonicam
1208 3812 1313 3863 eal-

402 3883 633 3934 luerint?
674 3919 1313 3934 .............
1354 3882 1453 3929 349

332 3952 557 4003 Reditus
593 3969 635 4003 s.
672 3969 714 4003 s.
752 3954 909 4003 Pauli
946 3958 1000 4003 et
1033 3953 1317 4002 Barnabae

402 4022 741 4073 Antiochiam
778 4058 1315 4073 ...........
1354 4021 1455 4070 350

262 4112 323 4189 ἓ.
376 4110 476 4175 71.
526 4107 889 4173 Concilium
942 4106 1317 4193 Hierosoly-

517 4198 639 4259 mis
672 4194 966 4259 habitum
1013 4194 1319 4258 describi-

516 4290 639 4347 tur.
696 4302 911 4351 Turbae
964 4301 1021 4349 in
1072 4300 1323 4349 Ecclesia

520 4369 854 4421 Antiocheua
890 4405 1318 4420 .........
1379 4395 1440 4403 -

338 4438 389 4488 8.
418 4438 472 4489 S.
496 4440 698 4491 Paulus
723 4445 775 4490 et
798 4440 1075 4491 Barnabas
1110 4440 1321 4488 mittun-

405 4513 493 4558 tur
517 4509 935 4574 Hierosolymas.
974 4508 1174 4558 Eorum
1199 4508 1321 4557 doc-

408 4580 549 4629 trina
582 4579 897 4645 approbata.
933 4577 1046 4644 Ipsi
1074 4577 1323 4644 gentibus

410 4647 743 4699 destinantur
786 4682 1319 4698 ...........
1360 4646 1457 4695 351

373 4738 576 4791 Darde,
606 4741 723 4783 nist.
755 4740 1051 4783 Revelstionis
1076 4738 1267 4781 divinae.
1297 4737 1355 4778 11.

2617 440 2742 513 537

2639 634 2743 685 Pag.

1622 705 1688 755 N.
1717 706 1766 755 8.
1804 706 2036 766 Quinam
2072 704 2172 756 sub
2214 706 2604 771 „presbyteris“

1693 776 1749 823 in
1767 776 1868 825 isto
1889 775 2116 824 concilio
2137 776 2242 824 sint
2259 775 2606 840 intelligendi,

1693 845 1820 893 item
1847 845 1936 909 qui
1962 844 2213 909 suffragio
2248 844 2482 894 decisivo
2507 845 2606 895 ibi-

1695 912 1815 963 dem
1851 914 2023 978 gavisi
2059 914 2292 963 fuerint‘?
2333 950 2607 963 ......
2645 916 2745 963 351

1624 982 1689 1031 Ν.
1729 985 1775 1032 1.
1815 983 1866 1032 S.
1897 984 2088 1033 Petrus
2124 998 2340 1048 praeses
2379 983 2608 1047 concilii,

1695 1052 1932 1101 eiusdem
1969 1053 2138 1102 oratio
2178 1088 2608 1102 .........
2645 1054 2748 1103 352

1624 1118 1852 1171 concilii
1883 1121 2358 1185 Hierosolymitani
2394 1122 2611 1173 decreta

1693 1190 1952 1255 synodica
1970 1226 2607 1242 .............
2647 1192 2748 1241 353

1623 1260 1689 1309 Ν.
1727 1262 1776 1309 2.
1824 1259 2050 1310 concilii
2093 1260 2327 1310 definitio
2366 1261 2607 1312 conside-

1694 1334 1840 1379 ratur
1866 1366 2608 1382 ...............
2665 1358 2732 1365 -

1624 1398 1690 1448 Ν.
1718 1400 1766 1448 3.
1805 1399 2083 1459 Quomodo
2119 1398 2362 1465 Apostoli
2399 1400 2613 1450 concilii

1695 1473 1985 1535 praecepta
2035 1472 2234 1529 „“onus
2241 1507 2254 1531 ,
2306 1485 2410 1535 quo
2449 1486 2612 1520 sensu

1697 1552 1764 1587 ea
1802 1539 2168 1599 „necessaria“
2211 1538 2504 1589 dixerint?.

1628 1606 1681 1657 8.
1707 1608 1898 1657 Petrus
1933 1608 2248 1657 Antiochiae
2283 1608 2558 1660 iudaizat.
2597 1610 2752 1659 ,354

1623 1693 1902 1759 Digressio
1939 1694 1980 1744 1.
2025 1694 2092 1743 de
2129 1695 2320 1759 synodi
2355 1696 2608 1746 Hieroso-

1696 1762 1984 1827 lymitanae
2023 1764 2237 1814 decreto
2288 1801 2612 1815 .......
2667 1794 2732 1803 —

1624 1832 1902 1897 Digressio
1925 1833 1996 1881 ΙΙ.
2023 1833 2091 1882 de
2115 1836 2478 1884 controversia
2503 1850 2543 1884 s.
2569 1851 2611 1886 s.

1695 1902 1840 1951 Petri
1879 1908 1932 1952 et
1960 1903 2116 1952 Pauli
2150 1903 2467 1954 Antiochiae
2493 1941 2507 1954 .
2546 1941 2560 1955 .
2599 1940 2613 1955 .
2651 1906 2752 1953 355

1556 1990 1613 2068 ξ.
1667 1990 1767 2053 72.
1815 1988 1952 2052 Iter
2033 1987 2098 2053 S.
2147 1988 2334 2053 Pauli
2407 1990 2614 2054 maius

1809 2074 2254 2157 secundum,
2237 2099 2306 2138 m
2350 2077 2611 2161 provin-

1811 2162 1944 2225 cias
1969 2160 2277 2247 Europae
2311 2164 2609 2248 primum.

1810 2249 1918 2299 Iter
1955 2265 2126 2315 usque
2162 2250 2427 2300 Troadem
2493 2288 2506 2300 .
2546 2253 2751 2302 ..357

1626 2318 1690 2367 Ν.
1715 2320 1762 2367 1.
1789 2317 1842 2367 8.
1862 2318 2018 2368 Pauli
2045 2325 2099 2368 et
2123 2318 2175 2369 S.
2195 2319 2481 2370 Barnabae
2507 2321 2610 2371 dis-

1695 2387 1889 2437 sidium
1914 2389 2009 2438 sed
2035 2393 2088 2437 et
2112 2389 2379 2454 separatio
2405 2392 2613 2440 amica.
2670 2416 2735 2426 —

1625 2457 1691 2506 N.
1739 2458 1788 2506 5.
1845 2458 1955 2507 Cur
2002 2472 2044 2507 s.
2098 2457 2303 2508 Paulus
2352 2475 2395 2508 s.
2439 2460 2615 2510 Timo-

1695 2526 1876 2576 theum
1912 2528 2338 2577 circumciderit?
2395 2565 2615 2579 .....

1629 2595 1986 2645 continuatur
2018 2598 2118 2646 iter
2143 2612 2312 2662 usque
2338 2597 2616 2665 Philippos
2653 2600 2756 2650 358

1626 2683 1692 2731 N.
1719 2684 1767 2731 2.
1801 2683 1884 2731 De
1915 2683 2020 2733 situ
2044 2684 2318 2748 Neapolis,
2347 2685 2499 2735 cuius
2522 2687 2617 2735 im-

1697 2754 1846 2817 perio
1865 2752 2000 2801 haec
2019 2754 2147 2802 urbs
2173 2753 2416 2803 subiecta
2437 2753 2613 2804 fuerit.

1695 2821 1780 2870 De
1814 2820 1918 2871 fide
1956 2837 1997 2871 s.
2038 2822 2222 2871 Lucae
2259 2823 2564 2873 observatio
2603 2862 2615 2873 .
2671 2852 2737 2861 --

1626 2909 1691 2958 N.
1728 2910 1776 2958 3.
1814 2908 1956 2960 Urbs
1993 2908 2229 2974 Philippi
2264 2910 2562 2960 delineatur
2601 2948 2612 2960 .
2672 2938 2736 2948 ——

1625 2978 1778 3038 Quae
1812 2978 2074 3044 Philippis
2103 2983 2258 3043 gesta
2294 2979 2494 3029 fuerint
2548 3017 2560 3029 .
2599 3017 2612 3029 .
2669 3010 2734 3017 -

1625 3048 1690 3096 N.
1729 3050 1778 3097 6.
1814 3047 2282 3113 Paidobaptismus
2336 3086 2610 3099 ......
2666 3078 2735 3088 -

1626 3135 1692 3184 N.
1750 3137 1795 3183 1.
1867 3134 1986 3183 Vox
2053 3132 2289 3203 ,,Πνεῦμ.α
2346 3133 2615 3194 Πύθωνος“

1695 3204 1995 3254 illustratur
2028 3241 2614 3255 ............
2655 3208 2758 3256 359

1628 3274 1692 3323 Ν.
1721 3274 1767 3322 2.
1807 3274 1944 3323 Mira
1977 3288 2020 3321 s.
2047 3274 2204 3323 Pauli
2239 3274 2506 3335 liberatio,
2543 3274 2620 3323 di·

1697 3344 1876 3393 missio
1909 3342 2202 3393 honorifica
2237 3360 2304 3393 ex
2333 3344 2465 3393 urbe
2488 3342 2610 3392 Phi-

1696 3412 1858 3477 lippis
1913 3448 2607 3463 ..............
2669 3440 2731 3450 --

1630 3480 1987 3532 continuatur
2057 3483 2158 3531 iter
2225 3498 2394 3548 usque
2453 3482 2614 3532 Athe-

1699 3566 1796 3600 nas
1867 3588 2609 3601 ...............
2648 3553 2752 3601 360

1628 3620 1694 3670 Ν.
1735 3623 1780 3670 1.
1826 3621 2242 3671 Thessalonicae
2279 3622 2426 3684 situs,
2468 3623 2612 3671 inco-

1699 3690 1810 3752 lae,
1857 3691 2044 3741 homm
2089 3706 2286 3751 mores,
2333 3690 2616 3741 Ecclesiae

1702 3760 1933 3824 dignitas
1979 3795 2624 3809 .............
2687 3785 2747 3795 -

1630 3830 1694 3878 Ν.
1723 3830 1770 3877 2.
1810 3828 2044 3878 Comites
2084 3843 2126 3877 s.
2153 3828 2310 3877 Pauli
2335 3828 2619 3879 Thessalo-

1699 3899 1869 3961 nicae,
1907 3914 2032 3947 num
2058 3912 2098 3946 s.
2119 3898 2300 3948 Lucas
2325 3898 2464 3947 inter
2487 3900 2617 3948 eos?
2671 3925 2738 3934 —

1563 3986 1622 4063 ξ.
1673 3986 1775 4049 73.
1822 3980 1995 4046 Acta
2021 3980 2108 4047 D.
2134 3982 2322 4046 Pauli
2344 3981 2618 4047 Athenis

1817 4078 1884 4133 et
1928 4068 2239 4134 Corinthi·
2300 4088 2522 4139 Athenis
2579 4106 2625 4139 s.

1819 4157 2018 4207 Paulus
2071 4158 2347 4223 praedicat
2391 4158 2616 4208 Judaeis

1821 4232 1876 4277 et
1927 4227 2194 4293 gentibus.
2248 4227 2520 4293 Epicurei,
2571 4233 2625 4277 et

1821 4296 1988 4346 Stoici
2035 4332 2623 4346 ............
2661 4297 2764 4345 362

1636 4364 1700 4415 Ν.
1729 4367 1810 4417 15.
1851 4366 1904 4417 S.
1930 4366 2086 4416 Pauli
2113 4367 2332 4415 comites
2353 4365 2412 4415 in
2437 4366 2626 4416 itinere

1705 4435 1972 4500 Athenas3
2035 4451 2130 4485 cur
2187 4435 2263 4485 ibi
2322 4451 2364 4486 s.
2419 4435 2623 4485 Paulus

1707 4505 1912 4555 tamdiu
1947 4510 2183 4555 moratus
2219 4506 2324 4553 sit?
2350 4540 2626 4555 ......
2664 4504 2762 4555 361

1636 4574 1702 4625 Ν.
1745 4576 1792 4624 1.
1829 4574 1915 4624 De
1949 4574 2172 4625 Athenis
2219 4579 2273 4623 et
2305 4573 2496 4623 Atticis
2533 4589 2626 4625 an-

1709 4643 2764 4694 notatio..............362

2349 4732 2417 4781 35
