3267 5259
1173 450 1336 492 christi
1364 450 1569 491 tentatio.
2533 434 2612 501 31

167 624 479 707 videretur,
517 623 788 711 protulit
828 623 894 689 S.
929 624 994 690 S.
1027 624 1254 706 verba,
1303 646 1471 709 quae
1515 624 1732 709 ipsum
1779 623 1955 687 omni
1994 645 2079 687 ex
2118 632 2304 707 parte
2350 633 2619 709 possent

167 736 410 801 reddere
439 760 764 801 securum.
811 738 916 801 De
953 746 1040 819 te,
1073 738 1180 819 ait,
1211 738 1266 800 si
1301 736 1574 800 Messias
1619 744 1685 799 et
1712 734 1915 799 Filius
1945 735 2073 799 Dei
2124 758 2193 799 es
2220 739 2259 818 ¹,
2307 737 2618 822 scriptum

170 862 278 914 est:
321 848 486 935 quod
531 849 784 935 angelis
829 852 960 915 suis
1002 849 1190 913 Deus
1237 849 1318 914 de
1362 858 1428 913 te
1477 847 1831 931 mandavit,
1874 849 1927 911 si
1965 856 2028 911 te
2067 849 2617 933 praecipitaveriS,

169 965 222 1025 in
277 961 560 1026 manibus
626 972 694 1026 te
760 962 1017 1043 tollent,
1079 984 1162 1025 ne
1235 960 1532 1027 offendas
1601 960 1687 1025 ad
1746 959 2030 1046 lapidem
2098 959 2336 1046 pedem
2401 960 2619 1025 tuum!

169 1073 570 1159 ‚Explorantis
609 1084 821 1139 artem
857 1098 1165 1139 mensura
1206 1075 1612 1139 cautissimae
1660 1074 2101 1159 responsionis
2149 1082 2441 1137 evacuat.
2510 1072 2623 1136 Ait

172 1187 312 1249 enim
361 1185 442 1251 illi
495 1186 848 1273 spiritualis
903 1188 1134 1273 proelii
1192 1184 1469 1251 bellator
1511 1187 1824 1251 invictus:
1882 1187 2193 1272 scriptum
2254 1187 2427 1267 est2,
2487 1207 2623 1249 non

169 1297 412 1363 tentabis
454 1299 814 1365 Dominum
859 1300 1079 1365 Deum
1125 1303 1390 1365 tuum‘3.
1441 1297 1588 1377 Quo
1639 1298 1978 1380 docemur,
2035 1298 2253 1361 Deum
2299 1321 2431 1361 non
2480 1320 2621 1382 esse

169 1410 539 1493 tentandum,
598 1413 654 1475 is
722 1422 941 1477 autem
1007 1421 1260 1476 tentare
1331 1411 1563 1475 dicitur
1628 1411 1876 1494 Deum,
1948 1413 2057 1497 qui
2125 1433 2273 1475 cum
2339 1410 2625 1475 humana

171 1532 487 1609 suppetunt
517 1523 783 1609 effugia,
816 1524 1037 1589 divina
1068 1532 1412 1609 exspectat
1439 1522 1754 1588 miracula
1772 1528 1815 1586 4.
1865 1521 2001 1588 Sed
2023 1525 2349 1609 nequitiae
2384 1522 2624 1589 diaboli

171 1657 271 1697 nee
311 1637 424 1699 ista
483 1637 846 1718 sufficiunt,
905 1638 1134 1701 tertiae
1195 1635 1410 1701 adhuc
1463 1636 1836 1701 tentationis
1892 1636 2163 1721 laqueos
2220 1638 2441 1700 nectit.
2516 1636 2625 1700 Ex

171 1747 328 1830 apice
371 1746 624 1834 Templi
677 1748 1028 1813 abductum
1089 1749 1507 1814 Servatorem
1561 1749 1727 1812 sistit
1770 1750 1834 1812 in
1884 1746 2145 1813 excelso
2205 1760 2425 1813 monte
2446 1752 2490 1831 ⁵,
2535 1748 2625 1813 ibi

170 1860 326 1921 novis
357 1861 600 1925 insidiis
639 1860 998 1927 Dominum
1039 1861 1327 1946 adortus,
1370 1871 1600 1926 evecto
1640 1862 1837 1927 totius
1877 1860 2051 1926 orbis
2098 1859 2625 1945 dominationem,

171 1992 612 2058 regnorumque
685 1974 958 2059 gloriam
1027 1983 1336 2057 ostentat,
1392 1973 1557 2039 haec
1619 1975 1673 2038 si
1728 1995 1877 2037 eum
1942 1974 2009 2036 in
2075 1982 2317 2037 terram
2381 1995 2629 2058 pronus

171 2081 439 2148 adoraret
473 2085 806 2172 pollicitus
827 2092 869 2150 ὅ.
929 2086 1194 2151 Homini
1236 2086 1492 2151 Christo
1533 2087 1818 2151 universi
1849 2087 2191 2172 imperium
2224 2108 2294 2150 se
2328 2085 2627 2150 daturum

353 2278 387 2341 ¹)
424 2280 512 2330 Ps.
537 2282 622 2343 90,
675 2283 755 2331 11.
795 2284 876 2330 12.
925 2280 966 2347 2)
993 2280 1153 2331 Deut.
1182 2283 1229 2343 6,
1259 2284 1339 2331 16.
1393 2281 1434 2345 ³)
1474 2279 1526 2330 S.
1575 2280 1854 2343 Maximus,
1906 2280 1955 2329 h.
1984 2280 2033 2330 d.
2060 2279 2259 2341 Quadr.
2308 2280 2400 2329 VI.
2426 2296 2478 2346 p.
2507 2282 2623 2330 127.

173 2362 206 2425 ⁴)
239 2362 362 2422 „Sed
398 2364 478 2416 his
516 2366 678 2417 dietis
726 2366 990 2431 Christus,
1029 2384 1135 2417 non
1185 2384 1243 2419 se
1289 2374 1468 2417 tamen
1516 2367 1746 2431 revelat3
1796 2368 1889 2417 sed
1928 2368 2081 2433 quasi
2127 2366 2283 2416 homo
2333 2368 2381 2416 ei
2419 2368 2625 2416 interim

173 2446 389 2513 loquitur.
423 2452 559 2503 Nam
600 2454 748 2519 quod
785 2453 930 2517 dixit,
956 2471 1064 2504 non
1094 2455 1151 2503 in
1183 2454 1296 2505 solo
1329 2469 1469 2519 pane
1501 2455 1632 2503 vivit
1661 2454 1835 2515 hom0,
1862 2469 2037 2520 neque
2065 2454 2215 2516 illud,
2252 2469 2359 2503 non
2396 2453 2627 2503 tentabis

172 2533 420 2587 Dominum
455 2539 631 2589 Deum
675 2544 849 2603 tuum,
874 2557 984 2590 non
1031 2557 1149 2591 sese
1189 2541 1472 2591 admodum
1509 2541 1899 2591 manifestantis
1937 2545 2066 2602 erat,
2112 2540 2357 2591 sed'sese
2390 2556 2453 2589 ex
2486 2544 2625 2589 cete·

171 2636 318 2672 rorum
351 2624 616 2675 hominum
658 2642 876 2677 numero
915 2627 1288 2678 declarantis.“
1328 2626 1381 2677 S.
1406 2627 1490 2677 Jo.
1525 2628 1951 2692 Chrysostomus,
1989 2628 2045 2676 in
2083 2626 2268 2677 Matth.
2303 2626 2355 2675 h.
2390 2626 2537 2689 XIII,
2578 2628 2625 2675 3.

173 2723 212 2771 p.
243 2712 344 2761 171.
395 2712 434 2775 ⁵)
473 2712 667 2763 Plures
714 2714 1028 2780 interpretes
1075 2715 1325 2780 inquiunt
1359 2716 1516 2764 istum
1561 2730 1679 2764 esse
1714 2718 1945 2764 montem
1983 2714 2286 2775 sublimem,
2325 2730 2431 2763 non
2470 2714 2627 2779 longe

173 2808 200 2842 a
235 2796 452 2861 Jericho,
500 2800 595 2865 qui
647 2799 812 2849 distat
865 2800 1073 2851 duobus
1127 2801 1443 2851 milliaribus
1489 2816 1522 2851 a
1567 2802 1954 2862 Quarantania.
2016 2800 2096 2851 cf.
2135 2801 2256 2851 Not.
2296 2806 2331 2849 t.
2366 2817 2407 2851 s.
2446 2816 2625 2867 geogr.

173 2895 212 2944 p.
235 2882 380 2933 XXV.
425 2886 532 2935 Alii
555 2892 792 2937 montem
819 2886 1030 2949 oliveti,
1057 2890 1316 2938 montium
1348 2889 1492 2937 cirea
1521 2887 1923 2952 Hierosolymas
1960 2887 2275 2938 altissimum
2304 2886 2627 2953 intelligunt.

173 2966 239 3016 Ib.
256 2987 301 3034 p.
321 2971 604 3023 LXXXIV.
627 2972 736 3023 Sed
755 2973 856 3023 hoc
873 2990 974 3023 nec
989 2990 1296 3040 expressum
1313 2976 1371 3024 in
1391 2974 1444 3024 S.
1465 2974 1659 3025 Literis
1681 2974 2010 3037 offendimus,
2039 2990 2138 3023 nec
2157 2976 2464 3023 coniectura
2488 2973 2629 3024 suffi-

177 3054 320 3105 ciente-
353 3061 562 3125 assequi
601 3076 901 3125 possumus.
929 3059 1448 3127 „Supervacaneum,
1489 3061 1616 3110 dicit·
1635 3060 1973 3126 Euthymius‚
1996 3061 2064 3111 ad
2088 3060 2139 3111 h.
2154 3060 2187 3110 l.
2216 3060 2401 3111 fuisset
2436 3076 2629 3111 nomen

177 3140 373 3193 adscribi
412 3147 633 3211 montis,
685 3162 824 3212 quae
871 3148 1008 3197 enim
1054 3147 1242 3198 fuisset
1287 3146 1411 3197 inde
1457 3152 1748 3197 consecuta
1788 3147 1991 3197 utilitas
2003 3150 2060 3196 ?“
2110 3146 2151 3211 θ)
2191 3148 2437 3208 Quonam
2472 3146 2631 3197 modo

177 3231 324 3278 omnia
367 3233 504 3282 orbis
559 3248 728 3298 regna
775 3232 1020 3284 diabolus
1069 3234 1278 3284 Christ-o
1327 3233 1651 3283 ostenderit?
1698 3234 1827 3282 mire
1876 3238 2089 3299 torquet
2131 3234 2474 3297 interpretes3
2513 3232 2629 3283 aliis

179 3311 306 3377 hanc,
335 3316 448 3367 aliis
487 3318 650 3369 aliam
687 3320 828 3369 viam
865 3321 1114 3370 euntibus
1155 3324 1208 3370 et
1247 3320 1624 3381 nescientibus,
1665 3320 1794 3385 quid
1831 3336 2038 3371 sumere
2076 3320 2321 3369 debeant.
2378 3318 2513 3369 Sunt
2543 3320 2633 3385 qui

177 3408 337 3462 putent
368 3404 639 3455 diabolum
675 3406 840 3471 digito
869 3407 1136 3457 indicasse
1171 3408 1351 3457 varias
1388 3406 1570 3456 mundi
1607 3410 1803 3471 partes.
1853 3406 1957 3455 Alii
1983 3406 2167 3455 dicunt
2190 3406 2371 3455 mundi
2395 3405 2633 3454 tabulam

179 3486 222 3534 in
253 3492 362 3539 aere
381 3490 702 3557 depinxisse,
740 3494 883 3542 tertii
921 3508 1060 3559 quae
1097 3496 1168 3543 sit
1197 3494 1526 3559 singulorum
1564 3508 1846 3559 regnorum
1876 3491 2047 3558 gloria
2074 3490 2363 3557 opulentia,
2396 3494 2636 3558 potentia

178 3574 327 3625 verbis
361 3578 720 3645 descripsisse.
780 3580 946 3630 Plura
979 3582 1188 3630 interim
1223 3580 1310 3629 hic
1347 3580 1660 3630 attentenda
1707 3585 1846 3629 sunt.
1900 3581 1973 3628 Et
2013 3580 2181 3644 primo
2231 3579 2443 3644 quidem
2490 3578 2635 3629 hisce

179 3660 328 3711 verbis
369 3664 552 3715 Matth.
589 3666 651 3728 4,
690 3668 740 3717 8.
777 3666 1014 3717 ostendit
1057 3668 1106 3716 ei
1144 3669 1324 3717 omnia
1368 3682 1534 3732 reg-na
1577 3667 1761 3716 mundi
1799 3672 1853 3716 et
1887 3666 2109 3731 gloriam
2158 3680 2367 3730 eorum3
2416 3666 2635 3739 subesse

183 3752 332 3808 potest
351 3749 642 3817 hyperbole
669 3753 744 3801 uti
769 3768 958 3803 revera
981 3754 1158 3804 adest:
1183 3754 1264 3803 111
1287 3754 1419 3819 Reg.
1447 3754 1529 3815 18,
1561 3756 1643 3803 10.
1670 3752 1868 3803 Ezech.
1888 3755 1970 3814 31,
1993 3756 2040 3802 6.
2078 3753 2218 3802 Dan.
2246 3754 2293 3815 2,
2322 3754 2403 3803 38.
2441 3753 2637 3804 Joann.

179 3832 254 3894 21,
285 3836 374 3898 25.,
409 3838 466 3886 in
513 3839 710 3905 quibus
745 3840 877 3890 loeis
924 3840 1190 3890 duntaxat
1224 3856 1334 3891 non
1369 3844 1536 3890 totum
1575 3840 1671 3890 sed
1705 3854 1829 3905 pars
1866 3840 2049 3905 aliqua
2096 3839 2441 3904 intelligenda
2476 3840 2637 3889 venit.

189 3916 292 3968 Pari
335 3924 482 3975 modo
531 3930 768 3975 tentator
813 3942 921 3975 non
970 3928 1219 3978 universa
1263 3941 1430 3991 regna
1475 3926 1657 3976 mundi
1716 3926 2019 3976 exhibuisse
2072 3925 2342 3991 putandus
2390 3930 2493 3986 est,
2544 3924 2638 3975 sed

181 4008 428 4071 nonnulla,
476 4017 610 4076 quot
653 4012 858 4061 seilicet
903 4014 1100 4078 requiri
1153 4012 1408 4063 iudicavit
1462 4013 1530 4062 ad
1584 4012 1982 4062 accendendam
2016 4014 2072 4061 in
2120 4012 2331 4063 Christo
2382 4011 2639 4061 honorum

184 4096 474 4146 'terrestrium
521 4098 886 4163 cupiditatem.
954 4099 1162 4149 Deinde
1209 4103 1334 4149 sunt
1381 4099 1671 4164 quaedam,
1720 4112 1859 4164 quae
1905 4099 2073 4149 oculis
2123 4112 2309 4148 revera
2357 4097 2639 4160 sistuntur3

185 4194 222 4225 ‘²-
249 4196 292 4243 g.
320 4181 473 4233 Deut.
507 4186 592 4247 34,
621 4188 668 4235 1.
693 4187 760 4246 4.‚
801 4185 911 4234 alia
947 4200 1085 4251 quae
1108 4185 1414 4239 ,intellectui
1449 4187 1553 4251 ipsi
1591 4185 1823 4251 quadam
1862 4184 2220 4235 delineatione
2257 4187 2642 4249 proponuntur.

183 4264 350 4316 Ezech.
382 4271 472 4331 43,
509 4273 592 4321 10.
665 4270 834 4320 Satan
883 4271 982 4320 hac
1036 4272 1319 4336 posteriori
1369 4274 1576 4322 ratione
1631 4272 1841 4321 Christo
1894 4270 2079 4321 mundi
2135 4284 2301 4335 regna
2354 4285 2642 4335 eorumque

185 4350 378 4413 gloriam
412 4358 586 4421 potuit
621 4358 920 4419 ostendere,
955 4357 1224 4408 offerendo
1263 4357 1500 4409 diversas
1535 4358 1793 4423 imagines
1832 4357 2135 4406 divitiarum
2174 4361 2227 4406 et
2260 4355 2645 4422 triumphorum

188 4438 332 4503 orbis,
367 4456 587 4507 quarum
624 4443 694 4493 ad
731 4444 918 4495 oeulos
966 4444 1196 4509 appulsu
1240 4444 1604 4494 vehementius
1651 4445 1948 4493 irritaretur
1992 4443 2125 4494 Jesu
2163 4444 2385 4494 animus.
2458 4444 2646 4510 Regna

189 4526 556 4579 munditantum
577 4528 823 4593 ostendit,
847 4546 966 4580 cum
991 4530 1121 4581 dare
1145 4547 1254 4581 non
1279 4536 1476 4596 posset,
1505 4536 1558 4581 et
1581 4531 1951 4597 imaginationi
1975 4534 2231 4597 tanquam
2252 4530 2380 4596 quid
2398 4547 2647 4597 magnum

189 4609 362 4662 obiicit.
431 4616 618 4682 Neque
667 4618 745 4667 sic
791 4617 1118 4667 illudebatur
1163 4618 1326 4667 menti
1376 4617 1670 4669 Salvatoris
1720 4619 1918 4684 quippe
1964 4619 2055 4684 qui
2100 4624 2352 4668 accurate
2404 4622 2645 4681 noverat,
