3267 5259
561 428 648 492 46
1239 442 1356 484 nist.
1385 442 1492 485 nov.
1520 442 1610 484 ‹uv-
1635 442 1688 485 n.
1716 444 1765 484 r.
1794 444 1962 485 ternod.
1992 445 2028 485 1.
2048 456 2142 496 cap.
2170 446 2372 496 primum.

561 618 730 667 XXX.
754 634 806 682 p.
843 618 964 666 440.
989 634 1030 667 s.
1055 617 1090 667 l.
1129 616 1194 667 G.
1221 616 1488 679 Schuetm,
1515 618 1648 668 fiber
1672 620 1720 681 2,
1745 621 1795 668 4.
1831 618 1953 668 Joh.
1981 622 2037 669 in
2060 618 2280 682 Wiueri,
2307 636 2359 670 n.
2398 620 2477 669 kr.
2514 620 2704 671 Journ.
2745 624 2899 671 1829.
2944 624 2993 671 1.
3018 638 3057 670 s.

563 704 615 753 J.
639 704 702 753 A.
727 702 956 768 Bengel,
993 701 1236 754 Gnomon
1275 704 1357 754 ed.
1384 720 1430 754 c.
1455 722 1507 770 p.
1533 706 1652 755 316.
1700 704 1860 766 Klee,
1900 705 2097 755 Comm.
2121 723 2175 772 p.
2202 708 2284 756 95.
2332 707 2573 769 Tholuk‚
2612 706 2811 757 Comm.
2836 708 2910 757 ad
2948 708 3000 757 h.
3024 708 3056 756 l.

564 790 646 839 ed.
671 790 764 852 VI,
789 806 841 854 p.
869 792 953 839 94.
999 790 1064 839 A.
1086 790 1273 853 Maior,
1302 790 1501 842 Comm.
1527 792 1570 853 1,
1597 794 1716 842 250.
1764 792 1991 855 Ebrard‚
2018 793 2213 843 Joann.
2239 811 2291 859 p.
2318 796 2400 844 80.
2428 810 2468 844 s.

663 1046 723 1123 ἓ.
769 1046 868 1109 11.
931 1041 1390 1127 Ingressus,
1435 1043 1930 1127 peragratiO,
1998 1043 2527 1128 praedicatiO,
2574 1044 2961 1107 miracula

1197 1164 1263 1217 et
1307 1152 1516 1216 fama
1561 1152 1863 1218 Christi
1908 1155 1973 1217 in
2020 1152 2394 1219 Galilaea.

773 1342 1128 1407 Crescente
1173 1366 1295 1429 per
1352 1354 1552 1408 totam
1601 1342 1921 1409 Judaeam
1970 1342 2363 1408 asseclarum
2416 1368 2719 1429 numero,
2764 1346 3061 1411 Joannes

561 1456 860 1541 Baptista
892 1454 1128 1519 Christi
1158 1478 1402 1541 praeco
1451 1480 1530 1521 ac
1569 1480 1961 1543 praecursor
2004 1459 2251 1521 carceri
2288 1459 2697 1543 mancipatus
2738 1468 2851 1541 est,
2880 1458 3063 1544 quod

559 1568 839 1631 iustitiae
866 1566 1006 1631 zelo
1045 1570 1368 1632 incestum
1414 1578 1753 1632 aversatus
1796 1570 2059 1655 nuptias
2102 1568 2385 1633 Herodis
2424 1570 2789 1635 tetrarchae
2834 1594 3060 1657 repre-

563 1678 851 1744 hendere
891 1703 1086 1744 ausus
1119 1690 1276 1745 erat.
1311 1679 1602 1745 Christus
1638 1690 1973 1767 comperto
2006 1680 2049 1747 J
2054 1704 2331 1745 oannem
2349 1681 2427 1745 B.
2453 1684 2517 1745 in
2540 1682 2819 1747 vinculis
2848 1684 3061 1747 teneri

562 1794 628 1857 in
655 1790 1017 1857 Galilaeam
1043 1796 1060 1836 ¹
1087 1816 1422 1878 regressus
1445 1803 1543 1857 est
1557 1794 1600 1857 ².
1632 1793 2083 1857 Proficiscenti
2108 1816 2184 1858 eo
2218 1815 2486 1859 necesse
2520 1805 2661 1860 erat
2680 1796 2806 1858 iter
2834 1795 3061 1859 facere

560 1927 683 1991 per
731 1904 1112 1987 Samariam,
1165 1907 1346 1969 venit
1403 1907 1624 1991 itaque
1678 1907 1743 1969 in
1796 1907 2125 1969 civitatem
2185 1908 2447 1971 nomine
2504 1906 2758 1991 Sychar
2776 1911 2819 1970 3.
2890 1890 3059 1971 Cum

559 2018 804 2081 itineris
854 2016 1079 2082 labore
1109 2016 1386 2081 lassatus
1419 2016 1504 2081 ad
1541 2019 1861 2103 parietem
1890 2019 2069 2103 putei
2106 2017 2383 2100 sederet,
2420 2018 2676 2100 accidit,
2717 2030 2789 2083 ut
2826 2020 3065 2083 mulier

563 2128 886 2216 quaedam
956 2153 991 2195 e
1062 2132 1324 2195 civitate
1393 2129 1476 2193 ad
1541 2128 1969 2193 hauriendam
2038 2153 2275 2215 aquam
2342 2132 2615 2195 veniret.
2716 2130 3059 2195 Feminam

561 2244 1018 2307 samaritanam
1052 2242 1344 2307 Christus
1387 2241 1707 2307 allocutus
1738 2264 2037 2307 sermone
2068 2241 2363 2327 longiore
2394 2242 2479 2306 ad
2512 2244 2803 2307 veritatis
2840 2246 3062 2328 cogni·

558 2356 802 2420 tionem
836 2364 901 2418 et
931 2354 1266 2419 meliorem
1297 2356 1554 2439 frugem
1585 2354 1893 2441 perduxit
1910 2360 1953 2419 ⁴.
2002 2354 2451 2419 Admiratione
2488 2355 2798 2441 perculsa
2827 2355 3061 2421 mulier

557 2466 785 2531 relicta
813 2466 1044 2552 hydria
1073 2468 1140 2531 in
1169 2466 1400 2532 urbem
1439 2466 1824 2552 regreditur,
1856 2478 1929 2531 ut
1959 2490 2155 2553 quem
2186 2478 2380 2533 nacta
2409 2469 2605 2533 fuerit
2636 2466 3057 2534 Salvatorem

563 2579 813 2644 civibus
845 2581 976 2644 suis
1007 2590 1234 2645 notum
1267 2580 1534 2644 faceret.
1583 2578 1769 2643 Multi
1804 2578 2283 2643 Sichimitarum
2312 2579 2441 2644 fide
2476 2579 2729 2643 mulieri
2762 2580 3059 2645 adhibita

561 2692 646 2755 ad
703 2691 1028 2757 Christum
1092 2694 1389 2756 exierunt
1451 2702 1757 2776 rogantes
1769 2742 1787 2774 ,
1844 2702 1915 2755 ut
1968 2691 2145 2778 apud
2204 2694 2380 2778 ipsos
2436 2702 2769 2775 maneret3
2831 2694 3061 2757 annuit

558 2803 754 2870 Jesus
819 2814 885 2867 et
939 2803 1134 2868 biduo
1194 2803 1533 2889 Sychemis
1587 2814 2023 2869 commoratus
2071 2814 2169 2869 est
2184 2808 2225 2867 ⁵.
2301 2805 2460 2869 Post
2513 2803 2677 2869 duos
2722 2807 2789 2868 in
2848 2805 3059 2869 salute

561 2916 1116 2983 Samaritanorum
1165 2917 1454 2982 curanda
1494 2930 1677 2982 actos
1709 2916 1848 2981 dies
1878 2916 2089 2981 redux
2118 2915 2575 2999 Nazaretham,
2606 2916 2759 2981 inde
2799 2916 2967 2981 abiit
2997 2920 3061 2981 in

561 3052 789 3115 agrum
813 3028 1184 3114 galilaicum
1205 3034 1246 3094 ⁶.
1301 3030 1494 3095 Nunc
1517 3053 1673 3095 vero
1706 3052 1940 3094 munus
1969 3028 2425 3115 propheticum
2456 3052 2733 3093 exorsus
2764 3040 2867 3093 est
2884 3029 3061 3093 filius

561 3144 670 3227 qui
715 3151 813 3205 est
849 3144 918 3205 in
965 3144 1111 3206 sinu
1139 3142 1350 3207 Patris
1375 3146 1416 3225 ⁷,
1470 3142 1600 3207 Dei
1632 3142 1719 3206 de
1755 3142 1960 3206 salute
1995 3141 2327 3205 hominum
2358 3140 2757 3205 voluntatem
2800 3163 3059 3205 annun-

557 3252 800 3336 tiand0,
851 3264 1050 3338 atque
1077 3256 1214 3319 eius
1239 3254 1745 3339 consequendae
1771 3256 1941 3318 viam
1968 3252 2411 3318 monstrandO.
2440 3252 2717 3317 Summa
2738 3262 2968 3317 autem
2998 3264 3059 3317 et

768 3483 804 3547 ¹)
845 3482 924 3531 Cf.
946 3498 996 3547 p.
1019 3484 1102 3532 26.
1118 3484 1170 3531 S.
1191 3483 1430 3533 Joannes
1451 3484 1526 3531 ait
1545 3483 1735 3531 iterum
1754 3483 1804 3543 4,
1816 3485 1866 3531 3.
1894 3482 2038 3546 prior
2063 3482 2201 3531 enim
2228 3481 2483 3545 profectio
2510 3481 2613 3529 fuit
2637 3481 2706 3530 ab
2733 3480 2921 3529 eodem
2944 3482 3051 3531 Ev-

554 3574 848 3619 memorata
875 3572 919 3631 1,
947 3570 1032 3618 43.
1083 3569 1125 3633 ²)
1161 3568 1297 3617 coll.
1323 3569 1520 3620 Joann.
1546 3571 1596 3629 4,
1623 3568 1709 3618 35.
1741 3570 1847 3618 iam
1870 3567 2171 3617 December
2195 3567 2406 3627 aderat,
2440 3568 2669 3632 ideoque
2694 3572 2815 3616 octo
2840 3569 3061 3617 circiter

554 3669 764 3705 menses
791 3660 1146 3705 commoratus
1167 3656 1320 3705 estin
1339 3654 1568 3704 Judaea.
1596 3655 1638 3716 3)
1658 3654 1767 3703 Ant
1784 3653 2027 3719 Sychem.
2046 3654 2111 3703 V.
2131 3654 2251 3702 Not.
2280 3652 2474 3718 Geogr.
2496 3671 2549 3719 p.
2573 3654 2715 3703 LVI.
2740 3654 2783 3719 ⁴)
2806 3653 3059 3705 Mulieris

555 3757 586 3791 e
609 3741 788 3791 verbis
821 3741 1024 3791 fontem
1053 3741 1248 3790 Jacobi
1283 3740 1628 3790 laudantibus
1663 3740 1825 3791 Jesus
1860 3741 2194 3791 occasionem
2228 3741 2415 3805 arripit
2445 3740 2853 3790 commendandi
2882 3742 3059 3791 verba

553 3826 766 3890 salutis,
812 3828 1016 3892 agitata
1056 3827 1325 3877 mentione
1367 3840 1544 3892 aquae
1592 3827 1865 3888 coelestis,
1922 3842 2029 3891 qua
2070 3827 2185 3877 sitis
2230 3827 2399 3875 omnis
2447 3825 2681 3891 pellitur.
2746 3824 2822 3876 Ut
2868 3832 3055 3877 autem

555 3913 787 3963 exhibito
824 3915 993 3963 omnis
1028 3914 1284 3963 scientiae
1321 3927 1453 3963 suae
1487 3914 1777 3978 specimine
1822 3912 2063 3963 Christus
2114 3912 2185 3961 ad
2221 3913 2302 3961 sui
2340 3913 2581 3961 notitiam
2616 3913 2893 3963 mulierem
2928 3930 3055 3979 per-

554 4000 797 4061 duceret,
843 4000 1077 4073 ostendit
1115 4016 1176 4049 se
1211 4014 1318 4049 non
1357 4014 1475 4049 esse
1509 4000 1749 4065 impurae
1787 4013 1947 4064 quam
1982 3998 2217 4049 ducebat
2248 4000 2391 4047 vitae
2424 3999 2684 4064 ignarum.
2740 3999 2859 4061 Quo
2896 4000 3055 4065 sig-no

553 4090 795 4152 permota
820 4086 1008 4135 mulier
1041 4087 1218 4135 statim
1252 4090 1396 4135 recte
1419 4086 1626 4135 iudicat
1657 4086 1922 4135 Christum
1957 4100 2073 4135 esse
2106 4086 2445 4149 Prophetam.
2496 4084 2585 4134 Sic
2618 4086 2852 4135 obtinuit
2874 4088 3057 4137 coele—

553 4178 688 4222 stem
715 4186 908 4239 aquam
933 4172 1145 4232 mulier,
1199 4187 1318 4222 cum
1352 4177 1617 4221 terrenam
1644 4173 1879 4238 quaerit3
1913 4171 2183 4237 Jesusque
2210 4176 2337 4221 tunc
2362 4174 2545 4221 sitiens
2582 4176 2745 4237 atque
2769 4172 3055 4224 famelicus

553 4259 786 4309 ostendit
807 4274 867 4308 se
892 4258 1004 4307 alia
1023 4260 1210 4308 maiori
1238 4258 1449 4324 quidem
1477 4260 1714 4324 torqueri
1738 4259 1877 4308 fame
1904 4262 2066 4323 atque
2090 4260 2202 4319 siti,
2230 4258 2480 4307 videlicet
2512 4258 2753 4308 homines
2776 4258 2923 4309 Patri
2946 4276 3053 4310 suo

531 4345 948 4395 'reconciliandi.
995 4346 1192 4395 Joann.
1229 4347 1278 4406 4,
1313 4346 1500 4395 5-29.
1551 4345 1592 4409 ⁵)
1632 4345 1711 4394 Of.
1748 4346 1807 4394 P.
1838 4345 2080 4406 Antonii,
2125 4344 2192 4394 de
2236 4346 2585 4393 conversione
2620 4344 2937 4395 Samaritam.
2980 4344 3053 4396 ad

553 4429 833 4481 Christum.
862 4431 943 4480 ed.
969 4430 1062 4481 lv.
1089 4431 1212 4481 Hal.
1245 4432 1391 4480 1713.
1420 4430 1462 4495 ⁶)
1491 4430 1689 4480 Joann.
1718 4433 1768 4493 4,
1795 4433 2017 4481 30—43.
2041 4431 2230 4481 Matth.
2256 4433 2305 4493 4,
2341 4432 2421 4481 13.
2448 4432 2583 4481 Luc.
2608 4434 2659 4492 4,
2690 4432 2769 4482 14.
2820 4432 2863 4493 7)
2890 4433 3055 4493 Quod

551 4516 654 4567 soli
691 4515 901 4567 Christo
950 4517 1176 4567 debet-ur
1213 4518 1281 4567 ob
1317 4517 1709 4582 hypostaticam
1746 4518 2011 4567 unionem.
2050 4518 2115 4567 V.
2152 4518 2349 4568 Joann.
2388 4520 2436 4579 1,
2478 4520 2557 4567 18.
2610 4518 2671 4567 F.
2715 4519 2778 4568 A.
2820 4518 3053 4585 Lampe,

552 4601 677 4651 diss.
723 4601 789 4651 de
832 4603 952 4652 sinu
989 4603 1192 4662 Patris,
1247 4605 1302 4653 in
1341 4609 1478 4667 synt.
1517 4604 1642 4653 diss.
1682 4604 1764 4653 ed.
1798 4604 1866 4653 D.
1904 4604 2124 4654 Gerdes.
2167 4603 2385 4655 Amstel.
2424 4606 2573 4654 1737.
2611 4604 2705 4654 IV.
2732 4621 2785 4670 p.
2814 4608 2895 4655 73.
2920 4622 2967 4654 ε.
