3267 5259
1230 441 1427 499 Epistola
1453 448 1510 489 ad
1536 442 1744 489 Hebreos.
2601 430 2724 498 461

234 634 361 671 esse
402 626 643 673 nostram
680 622 750 673 ad
784 623 1078 673 Hebraeos.
1116 624 1271 689 Apud
1308 624 1527 675 Veteres
1566 626 1707 674 enim
1744 628 2050 675 constanter
2085 622 2454 673 Hebraeorum
2491 622 2727 689 adpella-

230 710 393 759 tione
431 716 514 761 est
548 710 817 776 insignita.
857 709 937 759 cf.
965 725 1105 776 quae
1142 710 1443 761 adhucdum
1478 726 1760 762 monuere:
1799 709 2087 771 Delitzsch‚
2127 710 2259 759 fiber
2293 710 2437 760 Verf.
2474 726 2525 759 u.
2562 710 2730 760 Leser

232 795 285 845 d.
326 796 679 859 Hebraerbr„
704 798 760 846 in
796 812 917 847 ann.
946 798 1001 846 Z.
1030 796 1065 847 f.
1089 797 1125 847 l.
1152 797 1248 847 Th.
1280 800 1429 848 1849.
1456 796 1525 861 Π,
1552 800 1670 847 250.
1698 814 1738 848 s.
1790 796 1988 847 Comm.
2015 814 2060 847 z.
2086 796 2172 846 Br.
2200 812 2246 845 a.
2275 795 2325 846 d.
2351 796 2516 846 Hebr.
2542 796 2742 861 Leipz..

235 883 397 933 1857.
432 900 487 948 p.
526 885 609 933 28.
653 884 986 947 Liinemann,
1025 884 1159 950 disp.
1200 884 1265 933 de
1302 884 1438 934 liter.
1473 901 1522 949 q.
1567 884 1636 934 ad
1669 884 1946 933 Hebraeos
1983 883 2196 933 insci-ib.
2235 860 2386 949 priin.
2423 882 2546 932 lect.
2585 882 2727 932 Gutt.

234 972 397 1020 1853.
423 988 477 1037 p.
507 974 553 1021 7.
579 985 620 1021 s.
658 972 735 1022 Id.
786 972 876 1021 Kr.
916 988 1064 1037 exeg.
1090 971 1305 1021 Handb.
1345 976 1394 1021 il.
1433 971 1482 1021 d.
1520 971 1844 1021 Hebriierbr.
1884 970 2024 1021 Gett.
2067 972 2216 1021 1855.
2253 988 2304 1035 p.
2343 972 2426 1019 24.
2454 986 2495 1020 s.
2540 970 2726 1033 Bleek‚

233 1058 285 1107 d.
327 1058 423 1107 Br.
452 1074 524 1108 an
550 1058 599 1108 d.
624 1058 791 1108 Hebr.
816 1058 959 1107 Berl.
987 1060 1138 1109 1828.
1171 1059 1213 1121 Ι,
1242 1061 1325 1108 24.
1352 1075 1393 1108 s.
1442 1058 1582 1108 Einl.
1618 1076 1670 1124 p.
1709 1060 1828 1108 529.
1864 1074 1905 1108 s.
1953 1058 2194 1123 Langen,
2233 1056 2317 1107 die
2355 1061 2528 1107 ersten
2562 1058 2730 1107 Leser

234 1144 285 1195 d.
328 1146 679 1207 Hebrflerbr„
717 1147 771 1195 in
807 1146 943 1195 Tub.
982 1147 1165 1207 Quart.
1215 1148 1366 1196 1863.
1412 1162 1463 1211 p.
1502 1148 1618 1195 383.
1653 1161 1695 1196 s.
1749 1146 1999 1195 Nostram
2047 1146 2364 1195 sententiam
2401 1144 2725 1195 validissime

230 1238 653 1298 propugnarunt
688 1239 900 1299 praeter
934 1233 1091 1283 modo
1126 1232 1373 1283 laudatos
1410 1233 1551 1297 Hug,
1578 1232 1720 1282 Einl.
1744 1233 1815 1295 II,
1842 1234 1961 1283 452.
2010 1232 2072 1281 Α.
2106 1232 2291 1294 Maier,
2329 1230 2379 1281 h.
2417 1232 2496 1286 kr.
2535 1231 2726 1281 Unter-

230 1320 557 1385 suchungen
598 1325 648 1370 ii.
686 1320 735 1369 d.
774 1320 1169 1370 Hebriierbrief.
1206 1320 1351 1369 Frib.
1379 1322 1530 1370 1861.
1570 1319 1769 1369 Comm.
1807 1324 1860 1369 il.
1899 1320 1947 1369 d.
1973 1320 2062 1369 Br.
2101 1334 2147 1369 a.
2187 1320 2236 1368 d.
2263 1318 2427 1368 Hebr.
2465 1319 2534 1368 ib.
2577 1320 2726 1369 1861.

232 1424 286 1473 p.
318 1410 368 1455 1.
410 1424 453 1457 s.
492 1406 571 1457 Id.
608 1407 765 1470 Einl.,
800 1424 849 1473 p.
888 1408 1005 1457 361.
1045 1422 1086 1456 s.
1122 1407 1318 1470 Wette,
1358 1408 1421 1457 K.
1460 1406 1611 1457 Erkl.
1651 1408 1699 1456 d.
1738 1406 1798 1457 Β.
1838 1423 1872 1456 a
1908 1444 1921 1456 .
1959 1444 1972 1456 .
2011 1444 2024 1456 .
2063 1406 2112 1456 d.
2151 1406 2314 1455 Hebr.
2351 1406 2537 1471 Leipz.
2577 1408 2726 1455 1847.

232 1511 285 1559 p.
328 1496 455 1543 122.
494 1510 553 1555 8.,
590 1493 731 1543 Einl.
778 1511 830 1559 p.
866 1495 983 1543 352.
1032 1494 1303 1556 Τῐιίετεοὴ,
1354 1493 1419 1543 de
1470 1494 1621 1558 epist.
1671 1492 1754 1543 ad.
1801 1494 1966 1543 Hebr.
2021 1509 2206 1543 comm.
2251 1492 2303 1542 11.
2351 1492 2520 1542 Marb.
2572 1494 2724 1542 1848.

232 1598 286 1646 p.
328 1582 382 1630 6.
421 1595 465 1629 s.
504 1579 734 1644 Stengel‚
772 1580 922 1629 Erkl.
960 1579 1010 1629 d.
1035 1580 1125 1630 ΒΥ.
1152 1596 1200 1629 a.
1228 1580 1276 1629 d.
1304 1580 1468 1629 Hebr.
1506 1580 1707 1629 Karlsr.
1749 1582 1897 1629 1849.
1924 1597 1974 1646 p.
2006 1582 2084 1631 13.
2111 1596 2152 1629 s.
2191 1579 2394 1641 Riehm,
2435 1578 2527 1628 der
2561 1579 2726 1629 Lehr-

229 1666 440 1732 begriff
471 1666 521 1716 d.
548 1666 867 1716 Hebraerbr.
894 1666 1216 1732 dargestellt.
1242 1666 1547 1733 Ludwigsb.
1577 1668 1727 1716 1858.
1755 1668 1796 1730 Ι,
1824 1669 1907 1717 38.
1933 1682 1975 1717 s.
2013 1666 2334 1731 Reithmayr‚
2361 1666 2502 1715 Einl.
2527 1684 2580 1731 p.
2605 1668 2722 1717 653.

232 1772 277 1805 s.
330 1756 399 1804 A.
436 1754 676 1820 Bisping‚
713 1754 863 1804 Erkl.
902 1754 951 1804 d.
988 1754 1076 1803 ΒΓ.
1115 1769 1183 1804 an
1221 1754 1305 1804 die
1342 1754 1507 1804 Hebr.
1544 1754 1740 1805 Miinst.
1781 1756 1928 1805 1854.
1955 1772 2004 1820 p.
2033 1756 2115 1804 24.
2141 1769 2183 1803 s.

449 2018 490 2095 ἓ
534 2016 639 2081 92.
688 2012 1047 2100 Epistola
1092 2016 1273 2095 ,πρὸς
1318 2014 1694 2095 (Εβραίφυςι
1741 2012 2112 2078 hebraice
2161 2024 2503 2079 exarata.

456 2210 751 2268 Hebraico
781 2230 1045 2268 sermone
1074 2210 1376 2285 epistolam
1407 2210 1624 2268 editam
1665 2210 1967 2268 affirmant
2007 2216 2178 2269 testes
2218 2212 2308 2270 uti
2343 2212 2722 2271 vetustissimi

238 2319 329 2375 ita
364 2315 703 2391 gravissimi
727 2314 763 2373 ¹.
796 2316 893 2373 Sic
920 2317 1138 2373 sent-ire
1167 2316 1294 2390 ipsa
1323 2335 1412 2372 res
1442 2316 1624 2373 iubet.
1659 2316 1878 2373 Maluit
1908 2334 1960 2374 α.
1993 2338 2038 2373 s,
2071 2316 2292 2375 Paulus
2323 2318 2412 2375 uti
2443 2338 2720 2389 sermone,

236 2440 359 2499 quo
390 2421 607 2497 passim
636 2440 834 2479 omnes
864 2420 1026 2477 illius
1056 2422 1247 2495 gentis
1276 2421 1539 2478 homines
1568 2420 1856 2497 loquendo
1885 2422 2302 2499 scribendoque
2340 2422 2659 2480 utebantur
2679 2418 2722 2480 ².

458 2646 498 2713 ¹)
538 2646 781 2695 Clemens
806 2644 887 2695 Al.
927 2644 1067 2711 apud
1093 2644 1293 2694 Euseb.
1318 2643 1388 2693 H.
1414 2644 1477 2692 E.
1504 2642 1595 2705 VI,
1626 2645 1706 2693 14.
1743 2660 1771 2692 e
1809 2644 1956 2693 libris
1995 2640 2351 2695 ὑποτυπώσεων
2394 2644 2720 2710 „Epistolam

236 2741 423 2784 autem
463 2732 531 2782 ad
556 2730 835 2783 Hebraeos
860 2730 1014 2781 Pauli
1053 2730 1266 2797 quidem
1304 2746 1421 2781 esse
1458 2728 1702 2791 affirmat,
1742 2730 1836 2780 sed
1871 2730 2122 2781 hebraico
2161 2747 2402 2781 sermone
2439 2736 2624 2797 utpote
2659 2730 2728 2780 ad

238 2819 527 2868 Hebraeos
566 2819 789 2883 primum
828 2819 1077 2884 scriptam
1114 2810 1304 2881 fu'isse3
1343 2818 1549 2866 Lucam
1572 2833 1699 2867 vero
1739 2817 1962 2867 eandem
1999 2832 2190 2883 graeco
2226 2834 2468 2869 sermone
2493 2818 2727 2869 studiose

235 2908 698 2970 interpretatum.“
737 2922 789 2971 p.
816 2906 934 2955 215.
970 2904 1303 2970 Nicephorus
1331 2904 1537 2954 Callisti
1562 2904 1624 2954 Ε.
1652 2904 1719 2953 H.
1747 2906 1795 2966 4,
1822 2906 1904 2953 33.
1930 2904 1970 2967 Ι,
1999 2906 2114 2955 333.
2143 2904 2208 2953 de
2235 2906 2418 2955 eodem
2455 2906 2728 2955 Clemente

240 2991 582 3057 „Epistolam
596 3006 725 3041 sane
746 2992 814 3041 ad
832 2991 1111 3041 Hebraeos
1126 2991 1281 3041 Pauli
1302 3006 1418 3041 esse
1440 2996 1621 3041 censet
1634 2990 1897 3040 Hebraeis
1911 2992 2177 3041 Hebraico
2198 3006 2438 3042 sermone
2460 2994 2727 3058 scriptam,

238 3094 273 3127 a
310 3078 469 3127 Luca
508 3084 684 3127 autem
723 3078 1006 3128 ambitiosa
1053 3078 1330 3143 splendide
1368 3092 1576 3126 versam
1612 3077 1796 3142 lingua
1833 3076 2050 3127 Graccis
2089 3094 2204 3128 esse
2243 3080 2582 3144 expositam.“
2645 3078 2729 3129 De

239 3164 578 3230 autographo
604 3164 854 3214 hebraico
881 3181 989 3214 non
1014 3165 1173 3214 dubie
1197 3164 1432 3229 loquitur
1455 3164 1742 3225 Eusebius,
1771 3164 1840 3213 H.
1859 3164 1923 3212 Ε.
1945 3164 2042 3226 111,
2070 3168 2152 3214 38.
2178 3183 2228 3231 p.
2254 3168 2367 3215 110.
2398 3166 2562 3227 „Cum
2589 3167 2727 3214 enim

240 3252 311 3301 ad
352 3250 635 3301 Hebraeos
672 3253 844 3317 patrio
892 3265 1134 3301 sermone
1184 3252 1483 3316 scripsisset
1528 3250 1745 3311 Paulus,
1793 3250 1886 3299 alii
1922 3250 2124 3300 Lucam
2171 3252 2589 3317 Evangelistam,
2637 3252 2729 3300 alii

240 3338 577 3388 Clementem
615 3338 893 3404 epistolam
929 3337 1075 3387 illam
1115 3354 1231 3388 esse
1268 3338 1672 3403 interpretatum
1721 3338 1944 3387 ferunt“.
1995 3338 2181 3404 Neque
2231 3340 2405 3389 minus
2456 3344 2638 3405 aperte
2675 3338 2724 3388 d.

239 3426 626 3489 Hieronymus,
666 3424 731 3474 de
767 3426 864 3474 vir.
902 3425 975 3475 ill.
1015 3441 1059 3474 c.
1100 3428 1145 3473 5.
1189 3424 1519 3489 „Scripserat
1568 3430 1626 3473 ut
1663 3424 1943 3473 Hebraeus
1989 3424 2250 3474 Hebraeis
2295 3426 2562 3475 Hebraico
2607 3428 2642 3475 i.
2681 3442 2726 3477 e.

240 3528 343 3563 suo
402 3510 619 3577 eloquio
669 3511 1028 3575 disertissime,
1079 3517 1139 3560 ut
1184 3526 1249 3560 ea
1298 3526 1435 3575 quae
1482 3510 1792 3575 eloquenter
1845 3512 2044 3576 scripta
2095 3512 2308 3561 fueraut
2351 3512 2406 3561 in
2459 3512 2726 3574 Hebraeo,

242 3600 590 3664 eloquentius
637 3602 969 3647 verterentur
1004 3600 1058 3647 in
1097 3614 1345 3663 graecum
1384 3602 1439 3647 et
1471 3598 1610 3647 hauc
1656 3612 1870 3647 causam
1917 3614 2051 3659 esse,
2099 3598 2241 3663 quod
2278 3614 2310 3647 a
2347 3599 2536 3648 ceteris
2572 3600 2729 3649 Pauli

243 3685 489 3753 epistolis
530 3686 832 3750 discrepare
868 3684 1160 3734 videamr.“
1187 3702 1239 3751 p.
1267 3686 1349 3733 36.
1388 3684 1533 3733 Idem
1573 3684 1774 3734 habent
1807 3684 2190 3747 Theodoretus,
2217 3700 2326 3750 arg.
2362 3702 2443 3752 ep.
2471 3686 2538 3735 ad
2562 3686 2727 3735 Hebr.

238 3791 293 3839 p.
324 3774 445 3823 544.
487 3772 745 3837 „Scripsit
782 3787 899 3822 eam
945 3772 1128 3837 lingua
1166 3771 1433 3821 hebraica.
1478 3772 1684 3821 Ferunt
1733 3777 1908 3821 autem
1959 3772 2281 3822 Clementem
2328 3774 2728 3838 interpretatum

242 3864 417 3911 esse.“
478 3858 777 3923 Euthalius‚
834 3860 991 3911 Pauli
1048 3859 1195 3909 aliar.
1233 3859 1351 3908 VII.
1402 3858 1540 3909 cath.
1588 3876 1673 3924 ep.
1713 3860 1837 3910 edit.
1885 3860 1940 3907 in
1989 3854 2120 3918 ὑπόζ.
2161 3859 2228 3909 ad
2267 3860 2403 3909 Heb.
2442 3874 2526 3925 ap.
2564 3859 2627 3908 L.
2665 3859 2726 3909 A.

246 3948 596 4011 zacagnium,
636 3946 849 3997 collect.
886 3964 1025 3996 mon.
1064 3952 1170 3996 vet.
1208 3947 1356 3996 Eccl.
1394 3962 1471 4011 gr.
1506 3962 1557 4011 p.
1594 3947 1712 3995 668.
1763 3946 1817 3996 S.
1853 3946 2092 3995 Joannes
2130 3947 2512 4007 Damascenus,
2551 3946 2606 3997 in
2644 3962 2726 4013 ep.

188 4098 195 4103 α
242 4034 303 4084 Ρ.
331 4034 404 4093 11,
432 4037 551 4083 258.
602 4034 823 4083 Cosmas
859 4034 1298 4098 Indicopleustes‚
1339 4034 1459 4083 Chr.
1500 4034 1680 4098 opinio
1719 4032 1785 4081 (le
1821 4032 2017 4082 mundo
2055 4033 2168 4082 sive
2204 4032 2435 4098 Topogr.
2461 4032 2570 4083 chr.
2601 4034 2638 4082 l.
2663 4034 2726 4083 V.

246 4121 333 4171 ed.
382 4120 751 4183 Montfaucon‚
781 4120 915 4170 Coll.
940 4137 994 4169 n.
1019 4121 1079 4169 P.
1107 4126 1159 4169 et
1185 4120 1237 4169 S.
1266 4120 1354 4170 Gr.
1382 4122 1502 4170 Par.
1533 4122 1684 4170 1707.
1712 4119 1782 4181 11,
1808 4122 1925 4170 255.
1973 4120 2266 4169 Rhabanus
2301 4121 2536 4183 Maurus,
2561 4122 2619 4169 in
2645 4138 2726 4186 ep.

246 4207 305 4257 P.
334 4207 369 4257 l.
396 4206 619 4257 XXVII.
647 4206 709 4269 V,
737 4208 855 4257 538.
892 4206 1131 4271 Angelus
1158 4205 1403 4269 Scholae,
1428 4206 1634 4273 proloq.
1663 4222 1844 4272 expos.
1872 4223 1954 4272 ep.
1981 4206 2048 4256 ad
2074 4206 2239 4257 Hebr.
2267 4206 2351 4256 ed.
2377 4208 2546 4272 Neap.
2575 4209 2726 4257 1856.

244 4294 340 4356 VI,
367 4296 417 4343 4.
445 4294 673 4359 aliiqu03
712 4309 845 4359 quos
883 4293 1005 4343 vide
1042 4308 1127 4360 ap.
1164 4294 1252 4343 Fr.
1290 4293 1481 4356 Bleek,
1518 4294 1760 4344 Versuch
1799 4296 1946 4343 einer
1979 4294 2264 4343 vollstiind.
2301 4294 2444 4344 Einl.
2481 4295 2536 4343 in
2562 4294 2611 4343 d.
2639 4292 2726 4345 Br.

244 4396 315 4430 an
356 4381 442 4430 die
478 4380 649 4429 Hebr.
687 4379 827 4429 Berl.
856 4382 1006 4430 1828.
1032 4398 1084 4446 p.
1110 4382 1159 4429 8.
1186 4383 1233 4431 9.
1286 4380 1327 4445 2)
1366 4380 1523 4442 Quod
1562 4398 1626 4430 ex
1663 4382 1778 4432 Act.
1813 4384 1894 4443 21,
1921 4383 2005 4430 40.
2032 4383 2114 4443 22,
2141 4384 2190 4429 2.
2226 4381 2555 4447 intelligitur.
2595 4382 2728 4431 Cum

244 4469 386 4516 enim
424 4482 459 4516 a
494 4466 664 4532 Lysia
700 4466 923 4517 militum
961 4482 1297 4517 romanorum
1334 4468 1606 4533 praefecto
1654 4471 1858 4533 captus,
1906 4468 2307 4533 libertatemque
2344 4466 2412 4517 ad
2451 4468 2728 4519 Hebraeos

244 4552 769 4619 Hierosolymitanos
820 4554 987 4603 verba
1038 4554 1270 4605 faciendi
1326 4560 1514 4605 nactus
1570 4559 1735 4605 esset:
1792 4553 2063 4604 auditores
2119 4553 2364 4603 dicuntur
2412 4554 2514 4605 hoc
2561 4556 2729 4621 magis

244 4640 455 4692 siluisse
482 4638 631 4706 quod
657 4655 775 4689 eum
802 4640 1050 4691 hebraice
1075 4656 1133 4691 se
1160 4641 1515 4706 alloquentem
1542 4642 1804 4691 audirent.
1831 4642 1894 4689 V.
1921 4658 1972 4707 p.
1993 4643 2110 4691 422.
2147 4642 2413 4691 Hebraice
2439 4644 2618 4709 itaque
2643 4641 2728 4693 vel
