3267 5259
586 378 721 443 430
1330 390 1446 434 nist.
1477 389 1583 434 nov.
1612 388 1705 435 div.
1733 388 1902 434 Period.
1931 388 1989 435 11.
2011 402 2104 443 cap.
2133 388 2332 443 primum.

588 564 977 652 comprobat
1032 566 1235 651 ipsius
1278 564 1745 631 Commentarii
1807 566 1888 631 A.
1942 566 2023 630 A.
2077 567 2514 651 prooemium,
2561 576 2760 651 atque
2821 562 3049 629 indoles

587 680 922 763 utriusque
970 677 1280 763 aequalis.
1342 700 1399 741 a.
1446 678 1656 743 Actus
1688 688 1754 743 et
1797 676 2234 763 Evangelium
2277 700 2399 764 per
2441 678 2852 764 prooemium
2895 687 3050 741 arcte

588 790 971 874 cohaerent3
1018 790 1363 875 eidemque
1395 789 1758 877 Theophilo
1785 795 1804 835 ¹
1846 789 2132 855 dedicati
2161 800 2330 855 sunt.
2391 789 2458 855 b.
2489 789 2796 854 Eundem
2827 790 3051 871 δεύτερον

586 906 777 985 λόγον,
848 925 1043 989 quem
1100 909 1314 985 πρῶτος
1356 904 1530 983 λόγος
1574 901 1822 968 habere
1875 913 2232 986 auctorem,
2289 902 2508 990 prodit
2553 900 2816 967 dicendi
2867 924 3051 986 genus

588 1015 860 1101 aequale
890 1017 959 1079 in
988 1025 1266 1100 utroque
1298 1014 1537 1099 Libro;
1584 1017 1722 1080 sive
1755 1014 2044 1101 singulas
2081 1036 2282 1081 voces
2313 1016 2610 1102 scriptori
2655 1016 2830 1079 tertii
2859 1014 3049 1078 Evan-

586 1127 739 1212 gelii
784 1129 1158 1215 cumprimis
1204 1127 1583 1211 familiares,
1643 1131 1782 1193 sive
1824 1138 2034 1194 totum
2079 1130 2398 1194 sermonis
2440 1127 2736 1193 habitum
2785 1126 3050 1191 attende-

586 1244 785 1305 rimus
802 1243 847 1303 ².
922 1240 1228 1325 Denique
1288 1262 1343 1305 c.
1392 1263 1429 1305 e
1476 1240 1900 1327 dispositione
1955 1262 2124 1326 quae
2179 1242 2352 1305 inter
2406 1240 2685 1306 formam
2730 1238 3050 1323 Evangelii

588 1364 652 1417 et
695 1353 983 1418 Actuum
1029 1352 1395 1437 intercedit,
1449 1354 1589 1417 iure
1636 1352 1961 1439 colligitur
2023 1377 2188 1417 unus
2233 1353 2540 1438 idemque
2587 1354 2869 1437 scriptor
2885 1354 2924 1415 ³.
2993 1348 3050 1413 Si

587 1467 893 1550 omnium,
935 1466 1047 1551 qui
1076 1465 1375 1531 historias
1406 1464 1716 1550 scribunt,
1752 1465 2040 1531 officium
2073 1487 2216 1531 esse
2265 1474 2552 1530 constat:
2599 1464 2848 1551 ubique
2893 1474 3048 1527 certa

586 1588 653 1642 et
695 1600 853 1643 vera
896 1601 1307 1665 proponere;
1356 1602 1395 1644 a
1439 1578 1852 1666 Scriptore
1910 1602 2127 1645 rerum
2187 1581 2577 1665 inspirato
2631 1600 2795 1663 prae
2843 1578 3050 1641 ceteris

586 1693 967 1777 requiritur,
1037 1714 1119 1757 ne
1182 1714 1350 1777 quae
1416 1694 1629 1757 minus
1695 1702 1876 1758 certa
1938 1704 2006 1758 et
2065 1701 2254 1757 extra
2323 1690 2798 1757 dubitationem
2863 1691 3052 1776 posita

564 1802 817 1887 tradat,
864 1826 1032 1869 neve
1078 1804 1208 1870 ullo
1257 1806 1537 1891 partium
1584 1804 1796 1871 studio
1846 1806 2138 1871 ducatur.
2203 1804 2282 1869 In
2325 1827 2402 1869 eo
2437 1806 2567 1868 iam
2615 1803 2797 1889 quod
2839 1813 3048 1867 tracta-

582 1940 727 1981 mus
774 1914 997 1982 Lucae
1047 1916 1554 2002 CommentariO,
1613 1918 2028 1983 historiarum
2092 1917 2265 1983 bene
2329 1928 2745 1983 exaratarum
2806 1918 3051 1980 virtutes

586 2028 854 2093 mirifice
886 2039 1179 2095 servatas
1210 2052 1375 2113 esse,
1423 2030 1778 2116 officioque
1811 2040 2114 2116 suscepto
2149 2030 2638 2115 diligentissime
2673 2028 3045 2095 satisfecisse

584 2142 986 2227 scriptorem,
1018 2164 1211 2207 nemo
1245 2164 1493 2227 aequus
1538 2164 1756 2207 rerum
1801 2143 2000 2208 iudex
2033 2140 2405 2227 denegabit.
2457 2140 2588 2221 Qui
2619 2144 2796 2206 enim
2831 2142 3050 2223 ἀκριβῶς

581 2254 1005 2339 inquisiverat
1049 2256 1115 2319 in
1162 2255 1338 2319 facta
1384 2255 1561 2342 apud
1606 2266 1806 2320 testes
1851 2255 1981 2320 fide
2029 2254 2442 2341 dignissimos
2453 2306 2472 2339 ,
2535 2253 2693 2319 nihil
2741 2252 2916 2318 dubii
2955 2251 3046 2315 vel

583 2364 727 2430 falsi
773 2366 990 2453 prodit
1010 2370 1055 2431 ⁴.
1134 2366 1187 2433 C
1208 2367 1608 2435 onsilium
1667 2391 1797 2454 quo
1845 2370 1912 2433 in
1955 2369 2242 2433 Actuum
2286 2366 2451 2433 libro
2501 2367 2838 2433 exarando
2881 2388 3046 2451 rege-

583 2561 661 2610 rei
696 2562 909 2625 ignaros
946 2561 1293 2623 instituerem,
1332 2578 1401 2611 ne
1426 2566 1635 2613 tantum
1659 2562 1970 2613 thesaurum
1993 2562 2373 2627 negligerent.“
2411 2563 2566 2612 Haec
2604 2567 2784 2613 autem
2807 2562 2964 2611 verba
2986 2560 3042 2608 de

582 2646 811 2697 indoctis
837 2662 954 2697 esse
979 2647 1125 2697 dicta
1148 2648 1323 2713 quivis
1348 2646 1509 2698 facile
1534 2648 1815 2713 intelliget.
1841 2649 2065 2699 Photius
2091 2648 2305 2713 quidem
2329 2665 2378 2714 q.
2408 2651 2524 2699 123.
2552 2648 2623 2698 ad
2639 2647 3044 2714 Amphilochium

584 2732 667 2783 ed.
692 2733 871 2799 Migne
896 2734 939 2797 Ι,
968 2735 1083 2796 716,
1110 2734 1267 2785 nobis
1292 2734 1567 2786 adversari
1590 2735 1818 2797 videtur,
1848 2736 2062 2800 quando
2089 2734 2280 2785 refert:
2321 2734 2678 2801 „Scriptorem
2704 2751 2827 2785 vero
2849 2738 3043 2784 actuum

584 2818 676 2869 alii
714 2818 1041 2871 Clementem
1078 2821 1378 2871 Romanum
1415 2820 1707 2887 appellant,
1747 2821 2054 2872 Barnabam
2101 2822 2211 2885 alii,
2267 2822 2360 2871 alii
2407 2838 2534 2872 vero
2577 2823 2781 2871 Lucam
2819 2822 3042 2885 Evange-

582 2905 817 2970 listam;“
858 2908 1111 2958 continuo
1158 2912 1395 2958 attamen
1441 2908 1591 2959 addit
1629 2908 1786 2974 „Ipse
1831 2924 1960 2959 vero
2004 2909 2184 2959 Lucas
2229 2924 2340 2958 rem
2389 2907 2589 2971 delinit,
2637 2908 2849 2974 quando
2891 2908 3041 2973 primo

582 2991 797 3057 quidem
844 2994 901 3043 in
945 2993 1125 3044 limine
1161 2994 1284 3044 libri
1321 2998 1646 3059 praemonet,
1697 2994 1840 3061 quod
1889 2994 2049 3045 aliam
2102 2996 2604 3047 commentationem
2649 2996 2862 3046 Domini
2905 3000 3041 3059 gesta

582 3078 1021 3144 complectentem
1058 3082 1382 3145 scripserit“.

796 3166 833 3231 ¹)
873 3167 937 3217 V.
975 3184 1026 3233 p.
1047 3170 1163 3221 288.
1189 3182 1230 3218 s.
1282 3167 1322 3233 ²)
1362 3168 1443 3217 Cf.
1472 3184 1517 3219 e.
1548 3184 1597 3233 g.
1622 3168 1738 3219 Act.
1769 3172 1814 3231 1,
1843 3171 1924 3219 10.
1959 3172 2008 3231 3,
2033 3171 2082 3219 4.
2113 3172 2194 3221 12.
2229 3172 2278 3232 6,
2309 3171 2387 3219 15.
2427 3171 2473 3231 7,
2499 3172 2584 3220 55.
2613 3170 2695 3230 10,
2719 3172 2769 3218 4.
2798 3172 2872 3229 11,
2897 3170 2940 3216 6.
2965 3168 3036 3226 13,

580 3256 630 3303 9.
658 3254 739 3315 14,
766 3255 815 3304 9.
842 3256 923 3317 23,
949 3255 995 3302 1.
1022 3270 1141 3304 cum
1176 3254 1279 3305 Ev.
1305 3256 1355 3317 4,
1382 3258 1465 3305 20.
1492 3258 1575 3319 22,
1604 3257 1690 3305 66.
1737 3256 1874 3305 Item
1898 3259 1947 3319 9,
1973 3258 2056 3306 27.
2086 3257 2167 3319 16,
2197 3258 2277 3307 19.
2307 3258 2388 3321 17,
2417 3258 2497 3307 19.
2527 3259 2610 3319 18,
2637 3258 2720 3306 17.
2758 3258 2837 3315 21,
2861 3256 2936 3303 30.
2959 3254 3035 3301 33.

582 3342 666 3402 23,
695 3342 775 3390 19.
816 3339 939 3390 coll.
966 3341 1065 3389 Ev.
1094 3343 1141 3404 9,
1167 3343 1251 3391 47.
1282 3342 1364 3404 14,
1390 3344 1437 3391 4.
1466 3344 1549 3404 20,
1576 3344 1660 3392 20.
1688 3345 1772 3393 26.
1799 3344 1880 3406 23,
1908 3345 1990 3393 26.
2027 3343 2195 3393 Porro
2225 3344 2307 3405 18,
2335 3345 2417 3394 27.
2444 3342 2565 3393 coll.
2589 3343 2693 3393 Ev.
2720 3345 2767 3403 2,
2795 3346 2871 3391 15.
2895 3342 2938 3399 8,
2961 3341 3035 3389 22.

585 3427 699 3476 Nec
736 3426 931 3477 desunt
965 3442 1143 3491 voces,
1181 3443 1319 3494 quae
1343 3428 1551 3479 Lucam
1587 3428 1852 3479 medicum
1891 3436 2136 3495 arguunt.
2161 3430 2225 3480 V.
2254 3432 2301 3492 3,
2331 3432 2376 3479 7.
2405 3432 2486 3489 13,
2516 3433 2599 3480 11.
2625 3430 2707 3489 28,
2735 3431 2783 3479 8.
2827 3428 2866 3493 ³)
2901 3426 2972 3475 Cf.
2995 3440 3034 3473 e.

580 3529 631 3578 g.
660 3514 1131 3580 recapitulationes
1170 3518 1219 3578 2,
1244 3516 1329 3565 42.
1358 3518 1406 3577 5,
1436 3517 1516 3565 12.
1546 3517 1627 3579 11,
1658 3518 1738 3567 19.
1769 3517 1850 3579 14,
1877 3518 1971 3579 21,
2011 3522 2065 3565 et
2099 3522 2373 3582 respectus
2409 3516 2480 3566 ad
2515 3518 2697 3582 priora
2721 3532 2771 3565 ν.
2795 3532 2839 3565 c.
2867 3516 2940 3575 12,
2962 3514 3034 3561 25.

583 3604 639 3648 et
664 3603 744 3661 11,
772 3602 855 3650 30.
896 3602 977 3663 15,
1005 3602 1089 3651 38.
1127 3608 1182 3651 et
1216 3602 1297 3664 13,
1328 3604 1409 3653 13.
1449 3605 1528 3665 18,
1554 3604 1604 3652 5.
1643 3608 1697 3654 ct
1737 3605 1818 3665 17,
1848 3605 1929 3653 15.
1966 3605 2051 3665 21,
2077 3605 2160 3653 29.
2187 3609 2242 3654 et
2277 3604 2360 3665 20,
2386 3605 2462 3667 4.;
2518 3616 2658 3668 quae
2713 3602 2886 3652 omnia
2931 3614 3032 3649 cum

576 3685 879 3752 Evangelio
916 3688 1128 3753 egregie
1162 3693 1477 3754 congruunt.
1514 3688 1730 3755 Lingua
1763 3704 1976 3755 graeca,
2014 3705 2122 3755 qua
2157 3690 2368 3740 nemine
2405 3689 2550 3756 quod
2585 3692 2816 3739 sciamus
2849 3692 3034 3737 contra—

581 3772 791 3823 dicente
815 3774 979 3825 Actus
1018 3774 1201 3840 scripti
1238 3780 1377 3839 sunt,
1416 3792 1533 3825 cum
1572 3777 1814 3827 orafione
1839 3776 2124 3843 Evangelii
2149 3777 2416 3827 convenit.
2465 3776 2783 3827 Patentibus
2809 3775 2860 3824 id
2883 3775 3031 3839 ipsum

578 3866 631 3910 et
656 3860 1171 3912 demonstrantibus:
1200 3860 1469 3925 Gersdorf,
1494 3862 1658 3914 Beitr.
1679 3880 1732 3929 p.
1755 3865 1870 3913 160.
1909 3862 2162 3925 Oredner,
2182 3862 2326 3913 Einl.
2347 3863 2388 3926 Ι,
2412 3865 2527 3913 132.
2563 3864 2767 3928 Meyer,
2787 3858 3032 3927 Apostelg.

577 3964 628 4013 p.
654 3950 703 3998 3.
752 3947 971 4011 Beelen,
1008 3948 1299 4014 prolegom.
1333 3949 1388 3998 in
1413 3949 1477 4000 A.
1501 3950 1563 4001 A.
1595 3967 1648 4016 p.
1675 3952 1722 4000 3.
1750 3964 1791 4000 s.
1835 3949 2174 4012 Lekebusch,
2209 3949 2244 4001 1.
2279 3951 2312 3999 i.
2349 3966 2394 3999 c.
2429 3966 2482 4015 p.
2516 3951 2601 3999 37.
2627 3966 2670 4001 s.
2733 3950 2774 4013 ⁴)
2812 3948 3033 3998 Cernitur

576 4049 782 4085 summa
816 4034 867 4085 d.
904 4035 1088 4085 Lucae
1124 4037 1397 4085 accuratio
1434 4037 1491 4085 in
1528 4036 1777 4087 notandis
1814 4036 1965 4099 locis,
2003 4036 2097 4087 ubi
2132 4050 2218 4086 res
2254 4036 2582 4099 acciderunt,
2627 4036 2724 4086 ubi
2760 4043 2812 4086 et
2855 4040 3032 4099 tempo·

575 4121 739 4185 ribus,
780 4121 973 4189 quibus
1010 4126 1193 4188 gestae
1230 4127 1369 4173 sunt.
1408 4122 1515 4173 Ubi
1552 4138 1640 4173 res
1672 4122 1948 4189 postulare
1986 4123 2287 4185 videbatur,
2324 4124 2470 4189 ipsas
2513 4138 2613 4189 pro
2652 4122 2846 4173 Christi
2889 4132 3032 4171 causa

575 4207 865 4258 dicentium
903 4210 1170 4259 orationes
1208 4208 1491 4274 diligenter
1526 4211 1891 4278 persequitur3
1930 4226 2031 4260 nec
2065 4210 2290 4276 negligit
2323 4226 2505 4260 eorum
2545 4210 2707 4271 dicta,
2746 4212 2834 4275 qui
2869 4207 3031 4257 Eccle-

574 4296 686 4344 siae
721 4294 865 4345 haud
914 4295 1187 4345 favebant.
1222 4296 1419 4347 Fusius
1466 4302 1666 4361 narrat,
1717 4297 1910 4362 quibus
1955 4296 2196 4346 interfuit
2241 4296 2356 4361 ipse
2393 4324 2460 4333 —-
2495 4296 2614 4347 Act.
2644 4298 2726 4359 16,
2755 4298 2832 4347 10.
2855 4308 2896 4344 s.
2919 4310 2966 4343 u.
2987 4306 3031 4339 v.

576 4380 655 4430 Cf.
682 4383 993 4446 praesertim
1018 4384 1102 4446 20,
1130 4385 1315 4443 5-21,
1347 4385 1393 4433 7.
1418 4384 1544 4433 item
1569 4386 1653 4433 27.
1681 4390 1736 4432 et
1760 4385 1844 4433 28.
1871 4401 1964 4447 -3
1992 4394 2169 4450 neque
2205 4387 2384 4433 tamen
2421 4382 2624 4450 aliquid
2661 4397 2822 4432 curae
2855 4380 3034 4431 remisit

572 4468 630 4516 in
666 4467 746 4530 iis,
785 4482 924 4533 quae
961 4468 1097 4531 aliis,
1137 4470 1231 4535 qui
1268 4484 1440 4519 rerum
1476 4474 1748 4535 gestarum
1783 4474 2115 4535 spectatores
2151 4475 2207 4519 et
2242 4470 2512 4520 auditores
2547 4471 2780 4533 fuerant,
2827 4468 3033 4532 accepit.

574 4554 749 4618 Legat
793 4554 880 4604 cui
924 4554 1119 4621 volupe
1158 4561 1239 4606 est
1273 4556 1390 4607 Act.
1433 4558 1513 4606 12.
1574 4555 1824 4607 Ceterum
1871 4556 2134 4607 uberrime
2180 4556 2282 4607 hoc
2327 4562 2696 4622 argumentum
2732 4558 3034 4606 tractarunt:
