3267 5259
563 400 692 467 428
1309 412 1425 456 nist.
1455 414 1562 457 nov.
1592 414 1688 457 «nv.
1715 414 1885 458 renos.
1914 415 1971 459 n.
1989 426 2083 469 ως».
2111 414 2310 469 primum.

562 598 679 663 eet3
713 594 810 651 sed
834 594 1094 652 Verbum
1119 594 1232 653 Dei
1262 614 1383 653 non
1412 600 1541 654 erat
1571 595 1900 670 alligatum,
1933 598 2100 655 cuius
2131 596 2196 655 vi
2228 596 2298 654 de
2323 596 2604 655 Romanis
2635 598 3037 673 triumphavit.

566 698 659 756 Ad
688 718 831 777 quos
854 717 989 757 cum
1018 698 1291 771 venisset,
1318 718 1356 757 a
1374 700 1718 759 centurione
1741 702 2031 778 praefecto
2061 700 2340 778 praetorii
2371 702 2738 759 tradebatur.
2777 706 3040 760 Attamen

564 801 841 877 Apostolo
880 802 1227 879 permissum
1254 808 1359 875 est,
1402 803 1591 863 veluti
1620 804 1846 863 nullius
1873 806 2108 863 sceleris
2137 807 2422 875 convicto,
2470 807 2534 863 in
2565 804 2760 865 libera
2789 808 3034 865 custodia

562 906 833 965 habitare
860 905 895 965 ¹.

769 1010 969 1069 Tertio
1006 1013 1079 1071 ab
1119 1013 1379 1071 adventu
1406 1032 1513 1071 suo
1554 1014 1651 1071 die
1670 1010 1714 1085 ²,
1755 1035 1802 1073 s.
1834 1013 2054 1073 Paulus
2085 1034 2188 1091 pro
2221 1032 2382 1073 more
2419 1034 2524 1073 suo
2549 1016 2908 1085 convocatis,
2951 1016 3038 1092 qui

561 1120 731 1173 erant
760 1115 977 1175 Romae
1004 1116 1041 1175 J
1043 1118 1361 1175 udaeorum
1391 1118 1770 1194 primoribus,
1811 1122 2114 1178 enarravit
2143 1136 2376 1179 eausam
2405 1138 2510 1177 cur
2539 1118 2790 1177 Romam
2821 1120 3038 1177 vinctus

562 1220 771 1277 missus
818 1226 983 1278 esset.
1046 1220 1377 1281 Constituto
1421 1222 1629 1281 deinde
1679 1222 1800 1294 die,
1853 1242 1970 1301 qno
2016 1224 2088 1281 ad
2133 1222 2308 1282 illum
2357 1225 2661 1283 venientes
2679 1221 2706 1261 ³
2759 1224 2834 1281 de
2887 1225 3038 1281 rebus

560 1322 781 1382 Christi
812 1324 1211 1400 disputantem
1240 1327 1533 1399 audirent,
1566 1346 1700 1385 eum
1730 1328 1942 1386 habuit
1957 1324 1982 1365 ⁴
2023 1346 2378 1398 successum;
2423 1334 2494 1387 ut
2533 1326 2642 1386 alii
2669 1328 2916 1406 quidem
2935 1326 2957 1365 ⁵
2989 1348 3038 1385 se

560 1427 794 1486 Christo
824 1429 1145 1500 traderent,
1186 1429 1299 1489 alii
1328 1436 1525 1489 autem
1554 1431 1774 1490 acriter
1809 1432 2056 1491 veritati
2093 1431 2556 1491 obluctarentur.
2607 1431 2850 1503 Paulus,
2883 1431 3040 1490 mali-

560 1534 789 1607 gnitate
816 1532 855 1589 J
856 1534 1175 1592 udaeorum
1205 1541 1523 1607 contemta,
1558 1536 1780 1595 similes
1809 1536 1944 1595 illos
1974 1557 2094 1595 esse
2123 1537 2284 1595 dixit
2311 1538 2660 1608 maioribus,
2695 1556 2842 1615 quos
2873 1537 3044 1595 Isaiae

560 1638 847 1713 propheta
865 1634 891 1675 ⁸
936 1640 1295 1713 pertinaciae
1342 1640 1484 1698 olim
1532 1640 1901 1711 convicerat;
1955 1642 2196 1721 ideoque
2240 1662 2300 1700 se
2358 1642 2434 1699 iis
2479 1640 2671 1699 missis
2718 1642 2794 1699 ad
2839 1641 3040 1699 Gentes

560 1760 903 1799 conversum
933 1743 1029 1813 iri,
1064 1760 1207 1821 quos
1236 1750 1407 1802 norat
1437 1745 1761 1820 Evangelio
1791 1746 2133 1805 credituros.
2195 1746 2326 1809 Quo
2365 1748 2518 1805 dieto
2549 1746 2858 1821 litigantes
2895 1747 3038 1805 inter

558 1864 678 1903 sese
720 1846 757 1903 J
760 1846 928 1905 udaei
984 1848 1371 1908 discesserunt
1392 1848 1433 1908 ⁷.
1510 1850 1657 1909 Toto
1703 1850 1970 1923 bienni0,
2025 1871 2140 1930 quo
2185 1852 2497 1928 Apostolus
2547 1852 2768 1909 Romae
2821 1852 3036 1909 vinctus

558 1956 823 2009 versatus
862 1957 951 2009 est
987 1952 1383 2027 Evangelium
1432 1954 1842 2013 annunciavit.
1903 1956 2106 2034 Neque
2151 1955 2429 2014 Romanis
2476 1960 2714 2014 tantum
2761 1956 2835 2013 ad
2877 1954 3036 2013 fidem

558 2055 911 2113 adducendis
962 2056 1411 2136 erudiendisque
1456 2061 1760 2129 incubuit;
1813 2061 1910 2117 sed
1959 2064 2017 2117 et
2059 2060 2296 2135 scriptis
2341 2060 2627 2118 Ecclesiae
2673 2078 2826 2138 quse
2873 2078 3035 2137 quam

559 2158 895 2233 longissime
925 2161 1190 2219 abessent
1219 2162 1446 2233 docuit3
1492 2165 1629 2222 data
1661 2164 1733 2221 ad
1765 2164 2136 2240 Ephesios,
2169 2162 2656 2233 Colossenses‚
2691 2161 3034 2221 Philemo-

558 2282 711 2320 nem
753 2269 825 2321 et
860 2262 1374 2341 Philippenses
1413 2266 1677 2344 epistola.

956 2556 1015 2635 §-
1064 2558 1169 2624 85.
1229 2553 1347 2620 De
1394 2578 1443 2619 s.
1478 2554 1746 2621 Lucae
1790 2556 2016 2621 Actis
2061 2554 2650 2643 Apostolorum.

766 2744 1108 2810 Hactenus
1137 2744 1411 2810 Librum
1444 2745 1512 2811 S.
1546 2745 1613 2811 S.
1645 2746 1727 2811 N.
1767 2746 1868 2831 T„
1897 2753 2002 2831 qui
2039 2746 2412 2812 inscribitur
2458 2746 2730 2830 ,,πράξεις
2765 2754 2875 2809 τῶν
2905 2749 3036 2809 ἀπο-

558 2858 835 2939 στόλων“,
880 2856 1078 2922 latine
1136 2857 1348 2923 Actus
1405 2862 1543 2924 sive
1588 2859 1763 2925 Acta
1805 2859 2294 2947 Apostolorum,
2355 2861 2604 2925 fontem
2670 2870 3034 2925 accuratum

557 2966 992 3035 Historiarum
1050 2981 1418 3037 nostrarum
1480 2970 1860 3055 habuimus3
1923 2974 2195 3059 eiusque
2254 2996 2360 3038 res
2403 2972 2506 3039 ad.
2546 2971 2748 3037 fidem
2791 2972 3026 3037 referre

560 3199 671 3247 nini
708 3213 829 3264 aug.
857 3198 939 3249 ed.
968 3198 1215 3265 Parthey.
1241 3199 1417 3250 Berol.
1448 3202 1599 3253 1848.
1622 3216 1675 3266 p.
1700 3203 1784 3251 49.
1810 3202 1930 3251 viae
1955 3202 2163 3267 Appiae
2199 3201 2322 3252 loca
2345 3202 2422 3251 ita
2445 3207 2752 3268 computat:
2785 3202 2932 3262 „item
2969 3199 3030 3249 ab

559 3285 691 3335 urbe
726 3284 904 3351 Appia
939 3286 1031 3336 via
1066 3292 1213 3337 recto
1250 3287 1439 3337 itinere
1464 3322 1477 3337 .
1504 3322 1518 3335 .
1545 3324 1559 3337 .
1584 3288 1767 3337 Aricia
1801 3304 1958 3354 mpm.
1985 3289 2126 3338 xvl.
2165 3288 2360 3339 Tribus
2384 3289 2650 3338 Tabernis
2685 3304 2844 3354 mpm.
2873 3286 3029 3338 xvn.

557 3370 698 3437 Appi
734 3372 849 3422 foro
885 3388 1043 3438 mpm.
1069 3374 1168 3423 X.“
1229 3373 1593 3423 Occurrerunt
1626 3374 1858 3424 Romani
1893 3374 2062 3425 Paulo
2098 3375 2266 3425 veluti
2301 3374 2677 3439 triumphatori
2721 3375 2860 3425 ultra
2891 3375 3029 3440 quin·

561 3460 925 3524 quagesimum
961 3458 1211 3525 lapidem.
1250 3460 1391 3510 Hinc
1426 3460 1680 3527 colligere
1713 3460 1858 3523 licet,
1897 3466 2130 3527 quantus
2164 3462 2327 3512 fuerit
2351 3462 2670 3513 christianis
2701 3462 2946 3512 Romanis
2979 3460 3030 3507 in

564 3560 605 3594 ε.
644 3544 875 3595 Paulum
910 3560 1059 3596 amor
1096 3552 1149 3597 et
1184 3547 1515 3613 obsequium,
1552 3548 1748 3613 quibus
1783 3547 1998 3613 impulsi
2034 3554 2140 3599 tam
2177 3548 2338 3615 longo
2377 3550 2568 3599 itinere
2606 3548 2967 3599 occurrebant.

776 3630 813 3697 ¹)
850 3631 1143 3683 Custodiae
1178 3632 1267 3683 hic
1303 3639 1420 3684 erat
1452 3634 1658 3697 modus,
1697 3640 1758 3684 ut
1791 3636 2036 3700 captivus
2072 3636 2130 3685 in
2167 3635 2436 3687 conducta
2469 3636 2573 3686 sibi
2622 3636 2782 3687 domo
2829 3635 3028 3701 degens,

560 3722 754 3769 catena
788 3718 1063 3769 dexteram
1100 3720 1323 3771 haberet
1358 3722 1623 3785 innexam,
1662 3722 1814 3771 cuius
1853 3726 2090 3771 extrema
2125 3727 2278 3787 parte
2302 3721 2475 3772 altera
2497 3722 2658 3773 laeva
2679 3722 2860 3773 militis
2891 3735 3030 3787 prae-

560 3806 757 3857 toriani
792 3820 985 3857 manus
1022 3806 1389 3873 colligaretur3
1426 3812 1489 3857 ut
1524 3808 1834 3873 ubicunque
1870 3812 2012 3859 esset
2047 3808 2208 3859 etiam
2242 3809 2300 3858 in
2335 3808 2452 3859 foro
2489 3812 2545 3859 et
2567 3809 2624 3858 in
2661 3808 2853 3875 plateis
2887 3805 3030 3858 simul

558 3893 885 3943 incederent.
922 3893 1008 3943 Ibi
1046 3898 1225 3944 autem
1261 3895 1427 3945 fnisse
1474 3894 1525 3944 d.
1575 3894 1732 3944 Pauli
1779 3894 2084 3960 hospitium,
2133 3896 2226 3946 ubi
2281 3910 2426 3945 nunc
2475 3900 2561 3946 est
2609 3894 2948 3957 „diaconia
2981 3892 3030 3941 S.

558 3980 807 4030 Mariae
844 3981 907 4029 in
942 3981 1053 4030 via
1088 3980 1288 4043 lata,“
1330 3980 1488 4031 docet
1524 3980 1583 4031 C.
1620 3982 1899 4045 Batonius,
1937 3981 2129 4033 Annal.
2167 3982 2237 4033 ad
2273 3984 2357 4045 59,
2381 3984 2432 4033 6.
2459 3998 2510 4048 p.
2535 3984 2658 4033 55⁷.
2695 3982 2738 4048 ²)
2775 3984 2902 4033 Tam
2923 3980 3030 4030 feli·

560 4068 637 4116 cis
672 4067 942 4132 faustique
980 4067 1104 4129 diei,
1143 4083 1249 4133 quo
1288 4067 1575 4133 Apostolus
1610 4068 1668 4117 in
1703 4068 1906 4119 Urbem
1944 4068 2179 4131 advenit,
2226 4068 2370 4134 apud
2417 4067 2742 4132 Usuardum,
2785 4068 3028 4132 Martyro-

559 4154 759 4219 logium
798 4154 879 4205 ed.
902 4154 954 4205 J.
992 4154 1054 4204 B.
1094 4154 1306 4205 Sollerii
1331 4156 1384 4205 S.
1409 4154 1479 4217 J.,
1504 4156 1559 4205 in
1582 4154 1646 4205 A.
1674 4154 1727 4205 S.
1754 4154 1808 4204 S.
1844 4155 1985 4205 Boll.
2021 4155 2148 4205 Jun.
2187 4155 2306 4218 VII,
2343 4158 2462 4207 383.
2501 4156 2758 4207 recolitur
2793 4154 3030 4205 memoria

560 4247 747 4292 sexta
781 4241 817 4292 J
828 4241 968 4291 ulii.
1005 4242 1203 4292 Verum
1238 4257 1359 4291 cum
1393 4257 1558 4291 verno
1596 4248 1834 4308 tempore
1871 4241 2058 4292 Melita
2092 4241 2328 4305 solverit,
2365 4247 2421 4292 et
2455 4242 2578 4292 coll.
2615 4242 2734 4293 Aet.
2769 4245 2848 4304 28,
2879 4242 2952 4291 11.
2988 4252 3028 4287 s.

560 4330 749 4393 paucis
787 4328 975 4379 diebus
1012 4330 1113 4379 iter
1148 4328 1465 4392 confecerit3
1504 4328 1649 4378 haud
1683 4328 1898 4379 videtur
1931 4328 2219 4379 verisimile
2254 4328 2306 4379 d.
2343 4329 2574 4379 Paulum
2609 4330 2826 4380 ineunte
2861 4340 3030 4377 mense

562 4414 787 4475 Quintili
824 4415 1047 4466 Romam
1083 4417 1378 4481 ingressum
1416 4430 1551 4465 esse.
1590 4415 1631 4479 ³)
1671 4416 1718 4465 A
1751 4418 2013 4467 matutino
2057 4420 2298 4481 tempore
2341 4416 2412 4466 ad
2448 4432 2746 4482 vesperam.
2792 4418 2834 4480 ⁴)
2870 4416 3028 4476 Quem

561 4515 725 4565 saepe
771 4508 1020 4565 expertus
1067 4507 1164 4552 est.
1238 4502 1279 4567 ⁵)
1326 4502 1401 4551 Et
1442 4498 1672 4553 no'minis
1717 4501 1864 4553 fama
1905 4509 1960 4554 et
1995 4502 2309 4554 eruditionis
2345 4503 2398 4553 vi
2435 4503 2586 4553 clari.
2657 4504 2701 4571 ⁶)
2748 4504 2857 4569 Cap
2891 4504 2944 4562 6,
2981 4504 3029 4549 9.

563 4586 605 4652 ⁷)
641 4587 759 4636 Act.
798 4588 881 4649 28,
922 4590 1141 4639 15-31.
