3267 5259
522 406 651 471 458
1256 418 1373 457 nist.
1404 417 1509 458 Rev.
1538 417 1627 459 div.
1659 416 1822 459 Period.
1855 416 1909 457 11.
1931 428 2026 467 cap.
2055 417 2258 457 alterum.

523 601 812 648 cesserunt.
846 598 955 659 Qui
976 596 1167 646 laetior
1188 610 1365 645 rerum
1388 608 1623 645 mearum
1649 608 1932 645 successus
1969 594 2015 642 is
2041 592 2178 643 adeo
2215 592 2332 656 fuit,
2369 598 2430 643 nt
2453 592 2794 643 vinculorum
2817 594 3014 659 quibus

524 686 856 749 constringor
892 685 1027 735 ratio
1062 682 1345 733 manifesta
1378 682 1521 731 facta
1557 682 1644 743 sit,
1681 686 1794 731 tum
1827 682 1968 731 intra
1992 696 2147 731 omne
2171 682 2498 747 praetorium
2535 687 2650 731 tum
2687 686 2854 731 extra.
2897 681 3016 731 Vox

523 770 815 841 πραιτώριον
832 771 1063 836 Philipp.
1086 774 1132 833 1,
1156 772 1237 819 13.
1264 784 1461 833 magna
1484 768 1706 819 eruditis
1731 769 2212 819 controversiarum
2236 782 2372 818 ansa
2395 768 2512 817 fuit.
2538 766 2620 817 cf.
2643 768 3016 829 Hoelemanni,

524 876 709 909 comm.
736 858 805 909 ad
830 858 879 907 h.
904 858 939 907 l.
966 876 1017 924 p.
1042 860 1127 906 45.
1172 856 1335 906 Modo
1364 856 1573 917 milites,
1613 855 1772 905 modo
1799 854 1989 918 locum,
2026 854 2360 921 significasse
2393 855 2590 905 docent
2621 856 3018 921 Antiquitatum

524 947 879 996 Romanarum
926 946 1225 1010 scriptores.
1276 944 1521 993 Castrum
1570 943 1666 992 ubi
1719 943 1922 993 Romae
1957 942 2252 993 tendebant
2284 943 2654 1004 Praetoriani,
2699 942 2848 993 unde
2893 943 3016 993 sub-

522 1034 866 1083 mittebantur
896 1031 1175 1094 cohortes,
1230 1046 1369 1097 quae
1412 1046 1508 1096 per
1554 1030 1702 1079 vices
1749 1029 1818 1079 ad
1853 1029 2110 1095 palatium
2149 1028 2442 1080 Caesarum
2477 1031 2742 1081 stationes
2779 1036 3018 1096 agerent,

524 1122 687 1171 fuisse
723 1121 889 1185 liquet
928 1135 957 1169 e
996 1118 1268 1181 Svetonio‚
1315 1118 1577 1179 Tiberius,
1624 1118 1709 1165 37.
1759 1134 1810 1182 p.
1847 1118 1966 1167 150.
2013 1117 2170 1179 Nero,
2207 1118 2258 1167 9.
2293 1134 2346 1182 p.
2381 1119 2502 1167 256.
2550 1117 2638 1167 Ibi
2671 1123 2804 1169 ante
2841 1119 3020 1167 omnia

522 1210 855 1259 innotescere
902 1210 1113 1272 poterat
1158 1207 1299 1255 iusta
1342 1204 1583 1271 Apostoli
1645 1218 1836 1267 causa,
1893 1205 2090 1270 quippe
2149 1204 2240 1269 qui
2295 1204 2522 1255 custode
2575 1219 2858 1269 nunquam
2913 1220 3018 1255 non

524 1300 759 1346 uteretur
790 1309 900 1344 uno
938 1292 1003 1343 dc
1038 1292 1320 1357 militibus3
1360 1293 1449 1357 qui
1486 1292 1577 1341 ubi
1614 1291 1794 1356 plures
1830 1293 2048 1341 mutatis
2083 1291 2292 1341 vicibus
2329 1291 2474 1357 apud
2501 1290 2730 1341 Paulum
2771 1291 3014 1353 aderant,

522 1382 773 1432 facillime
810 1386 1029 1446 potuere
1067 1396 1129 1430 ex
1168 1396 1231 1429 eo
1268 1380 1539 1430 audivisse
1582 1394 1669 1429 res
1707 1378 1920 1441 Christi,
1957 1378 2276 1444 auditasque
2309 1380 2365 1429 in
2419 1379 2562 1429 omni
2597 1380 2878 1444 praetorio
2915 1380 3016 1429 dis-

522 1470 769 1535 persisse.
805 1469 991 1534 Neque
1029 1467 1418 1532 ambigendum,
1456 1469 1585 1532 quin
1618 1465 1799 1517 Julius
1825 1466 2096 1527 Centurio,
2133 1467 2272 1517 bene
2307 1468 2366 1517 in
2389 1465 2444 1516 S.
2469 1466 2702 1517 Paulum
2727 1468 3016 1529 animatus,

524 1572 629 1607 non
668 1556 767 1607 soli
804 1555 1075 1621 praefecto
1112 1556 1397 1620 praetorio,
1444 1554 1539 1605 sed
1586 1560 1642 1603 et
1689 1553 1812 1605 aliis
1861 1554 2002 1603 bene
2047 1554 2226 1604 multis
2283 1568 2350 1605 ea
2383 1554 2542 1604 Pauli
2577 1556 2824 1603 narravit
2859 1555 3018 1615 saeta,

521 1644 775 1709 imprimis
830 1642 1111 1707 miracula,
1167 1658 1389 1708 quorum
1446 1643 1595 1691 testis
1645 1643 1760 1707 ipse
1805 1642 1996 1693 fuerat.
2047 1642 2124 1691 Ut
2171 1642 2308 1691 adeo
2357 1642 2428 1691 ad
2491 1640 2744 1707 figmenta
2793 1658 2908 1692 non
2953 1644 3020 1692 sit

523 1730 866 1797 relegandum
886 1767 900 1793 ,
948 1730 1091 1795 quod
1142 1730 1305 1780 tradit
1353 1729 1407 1779 S.
1444 1730 1820 1794 Hieronymus,
1869 1730 1936 1779 de
1981 1731 2077 1780 vir.
2125 1728 2314 1779 illustr.
2351 1745 2396 1779 c.
2432 1732 2482 1778 2.
2517 1746 2568 1794 p.
2607 1731 2692 1779 66.
2730 1758 2804 1766 -
2843 1730 2932 1779 cui
2969 1734 3020 1779 et

524 1818 577 1868 S.
614 1818 960 1884 Augustinus,
988 1834 1071 1883 ep.
1100 1820 1216 1879 153,
1254 1819 1303 1866 4.
1340 1817 1411 1878 11,
1450 1818 1569 1867 529.
1619 1818 1910 1867 assentitur
1945 1844 2012 1853 —-
2049 1814 2308 1866 Senecam
2345 1817 2574 1867 Neronis
2609 1822 3018 1882 praeceptore-m

522 1907 891 1955 commercium
930 1920 1050 1954 cum
1086 1904 1255 1953 Paulo
1292 1904 1561 1954 habuisse.
1598 1904 1751 1965 Quae
1787 1920 1914 1953 vero
1951 1905 2008 1953 in
2043 1903 2126 1954 ed.
2163 1903 2392 1970 Epistol.
2419 1903 2472 1953 d.
2495 1904 2656 1953 Pauli
2691 1904 2836 1953 Ven.
2867 1905 3020 1953 1523.

522 1998 576 2043 et
610 1994 825 2058 saepius
860 1992 1111 2058 vulgatae
1148 1992 1365 2041 fuerunt
1398 1990 1676 2057 Epistolae
1714 1990 1950 2041 Senecae
1988 1990 2058 2040 ad
2093 1991 2318 2041 Paulum
2355 1996 2412 2041 et
2433 1992 2590 2040 Pauli
2627 1992 2698 2041 ad
2725 1988 3010 2051 Senecam,

522 2078 861 2147 apocryphae
897 2082 1085 2129 merito
1122 2079 1401 2141 habentur,
1440 2081 1517 2129 uti
1554 2081 1660 2129 iam
1697 2079 2127 2129 demonstrarunt
2167 2078 2226 2128 C.
2257 2080 2342 2128 W.
2370 2078 2626 2141 Lsssche13
2665 2078 2732 2128 de
2773 2077 3018 2143 epistolis

522 2166 761 2217 Senecae
798 2167 867 2217 ad
902 2168 1127 2217 Paulum
1164 2166 1600 2231 hypobolimaeis.
1639 2167 1792 2217 Witt.
1831 2168 1980 2217 1694.
2019 2172 2073 2216 et
2105 2167 2160 2216 J.
2199 2166 2258 2216 C.
2297 2165 2569 2227 Weidner,
2607 2166 2676 2215 de
2711 2166 2912 2215 iisdem
2945 2165 3014 2214 ib.

525 2270 570 2304 e.
609 2269 659 2305 a.
708 2254 1138 2305 Christicolarum
1184 2256 1329 2305 circa
1382 2253 1535 2303 Pauli
1586 2269 1670 2303 res
1719 2253 2150 2318 sollicitudinem,
2195 2260 2462 2304 testantur
2515 2254 2685 2303 verba
2730 2254 3018 2319 sequentia

524 2342 774 2392 Luciani:
826 2343 983 2408 „quin
1040 2343 1201 2391 etiam
1256 2358 1321 2391 ex
1382 2342 1617 2392 asiaticis
1673 2341 1992 2406 quibusdam
2047 2342 2295 2405 urbibus,
2353 2342 2784 2392 Christianorum
2851 2342 3018 2389 missu

524 2428 755 2494 publico,
794 2444 987 2479 venere
1026 2428 1238 2494 quidam
1289 2428 1520 2479 adiuturi
1556 2430 1746 2491 virum,
1795 2435 1848 2478 et
1895 2428 2142 2479 advocati
2189 2430 2304 2479 eius
2349 2430 2511 2479 futuri
2553 2427 3014 2493 consolaturique.

524 2516 891 2567 Incredibilem
936 2517 1075 2566 enim
1125 2516 1455 2567 alacritatem
1512 2516 1826 2579 ostendunt,
1871 2517 1918 2567 si
1974 2517 2102 2582 quid
2155 2517 2264 2567 tale
2311 2516 2408 2567 fiat
2453 2516 2690 2583 publice.
2743 2516 2826 2566 Ut
2873 2516 3014 2567 enim

523 2603 756 2654 breviter
802 2604 974 2653 dicam
1020 2602 1151 2653 nulli
1196 2605 1271 2653 rei
1316 2609 1557 2669 pareunt.
1603 2604 1794 2669 Itaque
1839 2605 2000 2653 etiam
2045 2605 2331 2671 Peregrino
2381 2610 2494 2655 tum
2529 2603 2734 2653 multae
2785 2604 2859 2653 ab
2910 2602 3014 2651 illis

522 2706 717 2741 venere
752 2692 1083 2741 vinculorum
1120 2706 1287 2741 causa
1320 2692 1598 2757 pecuniae,
1636 2707 1862 2757 eumque
1898 2692 2124 2742 reditum
2151 2694 2254 2741 sibi
2277 2692 2465 2742 babuit
2499 2708 2606 2741 non
2631 2690 3008 2741 mediocrem.‘

522 2779 607 2827 De
642 2784 809 2829 morte
846 2780 1133 2844 Peregrini.
1174 2780 1221 2839 §-
1249 2780 1331 2828 13.
1370 2778 1452 2829 ed.
1488 2780 1607 2845 Bip.
1645 2780 1797 2829 1791.
1833 2780 1981 2841 VIII,
2020 2782 2138 2830 280.
2197 2779 2346 2829 Idem
2381 2794 2540 2845 porro
2577 2777 2880 2843 Apostolus
2903 2776 2940 2827 1.
2967 2792 3014 2825 c.

524 2864 697 2927 refert,
726 2866 867 2931 quod
892 2866 1069 2933 plures
1097 2866 1315 2916 fratrum
1343 2866 1527 2917 confisi
1552 2866 1654 2916 hac
1681 2882 1854 2917 rerum
1881 2872 1934 2917 et
1951 2868 2284 2917 vinculorum
2303 2882 2514 2917 suorum
2535 2865 2870 2926 conditione,
2897 2868 3012 2914 ausi

522 2950 717 3001 fuerint
752 2952 1011 3019 intrepide
1046 2952 1281 3019 profiteri
1318 2958 1373 3002 et
1408 2954 1585 3020 eloqui
1618 2970 1914 3005 sermonem
1947 2955 2247 3021 Evangelii.
2277 2952 2506 3020 Philipp.
2534 2957 2583 3015 1,
2623 2954 2853 3003 11—14.
2897 2952 3010 3001 Imo

524 3037 770 3089 Caesaris
806 3042 861 3089 in
898 3041 1099 3107 palatio
1138 3057 1201 3090 ex
1238 3042 1589 3106 praetorianis
1636 3042 1942 3092 cohortibus
1993 3043 2172 3109 plures
2221 3042 2288 3092 ad
2328 3042 2525 3092 Christi
2559 3041 2722 3091 fidem
2760 3040 3008 3091 conversi

520 3130 645 3175 sunt
668 3127 747 3177 lb.
768 3129 817 3188 4,
839 3130 922 3177 22.
960 3127 1205 3195 Speravit
1230 3129 1387 3178 etiam
1413 3146 1453 3179 s.
1474 3129 1690 3192 Pauka,
1717 3134 1778 3179 ut
1801 3144 1922 3180 mox
1945 3132 2001 3179 in
2027 3131 2324 3180 libertatem
2351 3134 2604 3191 assertus,
2629 3128 3010 3195 proficiscatur

520 3213 795 3281 Philippos
829 3217 877 3277 2,
916 3218 1025 3280 24.;
1064 3220 1119 3265 et
1154 3215 1289 3267 adeo
1326 3219 1461 3282 petit
1496 3233 1559 3267 ex
1596 3216 1906 3267 Philemone
1941 3234 1993 3267 ν.
2027 3220 2126 3281 22„
2164 3222 2225 3267 ut
2259 3218 2361 3267 sibi
2399 3216 2712 3284 propediem
2749 3216 3008 3266 Colossae

520 3306 743 3351 venturo
780 3308 935 3368 paret
966 3302 1266 3369 hospitium.
1304 3304 1583 3355 Hebraeos
1618 3321 1832 3370 quoque
1865 3320 1922 3356 se
1947 3307 2236 3356 invisurum
2263 3304 2574 3355 declaravit.
2611 3303 2784 3353 Hebr.
2813 3304 2897 3363 13,
2923 3303 3006 3351 23.

518 3387 763 3452 Denique
801 3390 1071 3441 conclusio
1106 3390 1336 3441 Aetuum
1370 3392 1746 3457 Apostolorum
1783 3396 1866 3455 28,
1903 3396 1984 3444 30.
2021 3396 2104 3444 31.
2142 3394 2326 3443 similis
2361 3392 2457 3455 illi,
2497 3408 2608 3458 qua
2643 3390 3004 3457 {lx-angelium

520 3474 734 3525 tertium
770 3478 1081 3527 terminatur
1126 3480 1211 3539 24,
1249 3480 1437 3529 51-3,
1492 3480 1535 3529 si
1586 3479 1713 3545 quid
1763 3480 2017 3543 videmus,
2067 3496 2174 3530 non
2221 3482 2400 3546 inepte
2445 3482 2523 3530 ita
2568 3479 2902 3545 explicatur:
2939 3478 3006 3526 D.

522 3562 723 3611 Lucam
750 3563 793 3611 si
828 3568 951 3628 post
981 3564 1137 3614 finem
1172 3566 1335 3614 bienii
1360 3565 1519 3627 illins,
1558 3566 1627 3615 ad
1654 3582 1788 3632 opus
1813 3566 2084 3618 Missionis
2109 3567 2336 3631 redierit,
2364 3566 2498 3617 adeo
2524 3573 2586 3617 ut
2621 3581 2768 3617 nova
2791 3567 3000 3623 itinera,

517 3648 773 3713 pericula,
811 3652 1093 3701 conamina
1128 3651 1453 3702 exantlanda
1486 3652 1707 3717 fuerint3
1745 3654 2012 3704 scribendi
2049 3654 2204 3705 finem
2241 3654 2447 3705 fecisse.
2485 3656 2550 3703 V.
2589 3672 2642 3721 p.
2677 3656 2802 3705 432.
2853 3655 3004 3716 Quae

520 3740 709 3800 postea
744 3742 895 3801 gesta
932 3743 1083 3787 erant
1113 3738 1207 3788 alii
1230 3740 1452 3805 tempori
1479 3739 1563 3789 vel
1592 3740 1682 3789 alii
1707 3743 1970 3791 narratori
1997 3742 2312 3808 exponenda
2335 3742 2610 3807 linquens3
2649 3742 2738 3792 vel
2775 3742 3004 3791 maxime

518 3822 659 3887 quod
696 3822 929 3873 nondum
964 3826 1144 3885 sciret,
1184 3840 1338 3890 quem
1378 3828 1575 3876 exitum
1620 3827 1872 3878 habitura
1917 3835 2058 3879 esset
2105 3831 2214 3879 vita
2249 3830 2400 3879 Pauli
2437 3836 2548 3879 tam
2583 3830 2674 3879 diu
2715 3830 3002 3895 exagitata.

518 3908 732 3960 Solutus
766 3910 931 3961 fuisse
953 3912 1121 3963 Paulo
1160 3918 1377 3963 catenas
1413 3914 1499 3963 vel
1536 3920 1822 3981 propterea
1849 3917 2234 3981 existimamus3
2273 3916 2413 3982 quod
2441 3917 2730 3982 Apostolus
2767 3916 2998 3967 aliorum

519 3998 793 4047 criminum
831 4012 864 4047 a
900 4001 1109 4051 nemine
1146 4002 1395 4051 convinci
1442 4007 1651 4067 posset3
1699 4004 1802 4053 nisi
1855 4000 2126 4054 dissensus
2161 4018 2196 4053 a
2229 4004 2448 4069 reliquis
2483 4004 2727 4065 Judaeis,
2777 4004 2834 4053 in
2871 4018 2996 4052 non·

520 4084 676 4135 nullis
722 4084 995 4137 doctrinae
1042 4088 1307 4154 capitibus
1344 4095 1400 4139 et
1435 4090 1610 4140 cultus
1650 4092 1790 4139 sacri
1839 4092 2042 4141 ritibus.
2099 4092 2590 4157 Quomodocunqne
2643 4106 2772 4140 vero
2821 4106 2906 4139 res
2941 4104 2996 4137 se

516 4170 789 4236 habuerit3
829 4174 941 4223 sive
976 4174 1181 4225 iudices
1218 4190 1338 4225 eum
1374 4176 1547 4242 plene,
1586 4178 1700 4226 sive
1737 4179 1804 4227 ab
1841 4180 2100 4229 instantia
2134 4179 2488 4243 absolverint,
2525 4159 2732 4229 Paulus
2767 4177 2998 4227 libertati

516 4260 791 4309 restitutus
828 4261 929 4310 iter
964 4262 1065 4311 sibi
1101 4277 1197 4328 per
1232 4263 1441 4313 Italiam
1489 4265 1545 4313 in
1583 4264 1856 4315 Orientem
1901 4266 2284 4316 instituendum
2311 4260 2440 4316 ‘esse
2475 4267 2701 4332 putavit,
2753 4264 2896 4331 quod
2931 4279 2996 4313 ex

518 4344 765 4410 Epistola
800 4347 871 4396 ad
905 4348 1199 4411 Hebraeos,
1246 4351 1302 4399 in
1338 4350 1525 4401 itinere
1562 4350 1751 4401 Italico
1791 4358 2008 4403 exarata
2045 4370 2153 4404 non
2191 4354 2428 4404 obscuris
2467 4352 2738 4419 colligitur
2771 4351 2996 4401 indiciis.

516 4432 687 4481 Roma
720 4448 817 4497 per
851 4434 1059 4484 Italiam
1097 4437 1197 4485 iter
1232 4438 1451 4497 faciens,
1500 4438 1860 4489 Palaestinam
1909 4446 2148 4507 repetere
2195 4442 2250 4491 in
2297 4442 2472 4493 animo
2517 4440 2723 4491 habuit.
2761 4438 2995 4491 Ardebat

517 4519 657 4569 enim
684 4518 943 4570 desiderio
978 4522 1253 4573 revidendi
1276 4524 1462 4575 beatos
1489 4526 1609 4576 illos
1649 4528 1704 4576 in
1731 4526 1951 4578 Oriente
1981 4535 2180 4591 coetus,
2217 4544 2350 4595 quos
2377 4536 2472 4579 aut
2507 4546 2603 4595 per
2629 4531 2856 4595 gratiam
2891 4530 2994 4579 Dei

518 4602 866 4669 plantaverat,
894 4610 987 4655 aut
1010 4607 1193 4658 labore
1218 4610 1485 4663 indefesso
1510 4613 1579 4663 D.
1600 4614 1663 4662 N.
1683 4613 1734 4665 J.
1758 4612 1817 4665 C.
1847 4617 2223 4667 incrementum
2249 4616 2624 4685 benignissime
2649 4618 2994 4679 concedente,
