3267 5259
530 469 814 520 XXXVIII
1355 482 1600 534 Apparatus
1625 481 1851 524 Historico
1864 505 1917 513 —
1933 480 2187 524 Chronlcus.

531 661 671 712 inter
713 661 858 711 viros
905 661 1092 710 doctos
1137 675 1246 710 non
1291 661 1580 710 convenit?
1638 659 1773 711 Nam
1816 660 1973 710 binos
2010 661 2277 712 recenseri
2315 675 2349 711 a
2382 660 2650 728 Josepho,
2687 661 2871 729 Antiq.
2910 662 3028 712 XV.

533 749 582 811 4,
623 751 702 811 1.,
748 753 802 798 et
836 747 1033 798 XVIII.
1073 749 1122 810 6,
1163 747 1244 797 10.
1291 763 1344 813 p.
1383 749 1500 797 749.
1538 748 1658 797 879.
1710 747 1833 798 0011.
1871 746 1938 797 (10
1973 747 2134 811 bello,
2170 747 2243 798 11.
2284 750 2365 812 11,
2404 750 2453 798 5.
2490 765 2543 814 p.
2584 749 2721 813 172.,
2758 749 3031 800 neminem

533 835 685 901 fugit.
743 834 818 884 Et
863 833 951 883 hic
1001 832 1214 899 quidem
1264 839 1530 900 postremo
1575 833 1697 884 loeo
1744 835 2073 896 nominatus,
2120 833 2211 885 ille
2258 835 2375 901 ipse
2422 842 2527 898 est,
2578 851 2739 902 quem
2776 852 2817 886 s.
2844 836 3031 889 Lucas

534 921 622 972 hic
655 918 974 972 tetrarcham
1000 920 1248 970 Abilinae
1273 927 1459 984 vocat3
1497 935 1635 986 quae
1674 923 1818 987 regio
1855 937 2051 972 nomen
2074 919 2311 972 habebat
2342 923 2411 972 ab
2437 923 2595 973 Abila
2620 923 2752 973 urbe
2792 925 3031 990 quadam

537 1008 740 1074 Syriae.
779 1007 916 1058 Coll.
941 1007 1058 1058 XX.
1089 1009 1134 1070 7,
1165 1011 1210 1058 1.
1248 1023 1298 1074 p.
1327 1010 1446 1058 969.
1496 1008 1683 1074 Usque
1722 1008 1857 1059 adeo
1894 1024 2115 1060 necesse
2152 1025 2260 1060 non
2296 1014 2379 1060 est
2402 1010 2751 1061 Tetrarcham
2788 1027 3033 1079 ,,τετραρ-

533 1095 776 1166 χοῦντος“
813 1110 1116 1161 expungere
1141 1123 1206 1133 —
1231 1101 1294 1145 ut
1322 1095 1450 1145 fecit
1483 1093 1751 1158 Valesius,
1792 1097 1861 1146 ad
1896 1096 2118 1146 Eusebii
2155 1095 2225 1146 H.
2250 1097 2316 1147 E.
2340 1097 2384 1160 1,
2414 1082 2585 1164 losp.
2616 1100 2695 1148 17.
2725 1099 2825 1160 18.,
2866 1103 3031 1164 atque

538 1181 1073 1249 Schneckenburger,
1109 1185 1166 1232 in
1203 1180 1353 1233 stud.
1389 1199 1440 1232 u.
1480 1183 1614 1233 Krit.
1653 1184 1804 1234 1833.
1842 1201 1893 1249 p.
1931 1184 2080 1234 1064.
2112 1211 2173 1222 -
2202 1190 2297 1234 aut
2332 1183 2557 1234 Critices
2594 1185 2735 1236 ferro
2772 1185 3036 1251 periculis

538 1271 750 1320 obviam
784 1273 879 1332 ire,
917 1285 1054 1336 quae
1091 1272 1462 1337 pertimescere
1499 1286 1606 1321 non
1644 1271 1917 1322 debemus.
1977 1272 2165 1337 Neque
2202 1274 2343 1322 enim
2378 1271 2506 1334 ulla,
2546 1272 2691 1338 quod
2726 1273 2925 1323 attinet
2962 1271 3035 1322 ad

537 1358 668 1407 istas
713 1357 1045 1420 tetrarchias,
1090 1359 1385 1408 narrationi
1421 1374 1463 1409 s.
1491 1359 1673 1409 Lucae
1712 1358 1780 1408 ab
1818 1357 2053 1409 historiis
2088 1357 2313 1425 Josephi
2349 1358 2639 1410 difficultas
2678 1375 2797 1409 esse
2833 1366 3033 1426 potest,
3086 1365 3093 1370 '

541 1460 660 1494 cum
697 1461 727 1494 e
764 1447 1030 1495 contrario
1079 1445 1182 1495 hae
1231 1445 1376 1495 illam
1427 1446 1799 1511 comprobent,
1852 1451 2013 1512 atque
2062 1444 2391 1496 confirment.
2451 1446 2536 1496 De
2582 1445 2665 1495 his
2706 1447 3037 1497 'Petrai-chiis

542 1546 737 1597 operae
772 1535 1000 1598 pretium
1036 1533 1196 1583 fuerit
1231 1533 1409 1599 legere
1445 1538 1768 1583 tractantes:
1808 1533 1977 1583 Emm.
2004 1531 2424 1594 sebasta-atium,
2462 1532 2810 1600 Antiquitatis
2840 1532 3035 1584 Eccle-

542 1620 653 1669 siae
691 1633 826 1685 opus
851 1635 1030 1686 geogr.
1057 1619 1318 1670 hierarch.
1337 1603 1505 1670 Rom.
1535 1621 1686 1670 1692.
1723 1620 1767 1684 1,
1794 1621 1877 1670 27.
1904 1635 1943 1670 s.
1996 1619 2069 1670 M.
2095 1617 2154 1669 C.
2182 1619 2250 1669 Η.
2276 1619 2449 1683 Gaun,
2488 1620 2612 1671 diss.
2654 1620 2719 1670 de
2751 1620 3038 1670 tetrarchis

543 1705 614 1756 acl
647 1706 779 1755 Luc.
806 1707 856 1770 3,
885 1709 930 1757 1.
967 1708 1021 1757 in
1059 1707 1218 1758 Thes.
1242 1708 1318 1758 th.
1352 1707 1440 1774 ph.
1473 1705 1545 1771 11,
1571 1709 1691 1758 310.
1718 1722 1759 1758 s.
1810 1707 2206 1770 Casaubonum,
2244 1708 2457 1758 exercit.
2496 1724 2547 1773 p.
2574 1709 2694 1758 237.
2720 1723 2763 1759 s.
2812 1707 3040 1772 Deylin·

543 1795 704 1858 gium,
731 1793 858 1845 Obs.
886 1793 938 1843 S.
964 1794 1035 1857 II,
1063 1796 1144 1844 26.
1171 1811 1223 1861 p.
1251 1797 1368 1845 257.
1411 1795 1765 1858 Mazochium,
1792 1794 1973 1861 Spicil.
2001 1794 2131 1844 bibl.
2156 1793 2254 1844 111.
2282 1794 2408 1846 diss.
2436 1794 2505 1846 ad
2528 1794 2660 1845 Luc.
2688 1797 2737 1845 3.
2762 1811 2815 1860 p.
2844 1797 2962 1845 159.
2992 1813 3039 1846 s.

542 1879 594 1928 J.
630 1879 692 1930 Τ.
727 1879 1035 1945 Krebsium,
1072 1881 1200 1932 Obs.
1236 1885 1292 1932 iu
1327 1883 1390 1932 N.
1427 1883 1487 1933 Τ.
1527 1899 1555 1932 0
1593 1883 1801 1932 Flavio.
1839 1884 1987 1950 Lips.
2029 1883 2180 1933 1755.
2217 1897 2269 1948 p.
2304 1885 2420 1932 110.
2448 1898 2558 1948 seq.
2608 1883 2929 1944 Mtinterum,
2968 1881 3039 1932 de

543 1967 702 2017 rebus
726 1967 1076 2019 Itur-aeorum.
1115 1969 1290 2020 Havn.
1321 1972 1470 2021 1824.
1499 1988 1549 2036 p.
1571 1973 1655 2021 22.
1682 1987 1723 2020 s.
1764 1968 2044 2032 sumina,
2070 1971 2141 2020 in.
2170 1969 2247 2020 St.
2274 1985 2327 2019 u.
2352 1969 2444 2020 Kr.
2475 1971 2625 2020 1836.
2652 1986 2703 2035 p.
2729 1971 2849 2018 431.
2890 1969 3038 2034 Hug,

546 2053 846 2104 Gutachten
883 2059 935 2106 u.
971 2057 1019 2106 (1.
1058 2056 1120 2106 L.
1159 2057 1209 2106 J.
1247 2075 1298 2107 v.
1338 2057 1439 2107 Str.
1478 2059 1532 2107 in
1569 2057 1822 2108 zeitschr.
1860 2058 1895 2108 f.
1934 2056 2119 2108 Theol.
2157 2056 2333 2106 Freib.
2373 2057 2524 2107 1839.
2564 2073 2615 2123 p.
2651 2059 2701 2106 4.
2748 2055 3037 2118 Wieseler‚

546 2139 668 2190 Chr.
697 2139 823 2207 Syn.
851 2159 902 2209 p.
932 2145 1047 2194 174.
1074 2161 1115 2194 s.
1166 2145 1434 2210 Herzog-ii,
1461 2145 1522 2195 R.
1549 2145 1612 2196 E.
1640 2145 1683 2209 1,
1710 2147 1793 2196 64.
1822 2163 1863 2196 s.
1914 2145 2111 2205 Winer,
2148 2145 2212 2195 R.
2240 2143 2323 2194 W.
2351 2143 2394 2207 I,
2424 2146 2468 2195 7.
2519 2143 2748 2205 Ebrard,
2775 2144 2915 2193 wiss.
2942 2142 3039 2192 Kr.

546 2227 596 2277 (1.
625 2243 669 2277 e.
698 2227 760 2279 G.
786 2246 837 2294 p.
868 2231 983 2280 180.
1011 2246 1052 2281 s.
1101 2230 1483 2296 Lichtenstein,
1521 2232 1789 2299 Lebensg.
1828 2233 1879 2282 d.
1915 2233 1985 2282 Η.
2012 2232 2063 2283 J.
2092 2231 2152 2281 C.
2188 2248 2241 2294 p.
2270 2233 2387 2282 130.
2436 2231 2637 2296 Meyer,
2675 2231 2777 2280 Ev.
2817 2229 2867 2279 (1.
2896 2229 3041 2282 Luk.

546 2331 598 2380 p.
625 2316 744 2366 288.
771 2333 814 2367 s.
864 2317 1160 2382 patritium,
1188 2318 1314 2370 diss.
1339 2323 1426 2370 42.
1468 2322 1550 2384 17,
1579 2323 1623 2370 1.
1664 2337 1714 2387 p.
1742 2322 1859 2370 434.
1886 2335 1927 2370 s.
1979 2318 2139 2384 Chys,
2168 2318 2233 2370 de
2258 2318 2473 2369 Herode
2498 2318 2572 2368 M.
2596 2335 2647 2384 p.
2675 2320 2759 2368 62.

761 2445 857 2500 29.
893 2445 1219 2517 Disputatio
1254 2449 1320 2502 cle
1345 2448 1520 2503 initiis
1547 2448 1763 2518 imperi-i
1799 2447 2020 2504 Tiberii.
2064 2445 2343 2504 Dubius
2374 2450 2461 2503 est
2480 2445 2825 2521 cumprimis
2849 2465 3045 2504 annus

548 2548 868 2606 decimus
927 2553 1225 2628 quintus
1286 2552 1582 2627 imperii
1643 2550 1922 2610 Tiberii
1982 2551 2272 2621 Caesari83
2338 2552 2463 2609 sive
2514 2550 2852 2624 regiminis,
2916 2551 3046 2608 sive

549 2655 692 2710 anni
727 2653 978 2712 fonnem
1007 2661 1348 2731 spectemus.
1413 2662 1501 2715 Ac
1537 2675 1893 2736 quamquam
1925 2657 2183 2714 maxime
2213 2673 2346 2713 cum
2377 2657 2463 2713 rei
2496 2661 2711 2714 natura
2742 2658 3041 2727 convenit,

549 2764 619 2816 ut
649 2760 721 2815 ab
752 2779 818 2817 eo
848 2778 1002 2818 anno
1032 2782 1076 2818 s.
1101 2761 1320 2818 Lucam
1352 2761 1730 2837 computandi
1760 2761 2003 2818 initium
2032 2761 2233 2818 fecisse
2264 2763 2693 2830 existimemus3
2724 2779 2841 2837 quo
2866 2757 3045 2818 Tibe-

549 2864 674 2920 rius
718 2869 848 2939 post
893 2865 1118 2924 obitum
1165 2867 1416 2941 Augusti
1468 2865 1622 2924 solus
1666 2869 1959 2943 imperare
2003 2865 2189 2942 cepit:
2236 2866 2277 2923 i.
2310 2886 2359 2924 e.
2402 2865 2475 2922 U.
2511 2865 2572 2922 C.
2614 2869 2755 2924 767.
2790 2867 2933 2922 Aer.
2968 2864 3043 2922 V.

549 2987 601 3025 a.
641 2973 761 3041 14„
813 2975 1008 3028 tamen
1054 2973 1286 3030 inventi
1333 2978 1473 3030 sunt
1499 2970 1534 3044 ¹,
1578 2972 1682 3050 qui
1723 2973 2043 3047 opinantur
2077 2971 2423 3050 quandoque
2466 2991 2501 3028 a
2540 2969 2765 3028 collatis
2806 2969 3047 3028 Tiberio

549 3073 802 3132 fascibus
833 3073 1391 3134 Proconsularibus²
1421 3077 1663 3135 initium
1688 3077 1924 3153 imperii
1956 3079 2081 3134 eius
2108 3079 2425 3152 repetitum
2456 3076 2651 3133 fuisse.
2700 3078 2799 3132 An
2825 3076 2885 3132 id
2910 3094 3047 3132 eum

551 3177 933 3237 fundamento
965 3182 1201 3252 faciant,
1237 3201 1441 3256 operae
1472 3184 1588 3239 erit
1615 3185 1873 3258 pretium
1904 3181 2219 3256 diligenter
2248 3199 2527 3259 quaerere
2548 3178 2590 3239 ³.
2638 3179 2919 3243 Quaestio
2950 3179 3047 3237 cui

767 3369 802 3434 ¹)
839 3370 903 3420 E.
941 3387 990 3435 g.
1028 3370 1080 3421 J.
1119 3369 1379 3436 Georgius
1415 3371 1751 3432 Herwartus‚
1801 3373 1889 3436 qui
1930 3351 2125 3436 primus
2162 3371 2217 3419 in
2253 3384 2353 3419 sua
2400 3383 2539 3418 nova
2576 3367 2941 3434 chronologia
2976 3369 3046 3418 ad

555 3455 816 3506 calculum
855 3459 1264 3509 astronomicum
1301 3465 1553 3509 revocata
1587 3458 1859 3508 Monachii
1899 3459 2048 3508 1612.
2088 3473 2132 3506 c.
2166 3453 2283 3506 248.
2323 3463 2649 3506 commentus
2688 3459 2770 3506 est
2804 3457 3049 3520 ignotum

555 3545 801 3594 omnibus
848 3545 1080 3610 antiquis
1135 3547 1478 3611 scriptoribus
1533 3547 1794 3596 initium
1848 3545 2107 3610 imperii
2160 3543 2507 3594 Tiberiani
2562 3542 3049 3608 proconsulare

556 3635 620 3680 et
655 3631 1093 3696 Augusteum.
1151 3631 1489 3683 Herwartum
1525 3638 1823 3698 sequuntur
1858 3631 1910 3682 J.
1936 3631 2166 3694 Haiden,
2194 3631 2406 3680 exercit.
2432 3629 2613 3680 chron.
2639 3645 2691 3696 p.
2719 3630 2837 3679 167.
2884 3630 3047 3681 Usse-

556 3719 680 3781 rius,
719 3717 911 3768 Annal.
948 3735 1000 3784 p.
1037 3735 1090 3785 p.
1127 3719 1299 3770 Lond.
1340 3721 1490 3770 1654.
1538 3719 1620 3770 ad.
1662 3733 1709 3769 a.
1748 3719 1900 3769 4615.
1940 3735 1991 3783 p.
2030 3719 2148 3768 553.
2206 3717 2259 3767 J.
2298 3716 2562 3778 Clericus,
2610 3717 2675 3766 (10
2712 3719 2870 3767 annis
2908 3719 3049 3767 vitae

557 3803 752 3854 Christi
788 3805 993 3856 dissert.
1019 3805 1052 3855 l.
1081 3821 1126 3855 c.
1152 3823 1203 3872 p.
1232 3807 1349 3856 509.
1386 3805 1508 3856 Ant.
1533 3806 1684 3870 Pagi,
1718 3804 1916 3872 Appar.
1944 3805 2121 3854 chron.
2160 3805 2230 3854 ad
2252 3803 2445 3854 Annal.
2470 3802 2689 3852 Baronii
2726 3803 2811 3854 ed.
2834 3802 2971 3854 Luc.
2994 3819 3049 3870 p.

556 3893 673 3942 366.
701 3909 742 3942 s.
780 3891 970 3943 Annal.
997 3891 1145 3942 Eecl.
1173 3891 1240 3942 ad
1265 3907 1300 3942 a
1325 3893 1385 3943 C.
1411 3894 1493 3942 31.
1529 3891 1573 3954 1,
1601 3893 1684 3944 67.
1734 3891 2003 3954 Purulich,
2042 3893 2107 3941 de
2144 3891 2410 3941 Paschate
2448 3889 2569 3939 Chr.
2595 3907 2645 3956 p.
2674 3891 2793 3940 238.
2841 3891 3049 3956 Lupus,

558 3979 625 4030 de
661 3981 800 4030 notis
839 3977 1034 4030 Chron.
1073 3981 1201 4031 anni
1237 3983 1418 4030 mortis
1456 3985 1509 4030 et
1543 3982 1707 4030 nativ.
1755 3979 1808 4030 J.
1848 3978 1907 4029 C.
1944 3978 2095 4029 Rom.
2137 3979 2287 4029 1744.
2336 3976 2497 4044 Sepp,
2538 3977 2633 4027 das
2670 3977 2859 4028 Leben
2897 3977 2949 4028 J.
2989 3977 3048 4027 C.

558 4067 629 4117 Π.
668 4067 749 4118 ed.
775 4067 896 4118 Rat.
926 4069 1077 4118 1853.
1115 4067 1157 4130 1,
1185 4069 1302 4117 226.
1331 4083 1372 4118 s.
1423 4065 1806 4130 Lichtenstein,
1832 4065 2199 4131 Lebengesch.
2226 4065 2277 4114 (1.
2301 4065 2370 4114 H.
2397 4082 2449 4130 p.
2477 4065 2593 4114 127.
2620 4081 2662 4115 s.
2724 4063 2767 4129 ²)
2806 4064 2868 4114 A.
2894 4065 2963 4116 U.
2990 4064 3049 4115 C.

561 4155 676 4206 764.
713 4155 798 4205 vel
839 4157 983 4219 765.;
1022 4171 1144 4206 nam
1171 4170 1278 4205 11011
1317 4157 1566 4205 convenit
1599 4156 1739 4206 inter
1776 4169 1885 4214 eos,
1923 4155 2014 4220 qui
2051 4152 2309 4220 epocham
2347 4150 2780 4218 proconsularem
2818 4159 3049 4203 sumunt.

561 4241 601 4307 ³)
637 4243 722 4292 De
758 4243 862 4293 hac
900 4244 1212 4309 quaestione
1250 4241 1524 4308 eleganter
1568 4242 1805 4308 disputat
1840 4240 2108 4302 Nor-isius,
2155 4239 2281 4290 diss.
2320 4238 2500 4289 chron.
2547 4239 2613 4288 de
2652 4240 2787 4290 votis
2824 4238 3048 4290 decenn.

561 4328 664 4395 op.
707 4330 778 4392 11,
827 4331 976 4380 1190.
1015 4347 1057 4380 s.
1129 4329 1370 4394 Aug-usto
1421 4329 1488 4379 ad
1536 4329 1803 4379 interitum
1866 4333 2143 4393 vergente,
2196 4327 2374 4376 omnia
2418 4326 2677 4376 honorum
2726 4326 2963 4392 insignia
2996 4329 3049 4377 in

559 4416 847 4478 Tiberium,
885 4416 1072 4466 Liviae
1110 4417 1290 4466 matris
1330 4418 1443 4467 eius
1481 4417 1700 4478 arubae,
1742 4431 1880 4482 quae
1918 4430 2100 4464 senem
2136 4413 2431 4479 Augusmm
2478 4411 2804 4474 devinxerat,
2855 4413 3053 4464 collata

561 4518 680 4552 esse
727 4509 1010 4568 utcumque
1062 4517 1244 4553 omnes
1291 4503 1537 4552 fatentur.
1597 4502 1784 4553 Tradit
1826 4502 1968 4551 enim
2006 4500 2241 4551 Velleius
2290 4497 2634 4577 Patercplus‚
2681 4499 2883 4550 Hister.
2924 4517 3051 4550 rom.

561 4589 632 4652 ΙΙ,
668 4591 751 4640 21.
791 4589 872 4639 0(1.
908 4588 1100 4639 Franc.
1137 4590 1288 4640 1588.
1326 4605 1376 4654 p.
1403 4591 1521 4638 470.
1560 4593 1803 4639 senatum
1840 4587 2202 4654 populumque
2246 4601 2521 4636 romanum
2556 4586 2865 4652 postulante
2901 4593 3051 4654 patre

564 4679 695 4740 eius,
735 4684 788 4726 111
829 4691 1054 4742 aequum
1093 4677 1142 4724 ei
1179 4678 1260 4726 ius
1299 4677 1351 4724 in
1391 4676 1634 4726 omuibus
1672 4676 1958 4740 provinciis
1996 4674 2420 4740 exercitibusque
2458 4681 2615 4734 esset,
2644 4701 2709 4709 ——-
2741 4689 2902 4740 quam
2942 4685 3055 4726 erat
