3267 5259
1123 482 1346 523 uiatori-0
1372 483 1418 525 s.
1439 482 1622 523 somnia
1648 482 1887 533 Baptistae.
2672 467 2757 533 25

695 764 754 842 ξ.
803 764 864 829 8.
940 760 1390 847 Reliquum
1433 762 1809 825 muneris
1853 760 2325 847 Baptistae.

455 950 772 1014 Sucurrit
824 950 1115 1036 plurimis
1173 950 1535 1034 Joannem,
1583 953 1691 1037 qui
1737 952 1911 1015 vitae
1966 952 2309 1015 sanctitate
2355 960 2421 1014 et
2467 950 2761 1014 doctrina

197 1063 408 1127 adeo
476 1062 829 1146 inclaruit,
874 1064 1156 1129 Miessiae
1201 1086 1550 1150 personam
1595 1086 1827 1149 gerere
1890 1073 1955 1128 et
2002 1064 2309 1128 officium.
2384 1062 2559 1127 Hinc
2612 1087 2761 1127 cum

202 1175 306 1239 ad
345 1175 674 1261 synedrii
713 1198 904 1240 aures
948 1177 1374 1262 pervenisset,
1416 1175 1574 1263 quid
1603 1176 1800 1261 vulgo
1843 1176 1925 1241 de
1962 1178 2105 1262 ipso
2154 1178 2518 1262 cogitarent
2559 1176 2761 1241 homi-

201 1312 373 1371 nes,
439 1288 810 1353 concilium
856 1290 1260 1356 Judaeorum
1306 1313 1684 1377 supremum
1741 1290 1997 1375 legatos
2042 1289 2283 1355 Joanni
2338 1313 2491 1355 suos
2550 1291 2760 1372 mittit,

205 1404 340 1488 qui
371 1424 474 1465 an
500 1401 792 1467 Messias
817 1413 989 1468 esset
1012 1402 1493 1489 efflagitarent?
1537 1402 1658 1468 His
1684 1402 2050 1489 respondit:
2084 1426 2154 1468 se
2186 1425 2403 1489 neque
2435 1402 2761 1467 Christum

205 1537 468 1601 neque
513 1514 759 1599 Eliam,
790 1538 1006 1602 neque
1044 1516 1453 1603 prophetam,
1485 1516 1605 1581 sed
1640 1538 1876 1582 vocem
1920 1516 2372 1581 tantummodo
2422 1515 2761 1581 clamantis

205 1630 287 1691 in
335 1626 634 1693 deserto
685 1650 845 1693 esse.
910 1629 1116 1695 Porro
1157 1652 1308 1694 eum
1357 1652 1552 1716 quem
1601 1629 2009 1716 quaerebant
2044 1631 2212 1693 inter
2254 1629 2431 1715 ipsos
2476 1628 2763 1693 medium

209 1742 548 1823 versari,
626 1762 840 1827 neque
917 1752 1136 1807 tamen
1211 1745 1498 1828 agnosci.
1602 1742 1878 1808 Joannis
1950 1741 2287 1827 Baptistae
2362 1740 2444 1805 de
2506 1740 2759 1805 Christo

213 1853 710 1918 testimonium
780 1853 994 1918 adhuc
1054 1854 1409 1920 resonabat
1461 1855 1878 1920 Bethabarae
1902 1904 1919 1937 ,
1982 1876 2131 1918 cum
2190 1863 2453 1940 postero
2516 1852 2621 1917 die
2679 1876 2761 1917 ex

213 1965 526 2031 deserto
578 1988 918 2031 reversum
965 1966 1006 2032 J
1011 1990 1192 2033 esum
1239 1967 1326 2033 ad
1371 1992 1440 2033 se
1485 1971 1862 2033 venientem
1908 1969 2193 2049 intuituS,
2250 1966 2451 2052 digito
2499 1966 2764 2031 demon-

215 2081 488 2143 stravit
563 2080 825 2167 populis
891 2080 1116 2145 mundi
1181 2080 1645 2146 Redemtorem
1719 2104 1840 2168 pro
1916 2081 2208 2167 peccatis
2275 2078 2762 2143 immolandum.

215 2190 592 2257 Postridie
624 2214 783 2257 vero
815 2191 1003 2257 huius
1035 2191 1161 2257 diei
1203 2216 1426 2259 rursus
1454 2192 1824 2280 praedicat:
1873 2215 2031 2257 ecce
2079 2214 2287 2277 agnus
2331 2190 2493 2255 Dei!
2520 2195 2539 2234 ¹
2599 2190 2764 2255 Cum

215 2305 601 2391 Baptistes
651 2303 1071 2391 disponendis
1114 2304 1484 2370 hominibus
1531 2305 1616 2370 ad
1661 2307 2131 2392 poenitentiam
2186 2313 2577 2391 occupatur,
2626 2312 2768 2367 orta

223 2428 344 2482 est
411 2418 726 2503 quaestio
790 2416 1179 2502 quibusdam
1225 2440 1310 2481 ex
1357 2417 1689 2503 discipulis
1740 2419 1961 2504 ipsiuS‚
2010 2418 2120 2503 qui
2166 2440 2316 2482 cum
2360 2414 2631 2481 Judaeis
2685 2414 2766 2479 de

199 2530 274 2596 -J
279 2530 547 2596 oannis
610 2527 978 2615 Christique
1038 2528 1395 2616 baptismo,
1457 2540 1602 2594 uter
1663 2553 1890 2596 eorum
1948 2540 2346 2616 praestaret,
2404 2527 2765 2614 litigabant.

223 2643 272 2708 J
279 2642 502 2707 udaei
563 2640 748 2705 multi
803 2650 870 2706 et
926 2640 970 2707 J
973 2644 1199 2707 oannis
1257 2644 1643 2707 testimoniis
1690 2653 1756 2708 et
1800 2643 2128 2708 miraculis
2173 2666 2214 2707 a
2259 2641 2515 2707 Christo
2579 2640 2767 2707 editis

223 2756 437 2838 moti,
471 2753 708 2819 relicto
747 2753 1046 2840 Baptista
1076 2764 1438 2841 coeperunt
1470 2754 1794 2820 Salvatori
1826 2754 2203 2819 adhaerere.
2259 2754 2491 2841 Itaque
2522 2752 2767 2818 invidia

225 2868 497 2955 perciti
564 2865 838 2931 Joannis
895 2865 1225 2953 discipuli,
1273 2866 1360 2932 ad
1413 2870 1796 2954 magistrum
1850 2870 2155 2951 veniunt,
2200 2877 2274 2933 ut
2333 2868 2631 2954 querelas
2675 2866 2765 2932 ibi

227 3004 408 3046 suas
479 2978 912 3064 deponerent.
973 2978 1186 3059 Quem
1247 2990 1338 3063 tu,
1401 2982 1721 3067 inquiunt,
1794 2980 2121 3045 celebrem
2190 2982 2315 3045 tuis
2386 2981 2765 3045 testimoniis

225 3091 644 3175 reddidisti,
691 3112 847 3156 ecce
908 3102 1220 3179 usurpato
1284 3093 1502 3159 officio
1559 3105 1670 3159 tuo
1724 3093 2018 3180 baptizat
2070 3103 2137 3157 et
2182 3116 2407 3158 omnes
2469 3094 2553 3159 ad
2615 3115 2763 3157 eum

230 3203 618 3271 accedunt.
693 3202 802 3269 Ad
845 3204 1011 3269 haec
1063 3205 1362 3291 Baptista
1423 3204 1778 3291 discipulos
1840 3229 2042 3271 coeco
2106 3207 2204 3271 sui
2258 3228 2479 3270 amore
2537 3214 2765 3290 captos

237 3319 519 3385 eximio
569 3340 872 3383 sermone
905 3317 988 3383 de
1019 3318 1486 3404 praecellentia
1530 3318 1769 3383 Christi
1812 3320 2083 3384 instituit
2100 3321 2143 3382 ².
2213 3318 2381 3384 Cum
2418 3320 2487 3381 in
2523 3317 2767 3382 ditione

481 3518 522 3584 ¹)
562 3518 700 3568 Sunt
729 3520 910 3585 itaque
934 3519 1304 3569 Praecursoris
1330 3520 1499 3569 tribus
1523 3519 1714 3570 diebus
1738 3522 1843 3570 tria
1867 3521 1933 3571 de
1958 3520 2169 3571 Christo
2194 3521 2514 3583 testimonia,
2543 3535 2767 3585 quorum

233 3613 298 3660 in
339 3608 674 3658 universum
709 3612 830 3656 octo
869 3606 1120 3671 leguntur
1145 3606 1204 3655 in
1239 3606 1575 3671 Evangeliis:
1613 3607 1655 3657 L
1682 3606 1869 3657 Matth.
1896 3610 1945 3669 3,
1975 3609 2054 3656 11.
2084 3610 2165 3658 12.
2203 3607 2369 3657 Mare.
2397 3610 2443 3669 1,
2474 3609 2519 3657 7.
2546 3608 2595 3657 8.
2633 3607 2766 3657 Luc.

239 3700 296 3757 3,
343 3696 438 3745 16.
469 3694 558 3743 17.
593 3692 664 3741 11.
708 3692 904 3742 Joann.
935 3694 980 3755 1,
1011 3694 1090 3741 15.
1124 3692 1222 3741 111.
1259 3698 1312 3742 et
1343 3693 1434 3741 IV.
1472 3693 1669 3743 Joann.
1712 3698 1756 3756 1,
1788 3696 2007 3745 19—28.
2034 3695 2097 3744 V.
2124 3694 2213 3744 VI.
2240 3694 2358 3745 VH.
2383 3694 2512 3744 ibid.
2539 3696 2764 3744 29—36.

234 3782 410 3832 VIII.
457 3780 664 3830 Joann.
701 3780 748 3840 3,
786 3780 1006 3829 26-30.
1069 3777 1110 3844 2)
1156 3778 1309 3828 Haec
1345 3779 1448 3828 fuit
1481 3785 1677 3829 octava
1712 3785 1767 3830 et
1799 3780 2033 3831 ultima
2066 3781 2295 3831 Joannis
2332 3781 2420 3843 Β.,
2459 3797 2617 3847 quem
2661 3797 2767 3831 non

235 3869 428 3919 multo
448 3872 580 3932 post
605 3864 850 3915 Herodes
868 3864 1094 3930 Antipas
1115 3864 1338 3915 detrusit
1356 3866 1411 3915 in
1435 3881 1721 3929 carcerem,
1740 3869 1899 3917 testi
1912 3868 2164 3918 ficatio.
2184 3868 2273 3917 Nil
2299 3869 2376 3918 ait
2392 3869 2509 3917 miri
2531 3866 2761 3933 quidem,

238 3958 296 4007 si
321 3970 392 4006 se
419 3954 720 4019 praeterito
745 3966 928 4001 omnes
953 3950 1025 4002 ad
1047 3966 1300 4016 sponsum
1325 3951 1606 4003 Ecclesiae
1631 3954 1909 4004 accedant.
1948 3954 2139 4019 quue
2173 3970 2283 4003 non
2318 3953 2553 4019 gaudere
2590 3952 2768 4015 modo,

237 4042 350 4094 sed
403 4039 696 4105 voluptate
739 4040 936 4104 gestire
981 4052 1066 4100 se,
1103 4054 1210 4103 quo
1255 4040 1524 4089 turmatim
1569 4038 1639 4089 ad
1686 4038 1836 4089 illum
1880 4040 2176 4102 confluant,
2216 4056 2337 4089 cum
2372 4042 2419 4089 is
2456 4039 2576 4089 finis
2610 4039 2771 4089 fuerit

241 4126 556 4196 legationis
593 4140 744 4175 suae.
795 4124 1130 4175 Consecutus
1154 4140 1273 4175 sum
1297 4125 1441 4191 quod
1467 4127 1697 4175 maxime
1735 4126 2003 4191 optabam,
2041 4130 2101 4175 ut
2138 4126 2405 4176 Christum
2442 4125 2771 4175 declaratum

239 4216 520 4267 viderem.
581 4211 1034 4277 Quandoquidem
1071 4212 1162 4262 ille
1197 4228 1358 4263 verus
1391 4226 1624 4278 sponsus
1662 4217 1758 4275 est,
1798 4228 1897 4277 ego
1934 4214 2137 4263 amicus
2173 4217 2377 4262 tantum
2414 4214 2597 4277 sponsi
2634 4228 2768 4277 sum,

243 4319 418 4370 quem
440 4300 644 4351 Graeci
663 4293 1010 4366 νυμφαγωγόν,
1034 4300 1068 4347 i.
1097 4314 1142 4348 e.
1167 4292 1398 4365 sponsae
1417 4298 1691 4349 ductorem
1710 4304 1923 4363 vocant,
1946 4326 2015 4337 --
2042 4298 2124 4349 Cf.
2148 4300 2288 4349 Hist.
2312 4298 2497 4349 Revel.
2523 4300 2589 4349 D.
2616 4301 2679 4350 V.
2706 4301 2768 4352 Τ.

245 4410 300 4457 p.
331 4391 458 4441 168.
487 4388 614 4438 306.
631 4414 704 4423 --
724 4385 818 4451 qui
841 4400 1094 4451 sponsam
1119 4386 1188 4435 ad
1211 4386 1362 4435 illum
1385 4388 1418 4435 i.
1446 4403 1492 4436 e.
1517 4386 1759 4453 homines
1796 4386 2147 4437 adducebam.
2201 4386 2503 4452 Antequam
2540 4402 2769 4453 sponsus

247 4480 554 4544 appareret
604 4472 806 4537 aliquis
848 4471 1078 4522 fortasse
1127 4472 1256 4522 mihi
1300 4473 1470 4524 honos
1516 4473 1839 4535 debebatur,
1885 4472 2243 4523 demonstrato
2288 4488 2415 4523 vero
2464 4478 2519 4524 et
2552 4475 2767 4541 cog-nito

247 4566 360 4615 iam
407 4575 647 4629 sponso,
691 4560 807 4608 eius
853 4558 1166 4623 dignitatem
1203 4560 1456 4609 convenit
1490 4574 1745 4623 crescere,
1783 4574 1956 4609 meam
1994 4560 2319 4611 decrescere.
2362 4561 2609 4627 Aequum
2652 4576 2769 4612 esse

249 4656 474 4703 terrena
512 4648 715 4700 cedere
751 4646 1093 4697 coelestibus.
1143 4646 1283 4707 Quia
1319 4645 1560 4697 Christus
1590 4646 1657 4696 de
1694 4660 1905 4696 sursum
1939 4646 1989 4696 h.
2016 4662 2063 4697 e.
2090 4646 2157 4697 de
2182 4647 2335 4698 coelo
2362 4652 2459 4710 est,
2484 4652 2770 4714 propterea
