3267 5259
608 444 729 508 128
1270 455 1385 497 nist.
1416 454 1525 496 sev.
1554 454 1642 496 siv.
1673 453 1728 496 n.
1755 451 1805 496 r.
1833 453 2004 497 Parios.
2031 453 2068 496 1.
2087 466 2180 505 αι».
2209 453 2413 496 aiterum.

604 629 805 712 sedit,
867 651 907 692 a
961 651 1213 694 summo
1270 627 1611 692 sacerdote
1675 627 1756 692 de
1805 627 2103 692 doctrina
2147 649 2266 691 sua
2309 627 2788 714 discipulisque
2835 629 3096 692 interro-

604 750 795 827 gatus
842 749 941 806 est
960 743 999 804 ¹.
1060 741 1331 806 Poterat
1388 741 1583 805 Jesus
1630 763 1670 804 a
1716 739 2235 826 quamplurimis,
2293 742 2404 826 qui
2465 739 2829 805 docentem
2893 743 3092 826 ipsum

606 853 967 936 audierant,
1002 855 1297 918 accusari
1330 854 1783 938 convincique,
1831 854 1881 916 si
1916 852 2280 918 doctrinam
2315 855 2660 939 sparsisset
2691 852 3095 917 seditiosam:

604 965 723 1030 sed
766 964 938 1029 bene
972 965 1092 1029 sibi
1139 965 1459 1048 conscius,
1508 964 1595 1028 ad
1626 987 1742 1030 eos
1789 987 2015 1030 omnes
2062 967 2174 1051 qui
2217 967 2430 1052 ipsum
2477 965 2708 1029 audire
2761 968 3095 1051 cupierant

604 1087 950 1164 provocat3
1013 1099 1214 1163 seque
1272 1101 1407 1142 non
1466 1077 2031 1163 interrogandum,
2093 1077 2214 1142 sed
2271 1078 2604 1143 auditores
2665 1100 2822 1142 suos
2887 1077 3044 1141 dicit
3059 1081 3094 1138 2.

605 1190 831 1254 Palam
862 1191 1087 1276 inquit,
1120 1213 1189 1255 se
1217 1212 1359 1255 esse
1392 1189 1680 1254 locutum
1710 1191 1779 1255 in
1800 1190 2046 1276 templo
2081 1199 2146 1254 et
2177 1191 2548 1276 synagogis,
2581 1212 2708 1254 nec
2743 1189 3094 1276 quidquam

605 1311 949 1389 praeterea
1014 1304 1080 1366 in
1148 1302 1419 1367 occultis
1488 1302 1784 1368 coetibus
1858 1302 2178 1367 docuisse.
2247 1302 2355 1366 Ex
2423 1301 2840 1366 adstantibus
2905 1306 3096 1366 unus³

608 1415 1020 1496 existimavit,
1066 1413 1109 1478 J
1114 1437 1296 1478 esum
1342 1437 1413 1479 se
1460 1438 1591 1479 non
1621 1425 1999 1479 reverenter
2043 1415 2194 1479 satis
2227 1437 2458 1499 gerere
2498 1437 2658 1499 erga
2697 1415 3092 1500 pontificem.

608 1529 903 1612 iramque
950 1528 1017 1590 in
1072 1537 1332 1612 promtu
1393 1551 1629 1612 gerens
1691 1527 1870 1592 dedit
1930 1527 2187 1614 alapam
2233 1527 2413 1592 Jesu.
2477 1527 2587 1591 Ad
2647 1527 2916 1590 facinus
2975 1537 3092 1588 tam

608 1638 947 1724 indignum
995 1637 1287 1704 Christus
1332 1640 1680 1725 tranquilla
1725 1662 1794 1704 se
1840 1649 2060 1704 tuetur
2101 1641 2354 1704 ratione
2385 1641 2602 1704 aiens:
2651 1641 2706 1702 si
2740 1638 3094 1724 quidquam

608 1750 1099 1815 contumeliosi⁴
1162 1773 1305 1814 sum
1367 1751 1653 1834 locutus,
1733 1761 1978 1816 stamus
2037 1751 2142 1816 hic
2205 1775 2422 1816 coram
2475 1751 2724 1834 iudice,
2787 1763 2862 1815 ut
2927 1753 3094 1815 testis

608 1885 849 1928 accusa
894 1885 997 1927 me
1048 1863 1129 1927 de
1164 1885 1241 1927 ea
1272 1886 1342 1927 re
1391 1873 1455 1928 et
1500 1866 1846 1929 convince:
1895 1865 1994 1928 sin
2026 1874 2243 1928 autem
2289 1863 2444 1927 nihil
2474 1862 2734 1928 locutus
2765 1887 2942 1944 sum,
2989 1865 3094 1926 nisi

610 1975 787 2061 quod
828 1986 1080 2040 rectum
1128 1986 1226 2040 est
1272 1985 1335 2040 et
1382 1974 1714 2060 decorum,
1760 1977 2061 2040 iniurium
2110 1987 2226 2059 est,
2275 1975 2452 2061 quod
2494 1998 2601 2040 me
2649 1975 2898 2040 caedis.
2949 1975 3094 2038 Post

608 2087 733 2154 hoc
782 2111 1059 2152 examen
1106 2088 1435 2174 principes
1483 2087 1896 2153 sacerdotum
1959 2088 2366 2174 quaerebant
2423 2097 2653 2170 testes,
2718 2111 2753 2151 e
2819 2109 3092 2172 quorum

608 2202 990 2265 testimoniis
1030 2199 1259 2266 Jesum
1307 2202 1589 2266 criminis
1638 2224 1947 2266 accusare
1979 2209 2275 2288 possent,
2325 2200 2502 2287 quod
2543 2199 2800 2264 valeret
2829 2199 2919 2264 ad
2957 2223 3092 2264 eum

608 2311 787 2399 apud
829 2322 1325 2400 procuratorem
1371 2311 1672 2378 Caesaris
1721 2313 2191 2397 damnandum3
2239 2313 2358 2378 sed
2387 2314 2563 2378 irrito
2599 2323 2864 2377 conatu.
2921 2312 3090 2376 Non-

608 2423 765 2488 nulli
813 2423 957 2489 falsi
1002 2435 1203 2490 testes
1250 2425 1449 2489 auditi
1498 2434 1666 2509 sunt,
1715 2449 1992 2512 quorum
2035 2434 2258 2490 tamen
2290 2426 2741 2490 accusa-tiones
2787 2424 2878 2488 illi
2919 2424 3092 2488 dam-

606 2535 824 2601 nando
882 2539 1038 2623 ipsis
1086 2537 1250 2602 adeo
1314 2536 1611 2624 synedris
1675 2539 1939 2602 minime
1988 2536 2416 2601 sufficiebant.
2483 2537 2786 2600 Duorum
2843 2546 3090 2599 tantum

610 2649 969 2714 criminatio
1018 2648 1262 2734 aliquid
1315 2649 1625 2736 ponderis
1671 2647 1915 2714 habere
1975 2650 2117 2712 visa
2177 2659 2294 2713 est.
2363 2647 2715 2712 Testantur
2769 2647 3090 2713 Christum

612 2913 637 2939 η
660 2893 755 2934 nun
788 2893 939 2950 pram
960 2893 1057 2932 nu:
1080 2891 1162 2952 ’ρὴ
1183 2893 1329 2933 mmm
1351 2882 1461 2932 *2²7⁸
1502 2875 1536 2926 l.
1564 2893 1608 2926 c.
1634 2893 1688 2942 p.
1715 2878 1798 2926 99.
1840 2875 2072 2938 „iudicia
2107 2875 2362 2940 capitalia
2394 2874 2626 2924 interdiu
2673 2881 3010 2940 peraguntur
3043 2879 3090 2922 et

606 2961 839 3013 interdiu
893 2961 1288 3028 perficiuntur.“
1344 2965 1417 3013 Et
1460 2979 1583 3013 mox
1629 2967 1676 3026 §-
1713 2963 1760 3013 7.
1817 2961 2120 3012 decernitur
2177 2961 2406 3022 „iudicia
2450 2961 2707 3027 capitalia
2741 2961 3086 3026 perficiuntur

610 3047 796 3099 eodem
832 3049 917 3098 die
954 3048 1024 3099 ad
1060 3047 1459 3112 absolvendum,
1498 3055 1553 3099 at
1588 3049 1844 3115 postridie
1881 3048 1953 3098 ad
1989 3048 2473 3111 condemnandum3
2533 3047 2762 3112 ideoque
2801 3063 2910 3096 non
2961 3047 3090 3096 iudi·

610 3139 736 3185 cant
770 3149 997 3200 vespera
1032 3135 1267 3196 sabbati,
1316 3151 1489 3201 neque
1526 3149 1754 3200 vespera
1791 3132 1894 3184 diei
1929 3133 2100 3184 festi.“
2154 3133 2261 3184 Sed
2297 3133 2456 3199 longe
2491 3147 2648 3183 secus
2685 3149 2806 3183 cum
2829 3133 2964 3182 Jesu
2991 3134 3090 3197 egit

610 3219 932 3286 synedrium.
978 3221 1113 3270 Nam
1151 3225 1204 3270 et
1238 3226 1401 3270 noctu
1436 3221 1744 3271 inchoatum
1781 3222 1848 3271 ab
1884 3223 2002 3287 ipso
2039 3221 2310 3283 iudicium,
2349 3225 2402 3270 et
2437 3221 2794 3286 pronunciata
2829 3221 3090 3269 sententia

610 3305 968 3368 damnatoria3
1028 3306 1189 3372 idque
1235 3307 1402 3372 pridie
1449 3307 1661 3358 sabbati
1705 3307 1820 3356 fuit.
1883 3307 2040 3357 Certe
2083 3308 2186 3356 nisi
2235 3305 2286 3356 S.
2327 3306 2380 3357 S.
2425 3305 2610 3356 fallere
2659 3321 2724 3356 ac
2759 3305 2876 3355 falli
2910 3307 3090 3355 nescia

610 3393 917 3455 auctoritas,
958 3407 1112 3442 omne
1151 3391 1366 3441 dubium
1406 3393 1594 3442 abesse
1630 3394 1841 3443 iuberet
1886 3408 2044 3458 quam
2091 3393 2412 3458 longissime,
2457 3393 2548 3442 vix
2585 3392 2919 3441 crederemus
2967 3393 3088 3441 talia

610 3493 643 3527 a
689 3477 913 3528 Judaeis
959 3479 1157 3543 patrari
1203 3479 1467 3543 potuisse,
1523 3478 1867 3529 traditionum
1912 3495 2127 3529 suarum
2173 3478 2412 3544 alioquin
2465 3482 2572 3527 tam
2629 3479 2922 3528 tenacibus.
2985 3479 3088 3527 Nos

608 3564 820 3613 interim
857 3564 1003 3612 hisce
1044 3579 1153 3614 non
1188 3565 1551 3627 immoramur3
1606 3564 1877 3630 legantur,
1924 3567 2016 3630 qui
2065 3565 2130 3614 de
2166 3565 2268 3614 hac
2304 3566 2530 3614 materia-
2564 3564 2808 3628 pluribus
2847 3573 3086 3629 egerunt:

610 3649 884 3712 Mercken,
914 3649 1042 3700 Obs.
1070 3665 1140 3700 cr.
1167 3666 1219 3715 p.
1246 3651 1365 3712 397,
1392 3667 1434 3700 s.
1459 3650 1532 3700 Μ.
1558 3651 1609 3700 J.
1635 3651 1940 3714 Hoffmann,
1966 3665 2199 3716 process.
2225 3652 2372 3706 crim.
2399 3651 2636 3715 synedrii
2658 3649 2732 3699 M.
2757 3652 2814 3700 iu
2838 3650 2994 3700 Thes.
3019 3650 3088 3698 th.

608 3733 697 3800 ph.
724 3734 792 3797 11,
820 3737 937 3785 216.
972 3749 1084 3800 seq.
1133 3735 1255 3786 Ant.
1292 3737 1559 3800 Bynaeus,
1599 3736 1664 3785 de
1700 3741 1868 3787 morte
1903 3737 1954 3786 J.
1995 3737 2052 3786 C.
2100 3736 2299 3786 Comm.
2324 3737 2403 3800 11,
2432 3738 2549 3786 253.
2603 3736 2654 3786 J.
2695 3736 2908 3798 Gurlitt,
2943 3737 3084 3785 Lect-

608 3821 664 3869 in
688 3820 751 3870 N.
776 3821 839 3870 T.
864 3836 944 3887 sp.
970 3821 1061 3871 IV.
1089 3820 1225 3888 expl.
1253 3837 1297 3871 c.
1322 3822 1523 3872 XVIII.
1550 3823 1652 3872 Ev.
1677 3823 1872 3872 Joann.
1912 3823 2104 3873 Hamb.
2133 3825 2283 3872 1805.
2309 3823 2450 3888 Hug,
2479 3823 2786 3873 Gutachten
2807 3823 2880 3885 ΙΙ,
2907 3825 3016 3873 156.
3043 3839 3083 3870 s.

609 3905 660 3955 J.
694 3907 765 3956 H.
802 3906 1099 3970 Friedlieb,
1154 3907 1505 3973 Archiiologie
1542 3908 1638 3958 der
1672 3909 2225 3973 Leidensgeschichte.
2289 3909 2460 3958 Bonn.
2507 3911 2660 3958 1843.
2718 3925 2768 3974 p.
2804 3911 2887 3959 86.
2925 3925 2967 3957 s.
3015 3907 3083 3955 M.

610 3993 817 4058 Dupin‚
865 3983 1024 4044 ‘Iesus
1062 3992 1259 4042 devant
1296 3993 1497 4059 Caiphe
1546 3999 1599 4044 et
1643 3994 1830 4056 Pilate,
1882 4011 1950 4044 ou
1998 3992 2188 4060 proces
2226 3993 2292 4044 de
2327 3991 2730 4044 Jews-Christ.
2781 3995 2902 4044 Par.
2939 3996 3082 4044 1863.

611 4095 661 4142 p.
690 4081 772 4128 34.
800 4093 841 4128 s.

821 4165 859 4228 ¹)
896 4165 1006 4215 Cur
1041 4164 1331 4231 discipulos
1370 4166 1668 4231 colligeret,
1722 4168 2136 4232 nominatimque
2172 4167 2291 4216 illos
2333 4166 2616 4216 duodecim
2657 4170 2864 4234 primae
2905 4168 3084 4218 admis-

610 4251 790 4312 sionis,
829 4253 1079 4316 quoniam
1115 4252 1217 4302 hoc
1252 4254 1481 4317 speciem
1520 4253 1813 4318 praebebat
1848 4253 2148 4315 seditionis,
2201 4257 2262 4302 ut
2307 4253 2642 4304 occasionem
2679 4255 2804 4304 inde
2841 4257 3082 4319 arriperet

611 4335 1089 4387 commodissimam
1124 4337 1367 4388 tradendi
1406 4353 1525 4388 eum
1562 4341 1831 4404 tamquam
1879 4339 2184 4390 seditiosum
2227 4339 2568 4390 Procuratori
2614 4341 2884 4404 Romano;
2935 4345 3084 4404 prout

608 4419 713 4468 hoc
772 4437 960 4472 revera
1016 4425 1360 4489 praecipuum
1424 4429 1585 4490 caput
1645 4427 2002 4476 accusationis
2069 4441 2246 4475 coram
2303 4426 2479 4476 Pilato
2541 4427 2660 4476 suit.
2721 4429 2853 4478 Luc.
2905 4429 2982 4488 23,
3033 4427 3082 4474 2.

612 4503 655 4568 ²)
692 4505 871 4556 Etiam
906 4508 1021 4557 Lex
1058 4509 1207 4558 iubet
1242 4524 1275 4559 a
1309 4509 1535 4561 testibus
1572 4511 1822 4577 incipere.
1887 4512 1928 4576 ³)
1977 4511 2172 4562 Procul
2225 4511 2386 4563 dubio
2435 4511 2507 4562 ad
2543 4513 2842 4564 custodiam
2879 4513 3082 4578 captivi.

612 4588 655 4654 ⁴)
692 4591 811 4651 Quo
848 4591 1027 4642 laesus
1063 4595 1311 4645 Pontifex
1348 4597 1606 4648 maximus
1645 4602 1742 4648 est.
