3267 5259
1042 439 1265 481 Postrema
1293 439 1459 481 Christi
1484 438 1735 480 hebdomas.
2554 426 2638 489 93

200 612 241 662 S.
260 612 525 675 Anselmus,
550 614 833 665 elucidarii
868 615 966 677 111,
995 617 1077 666 12.
1103 615 1185 665 ed.
1212 614 1506 665 Gen-beron.
1530 616 1654 664 Par.
1683 616 1832 665 1721.
1857 632 1910 681 p.
1936 616 2056 664 482.
2094 618 2148 664 et
2182 614 2291 665 alii.
2337 614 2481 663 Huic
2517 630 2639 665 sen·

198 702 361 751 tentiae
392 700 533 751 favet
566 702 733 751 etiam
756 700 1025 761 Ecclesia,
1063 716 1201 768 quae
1239 702 1317 751 sic
1356 701 1502 751 canit
1535 702 1590 751 in
1628 700 1730 751 Off.
1767 700 1881 751 InV.
1920 718 1970 752 s.·
1989 700 2203 751 Crucis:
2245 701 2396 761 „Hoc
2432 701 2641 766 signum

200 788 336 837 crucis
367 787 461 837 erit
492 789 547 837 in
584 787 759 852 coelo,
793 804 915 837 cum
941 789 1201 839 Dominus
1233 788 1303 838 ad
1339 788 1683 837 iudicandum
1719 789 1974 838 venerit.“
2019 787 2239 853 Signum
2263 786 2388 836 Filii
2413 786 2640 837 hominis

199 889 289 923 esse
320 889 529 937 erucem,
566 874 695 924 inde
736 874 947 925 ostendi
982 880 1184 941 potest,
1224 876 1352 941 quia
1387 874 1631 925 Christus
1667 890 1764 940 per
1800 874 1902 924 hoe
1939 875 2148 940 signum
2193 873 2538 939 triumphavit
2573 874 2640 923 de

198 966 364 1022 satana,
385 967 539 1026 atque
560 961 703 1011 adeo
730 962 797 1011 de
824 962 1071 1012 omnibus
1094 962 1322 1013 inimicis
1348 963 1476 1013 suis.
1522 961 1660 1012 Coll.
1683 961 1884 1027 Ephes.
1911 964 1960 1023 2,
1989 963 2088 1023 16.,
2115 960 2184 1011 ad
2210 978 2260 1027 q.
2285 976 2335 1010 v,
2374 961 2638 1025 Origenis,

197 1046 239 1094 in
268 1046 413 1097 Exod.
444 1046 581 1097 hom.
615 1048 714 1109 VI,
752 1050 802 1098 8.
838 1047 923 1097 ed.
956 1048 1161 1098 Lomm.
1194 1048 1290 1111 IX,
1324 1048 1409 1097 66.
1456 1047 1744 1110 Lactantii,
1777 1048 1945 1098 instit.
1982 1048 2086 1097 div.
2121 1048 2212 1108 IV,
2249 1049 2332 1098 27.
2368 1063 2420 1112 p.
2452 1048 2570 1097 220.
2596 1062 2638 1097 s.

196 1133 443 1195 Athanasii,
468 1134 533 1184 de
566 1136 778 1185 incarn.
804 1135 969 1185 Verbi
993 1135 1061 1185 D.
1088 1150 1142 1184 n.
1169 1136 1252 1185 24.
1279 1151 1323 1185 s.
1349 1134 1431 1184 ed.
1456 1135 1588 1185 Ben.
1614 1134 1656 1197 1,
1685 1136 1766 1185 67.
1795 1152 1836 1186 s.
1883 1135 1934 1185 J.
1961 1134 2098 1184 Phil.
2133 1134 2382 1196 Pfeifferi,
2421 1134 2547 1185 diss.
2575 1134 2639 1183 de

197 1220 315 1283 signo
348 1219 433 1269 filii
466 1220 605 1271 hom.
630 1221 877 1287 Regiom.
916 1223 1065 1271 1682.
1100 1222 1158 1271 in
1193 1220 1353 1272 Thes.
1378 1220 1451 1271 th.
1477 1220 1566 1287 ph.
1591 1237 1646 1287 p.
1675 1222 1791 1273 181.
1837 1221 1902 1271 R.
1927 1221 2240 1284 Hoffmann,
2278 1221 2375 1272 das
2412 1220 2640 1271 Zeichen

198 1306 267 1353 des
296 1306 789 1358 Menschensohnes.
826 1307 1011 1374 Leipz.
1040 1308 1189 1359 1850.
1214 1324 1268 1373 p.
1300 1310 1383 1357 62.
1418 1324 1461 1358 s.
1512 1306 1622 1357 Cur
1659 1322 1790 1357 crux
1827 1309 1896 1359 sit
1930 1308 1988 1357 in
2021 1309 2220 1359 iudicio
2259 1307 2642 1373 conspicienda

198 1392 301 1441 duae
332 1394 604 1459 praecipue
642 1394 943 1444 redduntur
977 1408 1189 1457 causae,
1226 1408 1338 1445 una
1361 1400 1421 1444 ut
1448 1394 1529 1443 illi
1567 1396 1661 1460 qui
1686 1394 1969 1458 Christum,
1997 1394 2228 1445 iudicem
2265 1394 2641 1443 crucifixerunt

199 1482 309 1529 —in
339 1480 575 1531 Patribus
601 1509 673 1517 —
699 1486 1005 1547 agnoscant
1041 1481 1341 1531 dementiae
1388 1496 1519 1532 suae
1556 1482 1897 1545 coecitatem,
1933 1485 1993 1530 ut
2027 1479 2192 1532 habet
2226 1496 2268 1530 s.
2293 1480 2380 1530 Jo.
2413 1479 2641 1545 Chryso-

199 1570 369 1627 stomus,
390 1566 523 1617 hom.
548 1584 593 1619 s.
620 1584 671 1617 c.
718 1568 904 1617 Altera
937 1572 999 1617 ut
1032 1567 1384 1633 significetur,
1420 1567 1644 1633 gloriam
1691 1572 1804 1617 tum
1839 1567 2000 1630 Jesu,
2037 1572 2150 1617 tum
2186 1584 2403 1618 suorum
2440 1567 2637 1633 depen-

199 1651 291 1701 dere
340 1668 371 1703 a
424 1669 597 1704 cruce.
673 1653 816 1704 0011.
856 1654 991 1704 Luc.
1045 1656 1127 1717 24,
1178 1656 1263 1705 26.
1338 1654 1511 1720 Igitur
1563 1670 1670 1720 quo
1727 1656 1878 1720 signo
1933 1654 2397 1717 contemnebatur,
2453 1654 2640 1705 eodem

196 1740 437 1789 maiestatis
472 1756 603 1791 snae
653 1743 783 1791 iura
824 1740 1113 1808 aliquando
1150 1740 1423 1791 exhibebit
1456 1740 1735 1791 Dominus.
1797 1739 1903 1790 Sed
1939 1740 2080 1791 idem
2116 1745 2399 1806 praeterea
2435 1740 2640 1791 adstrui

197 1840 316 1887 posse
348 1827 547 1877 videtur
583 1844 651 1877 ex
691 1844 777 1889 eo,
804 1829 932 1893 quia
967 1844 1089 1878 cum
1125 1828 1311 1878 eadem
1348 1844 1479 1877 crux
1514 1826 1904 1893 significatione
1931 1828 2131 1889 iudicii,
2159 1828 2327 1877 instar
2358 1827 2638 1893 prodromi,

196 1912 376 1962 testibus
398 1914 759 1964 Historiarum
784 1913 1063 1963 Ecclesiae
1089 1913 1437 1980 scriptoribus
1462 1916 1678 1980 saepius
1705 1915 1882 1963 iamin
1909 1912 2060 1962 coelo
2084 1914 2191 1962 iam
2217 1912 2346 1962 alibi
2373 1914 2640 1978 apparuit.

198 1995 408 2064 Exempla
439 1999 555 2065 lege
591 2000 745 2066 apud
782 2000 1086 2050 Pfeifl'erum
1122 2000 1157 2049 l.
1184 2016 1230 2049 c.
1292 2000 1355 2050 In
1392 2000 1830 2066 interpretatione
1869 2000 2126 2049 sermonis
2162 1998 2358 2049 Christi
2397 1999 2638 2049 eschato-

198 2082 335 2146 logici,
368 2092 571 2150 praeter
606 2088 717 2136 iam
758 2086 1021 2149 laudatos,
1060 2086 1269 2137 consuli
1304 2092 1556 2152 possunt:
1596 2084 1651 2135 S.
1675 2085 1737 2135 A.
1763 2085 1978 2148 Flachs,
2005 2085 2072 2135 de
2109 2099 2238 2135 casu
2275 2085 2548 2135 stellarum
2585 2088 2640 2135 in

198 2168 271 2217 fine
301 2172 489 2234 mnndi,
524 2173 583 2223 in
619 2173 787 2223 Thes.
820 2189 874 2223 n.
908 2190 959 2239 p.
996 2175 1115 2223 283.
1149 2190 1191 2223 s.
1239 2172 1303 2223 A.
1335 2173 1399 2223 L.
1434 2174 1860 2238 Koenigsmann,
1899 2170 1964 2221 de
2000 2172 2200 2222 iudicio
2247 2174 2386 2236 regis
2425 2172 2639 2234 Christi,

196 2255 247 2303 ib.
272 2273 315 2321 p.
343 2260 451 2309 288.
498 2259 597 2309 Th.
635 2260 737 2310 ch.
774 2259 1050 2324 Tychsen,
1088 2259 1153 2309 do
1198 2256 1441 2328 παρουσίᾳ
1486 2259 1547 2309 C.
1586 2259 1731 2309 Gott.
1770 2260 1920 2310 1785.
1969 2258 2022 2308 J.
2055 2259 2119 2309 F.
2153 2258 2325 2323 Flatt,
2362 2260 2532 2325 symb.
2569 2260 2638 2309 ad

196 2340 341 2392 illustr.
364 2344 421 2393 N.
445 2346 506 2395 Τ.
530 2345 569 2395 l.
596 2361 745 2412 qnae
772 2346 837 2396 de
861 2342 1107 2414 παρουσίᾳ
1132 2345 1192 2395 C.
1219 2350 1401 2411 agunt.
1428 2346 1615 2396 I—IV.
1655 2345 1791 2396 Tub.
1819 2347 2199 2409 1800-1812.,
2223 2362 2332 2411 rep.
2359 2347 2414 2395 in
2440 2346 2638 2411 Opuse.

195 2430 311 2477 acad.
340 2432 463 2481 Tub.
500 2434 661 2482 1826.
707 2449 761 2498 p.
803 2434 921 2483 289.
956 2447 999 2483 s.
1057 2432 1109 2482 J.
1143 2434 1213 2483 H.
1248 2433 1645 2495 Kistemacker,
1689 2432 1952 2495 WVeissag.
1986 2432 2039 2481 J.
2073 2448 2196 2481 vom
2239 2432 2458 2481 Gericht
2505 2434 2638 2481 iiber

194 2512 361 2565 Judaea
390 2532 440 2566 u.
465 2518 515 2568 d.
540 2518 712 2568 welt.
738 2520 935 2569 Milnst.
965 2521 1115 2569 1816.
1164 2519 1233 2568 H.
1258 2518 1321 2569 A.
1349 2518 1550 2582 Schott,
1578 2536 1627 2584 q.
1655 2535 1696 2568 s.
1723 2518 1774 2568 J.
1804 2518 2092 2569 adventum
2118 2534 2272 2569 suum
2297 2520 2636 2569 nuntiaverit.

193 2598 285 2650 Jen.
318 2604 451 2653 1815.
484 2606 571 2655 Ei.
609 2604 819 2655 Comm.
854 2606 907 2654 in
946 2621 1038 2656 cos
1072 2606 1125 2656 J.
1162 2605 1223 2655 G.
1256 2621 1411 2656 serm.
1446 2607 1537 2671 qui
1574 2606 1640 2656 de
1674 2606 1849 2657 reditu
1896 2608 2012 2655 eius
2057 2606 2126 2657 ad
2163 2606 2416 2656 iudicium
2460 2606 2640 2655 futuro

196 2696 335 2747 agunt.
364 2690 431 2739 ib.
466 2692 618 2741 1820.
662 2692 717 2741 in
742 2707 927 2757 opusc.
960 2692 1083 2741 Jen.
1121 2694 1273 2743 1818.
1310 2692 1388 2754 11,
1416 2694 1535 2743 206.
1560 2708 1603 2743 s.
1653 2693 1924 2755 Lambert,
1962 2692 2048 2742 die
2081 2693 2275 2745 Weiss.
2311 2692 2360 2743 d.
2395 2692 2460 2741 K.
2497 2692 2550 2741 J.
2580 2692 2640 2741 C.

197 2773 269 2821 anf
293 2772 365 2823 die
395 2775 589 2827 letzten
628 2778 819 2827 Zeiten
858 2778 953 2827 der
996 2778 1206 2827 Heiden
1250 2794 1369 2843 geg.
1403 2779 1607 2829 Nnmb.
1645 2780 1795 2829 1818.
1851 2778 2101 2843 Rintsch,
2136 2779 2271 2845 disq.
2304 2784 2414 2829 vat.
2449 2778 2640 2829 Matth.

198 2858 347 2910 xxn'.
378 2864 539 2929 Καρ.
576 2864 671 2914 ad.
707 2864 838 2913 Oril.
876 2859 1026 2914 1827.
1073 2864 1221 2927 Mau,
1260 2865 1325 2913 de
1362 2880 1551 2915 norma
1586 2865 1770 2915 iudicii
1807 2865 1996 2915 Matth.
2035 2868 2118 2915 25.
2151 2865 2254 2915 Kil.
2294 2868 2444 2917 1841.
2491 2866 2544 2916 J.
2571 2867 2639 2915 Π.

200 2942 377 3008 Ebrard,
410 2950 527 3000 adv.
564 2967 745 3001 erron.
781 2965 865 3016 op.
905 2968 955 3017 q.
982 2950 1015 3001 1.
1054 2952 1383 3001 existimasse
1421 2952 1567 3018 perh.
1594 2952 1707 3001 fore
1739 2957 1799 3001 ut
1833 2952 1942 3002 iud.
1969 2968 2057 3001 un.
2085 2953 2183 3017 ips.
2219 2957 2323 3001 act.
2356 2969 2638 3018 superveni.

198 3029 280 3080 Erl.
306 3038 435 3085 1842.
480 3037 532 3087 J.
558 3040 625 3087 A.
652 3038 883 3101 Dorner,
910 3042 1063 3087 tract.
1098 3037 1259 3087 theol.
1286 3038 1352 3087 (le
1380 3037 1471 3087 Or.
1499 3038 1559 3088 C.
1588 3038 1732 3089 esch.
1758 3038 1952 3103 Stuttg.
1981 3040 2130 3089 1844.
2169 3038 2227 3088 C.
2257 3038 2536 3103 Passaglia
2573 3039 2638 3089 de

204 3114 405 3170 Ecclesia
440 3122 641 3172 Christi
680 3129 963 3174 comment.
1006 3122 1041 3173 l.
1075 3124 1139 3173 V.
1162 3124 1369 3174 Ratisb.
1407 3125 1557 3175 1853.
1603 3126 1646 3187 Ι,
1682 3126 1797 3175 134.
1835 3142 1877 3175 s.
1924 3125 1977 3175 J.
2004 3125 2242 3175 Orsbacli
2271 3142 2334 3174 W.
2361 3126 2496 3175 Abh.
2523 3142 2642 3175 zum

200 3200 463 3259 l'emtzndn.
493 3210 543 3259 tl.
570 3211 773 3259 KVc-iss.
800 3210 850 3259 d.
882 3211 951 3259 Η.
974 3226 1027 3259 v.
1054 3210 1105 3259 (1.
1130 3210 1328 3261 letzten
1353 3211 1554 3260 Zeiten.
1578 3210 1814 3260 Aachen.
1844 3214 1992 3261 1856.
