3267 5259
548 428 681 496 414
1284 442 1400 488 mat.
1432 442 1539 487 Ber.
1570 444 1658 489 div.
1691 442 1858 488 Pei-iod.
1887 444 1944 488 Π.
1965 458 2060 499 cap.
2091 444 2292 499 primum.

552 615 939 683 christianus
974 640 1207 705 gerere
1242 618 1482 685 debeat
1502 624 1553 704 ¹3
1592 643 1791 708 porro
1825 623 2020 686 etiam
2069 623 2364 707 exponit,
2411 620 2744 707 quomodo
2793 623 3041 687 ratione

551 730 921 816 aequalium
968 754 1111 797 sese
1158 730 1401 797 habere
1450 732 1739 798 debeant
1755 736 1800 799 ².
1860 732 2163 819 Regnum
2204 732 2338 798 Dei
2383 756 2516 799 non
2561 756 2709 799 esse
2753 736 3040 820 positum

546 844 615 907 in
662 842 809 909 cibo
856 853 922 909 et
964 854 1160 931 potu3
1224 844 1342 910 sed
1386 847 1453 909 in
1498 848 1744 912 iustitia
1787 856 1855 912 et
1897 848 2140 932 gratia,
2185 848 2253 911 in
2296 868 2463 933 pace
2521 869 2670 911 cum
2715 848 3041 933 proximo,

546 1125 723 1176 ethica
745 1142 829 1191 ep.
858 1126 916 1176 C.
945 1129 1059 1177 12—
1085 1128 1165 1189 15,
1193 1128 1274 1177 14.
1344 1126 1386 1191 ⁶)
1424 1126 1483 1177 C.
1518 1130 1601 1178 12.
1649 1128 1934 1177 Monentur
1959 1128 2014 1177 in
2039 1128 2220 1193 specie
2245 1127 2316 1177 ad
2341 1134 2543 1176 rectum
2568 1143 2722 1177 usum
2748 1127 3041 1177 charisma-

545 1218 673 1262 tum.
722 1215 810 1276 12,
848 1214 898 1263 6.
958 1214 1042 1262 De
1088 1212 1191 1262 hac
1235 1228 1293 1263 re
1337 1230 1436 1264 nos
1482 1214 1611 1264 alibi
1659 1215 1918 1264 dicemus.
1975 1212 2293 1278 Analogiam
2330 1218 2566 1263 attamen
2600 1212 2726 1263 fidei
2763 1214 2817 1264 h.
2853 1214 2888 1263 l.
2927 1230 3034 1263 non

545 1280 777 1365 spectat,
822 1305 885 1349 ut
924 1314 1203 1366 perperam
1248 1300 1428 1351 intulit
1474 1300 1537 1351 G.
1575 1300 1916 1363 Wernsdorf,
1963 1298 2067 1354 loc.
2101 1300 2254 1349 Rom.
2295 1301 2388 1361 12,
2422 1302 2472 1350 6.
2519 1300 2586 1349 de
2631 1300 2777 1351 anal.
2835 1300 2962 1351 fidei
3007 1314 3042 1349 a

546 1390 723 1437 novat.
762 1401 878 1437 cav.
917 1385 1061 1437 vind.
1098 1386 1229 1437 wit.
1268 1389 1419 1437 1732.

756 1490 794 1554 ¹)
836 1490 1029 1540 Officia
1066 1492 1199 1556 ipsa,
1240 1505 1561 1557 quamquam
1586 1490 1722 1541 dura
1745 1496 1886 1553 sunt,
1923 1505 2035 1541 una
2059 1490 2288 1540 formula
2311 1491 2599 1555 Apostolus
2639 1490 3044 1557 comprehendit

544 1592 761 1643 nempe:
797 1578 883 1626 τοῦ
920 1577 1252 1627 subditum
1280 1592 1397 1627 esse
1428 1578 1784 1641 potestatibus
1807 1577 2222 1627 sublimioribus.
2273 1577 2450 1627 Unum
2475 1578 2634 1642 igitur
2663 1577 2800 1627 illud
2825 1578 3038 1627 univer-

543 1678 659 1712 snm
698 1668 751 1713 et
786 1663 993 1729 reliqua
1028 1666 1307 1715 continens
1345 1663 1577 1715 officium
1603 1679 1638 1713 a
1663 1664 1832 1714 Paulo
1871 1663 2164 1725 laudatum,
2205 1670 2287 1714 est
2321 1664 2629 1714 obedientia
2658 1678 2689 1713 a
2719 1662 3042 1715 Christianis

542 1750 870 1815 praestanda
902 1752 985 1813 iis,
1024 1752 1117 1816 qui
1154 1766 1221 1800 ea
1256 1756 1522 1817 potestate
1558 1756 1798 1814 utuntur,
1837 1765 1946 1817 qua
1978 1752 2110 1816 ipsis
2146 1756 2208 1800 ut
2243 1750 2452 1801 civibus
2486 1751 2740 1817 praesint.
2799 1752 2940 1801 Nam
2977 1752 3042 1802 de

542 1835 693 1887 nulla
728 1836 837 1887 alia
872 1842 1137 1903 potestate
1178 1840 1258 1899 13,
1307 1840 1371 1901 1.,
1418 1852 1578 1905 quam
1616 1852 1755 1903 quae
1803 1839 1858 1887 in
1907 1836 2137 1887 civitate
2175 1842 2470 1899 exercetur,
2519 1836 2668 1902 loqui
2708 1837 2944 1888 Paulum
2981 1854 3044 1887 ex

540 1924 885 1989 sequentibus
922 1940 971 1975 ν.
1012 1926 1146 1974 2-7
1186 1926 1525 1991 perspicuum
1572 1929 1669 1975 est.
1731 1924 1921 1990 Itaque
1960 1924 2194 1974 divinam
2231 1926 2511 1989 potestatis
2549 1926 2810 1989 originem
2849 1926 3038 1991 aperit,

540 2010 955 2061 inobedientiam
992 2012 1269 2061 sanctione
1306 2014 1539 2061 omnium
1574 2012 1810 2062 maxima
1845 2012 2016 2077 punit,
2059 2016 2114 2061 et
2147 2010 2494 2061 incitamenta
2533 2011 2764 2077 praebet
2805 2012 3040 2061 omnium

542 2096 935 2161 efficacissima,
986 2100 1136 2163 queis
1186 2100 1330 2148 cives
1380 2098 1449 2148 ad
1500 2100 1811 2164 obsequium
1856 2103 1910 2148 et
1945 2098 2304 2148 obedientiam
2351 2098 2757 2163 compellantur.
2833 2099 3040 2149 Eadem

540 2182 651 2232 fere
686 2182 851 2233 habet
892 2184 943 2233 S.
970 2185 1160 2235 Petrus
1199 2184 1240 2248 1,
1276 2188 1325 2247 2,
1364 2187 1581 2235 13-15.
1636 2184 1719 2235 cf.
1754 2186 1814 2235 P.
1849 2184 1911 2235 A.
1937 2184 2156 2250 Borger,
2195 2184 2324 2236 diss.
2360 2184 2428 2235 de
2463 2190 2616 2250 parte
2653 2201 2737 2250 ep.
2779 2186 2940 2235 Pauli
2975 2186 3042 2236 ad

539 2270 809 2322 Romanos
844 2272 1204 2337 paraenetica.
1254 2272 1427 2338 Lugd.
1460 2272 1579 2323 Bat.
1620 2274 1772 2323 1840.
1807 2290 1862 2338 p.
1903 2274 2020 2322 133.
2057 2287 2098 2323 s.
2157 2271 2438 2323 Ecclesiae
2484 2272 2552 2322 de
2588 2272 2736 2321 civili
2781 2274 3040 2325 societate

539 2371 720 2407 curam
766 2372 817 2407 v.
862 2360 917 2408 in
964 2357 1023 2409 C.
1062 2358 1325 2409 Schrader
1370 2358 1424 2409 S.
1461 2359 1530 2421 J.,
1582 2360 1648 2410 de
1698 2360 1918 2410 Unitate
1965 2360 2117 2409 Rom.
2159 2374 2346 2409 comm.
2391 2358 2539 2409 Frib.
2581 2361 2734 2409 1862.
2775 2376 2828 2425 p.
2867 2362 2954 2411 51.
2991 2376 3032 2409 s.

540 2442 583 2508 ²)
629 2445 901 2511 Praecipit
946 2450 1008 2494 ut
1054 2445 1342 2496 Christiani
1396 2447 1591 2496 nemini
1644 2446 1840 2497 cedant
1885 2448 1940 2496 in
1989 2446 2168 2497 officio
2218 2446 2388 2495 mutui
2441 2446 2636 2497 amoris
2690 2446 3038 2511 praestando.

540 2528 765 2593 Caritas,
804 2532 960 2582 sicuti
997 2532 1105 2583 iam
1128 2533 1184 2583 in
1212 2533 1359 2598 Lege
1386 2538 1732 2600 praeceptum
1757 2538 1874 2583 erat
1899 2534 2274 2599 praecipuum3
2313 2534 2389 2581 ita
2411 2533 2670 2599 imprimis
2695 2534 2752 2583 in
2777 2534 3038 2599 religione

541 2616 845 2668 Christiana
879 2619 1171 2684 principem
1210 2624 1440 2685 occupat
1476 2620 1668 2670 locum.
1723 2618 1946 2670 Omnem
1983 2624 2264 2685 praeterea
2307 2634 2522 2683 operam
2581 2620 2802 2683 darent,
2851 2626 2914 2669 ut
2945 2635 3039 2686 per

539 2706 958 2770 temperantiam,
999 2707 1395 2768 continentiam,
1422 2706 1736 2757 modestiam
1761 2721 1890 2771 erga
1913 2721 1970 2756 se
1995 2708 2186 2771 ipsum,
2213 2705 2388 2755 induti
2411 2706 2479 2755 D.
2509 2706 2570 2755 N.
2595 2706 2648 2755 J.
2675 2706 2737 2755 C.
2763 2707 2936 2757 vitam
2958 2708 3032 2757 sic

542 2790 756 2856 degant,
794 2797 853 2842 ut
880 2794 1055 2842 carnis
1082 2807 1263 2841 curam
1288 2792 1577 2859 negligant.
1620 2792 1774 2854 Quae
1802 2795 1883 2855 13,
1909 2794 1956 2843 8.
1979 2808 2020 2843 s.
2059 2792 2126 2841 de
2151 2806 2330 2842 amore
2361 2797 2546 2841 mutuo
2583 2792 2800 2843 dixerat
2833 2793 3033 2843 Paulus

539 2882 755 2944 propter
779 2878 1333 2930 Judaeo-christianos
1364 2882 1443 2941 14,
1464 2908 1531 2916 —
1554 2882 1633 2943 15,
1666 2882 1746 2930 14.
1785 2879 2042 2944 explieat3
2079 2879 2174 2929 ubi
2197 2879 2506 2929 mandatum
2531 2879 2818 2944 generale:
2861 2879 3030 2940 „infir-

540 2980 683 3014 mum
718 2966 775 3013 in
802 2963 907 3014 fide
932 2967 1238 3028 assumite“,
1267 2967 1483 3016 uberius
1522 2966 1777 3017 declarat.
1811 2968 2034 3017 Mutuae
2071 2966 2402 3019 concordiae.
2428 2972 2774 3032 aug-mentum
2809 2966 3032 3016 multum

536 3056 811 3117 praestare
858 3052 1220 3103 observationi
1265 3069 1441 3103 rerum
1489 3048 1793 3120 ἀδιαφόρων,
1849 3055 1903 3102 in
1949 3053 2145 3118 quibus
2195 3052 2281 3102 hic
2327 3053 2414 3103 vel
2457 3052 2549 3102 ille
2601 3052 2670 3102 ob
2720 3053 3032 3118 opinionum

536 3153 753 3189 suarum
795 3138 1215 3189 mediocritatem
1253 3139 1457 3205 aliquid
1504 3146 1731 3205 poneret
1765 3141 1937 3207 pretii.
1999 3140 2083 3189 De
2129 3139 2288 3189 modo
2334 3138 2620 3205 prudentia
2663 3144 2718 3188 et
2767 3139 3031 3205 sapientia

535 3226 722 3292 plene,
762 3242 866 3291 quo
903 3226 991 3276 hic
1024 3228 1193 3276 utitur
1228 3227 1453 3289 Paulus,
1494 3228 1706 3293 egregie
1743 3230 2128 3277 commentatur
2163 3226 2232 3276 D.
2271 3224 2706 3290 chrysostomus,
2739 3228 2797 3274 in
2837 3241 2920 3292 ep.
2957 3224 3024 3275 ad

534 3312 685 3362 Rom.
722 3312 861 3363 hom.
900 3315 983 3363 25.
1020 3329 1071 3363 ιι.
1113 3315 1159 3364 1.
1224 3312 1411 3375 ,,Μιι1ιί
1449 3330 1512 3363 ex
1550 3312 1892 3363 credentibus
1928 3312 2256 3363 Judaeorum
2297 3318 2471 3374 erant,
2521 3314 2614 3377 qui
2649 3312 2786 3378 legis
2827 3314 3027 3363 consci-

535 3401 683 3449 entia
730 3398 955 3463 detenti,
1002 3402 1159 3449 etiam
1199 3405 1321 3466 post
1356 3404 1633 3466 acceptam
1671 3399 1852 3463 fidem,
1903 3400 2142 3449 ciborum
2180 3398 2357 3449 adhuc
2409 3399 2810 3449 observantiam
2857 3406 3028 3449 custo-

535 3485 769 3549 diebant,
807 3485 1042 3536 nondum
1079 3487 1337 3537 audentes
1364 3501 1397 3536 a
1420 3487 1569 3551 Lege
1595 3488 1809 3536 omnino
1847 3485 2112 3536 recedere.
2163 3486 2373 3535 Deinde
2399 3500 2467 3535 ne
2495 3484 3028 3551 reprehenderentur,

536 3586 569 3621 a
606 3572 777 3622 suillis
814 3574 1064 3623 carnibus
1103 3574 1371 3624 abstinere
1408 3578 1639 3636 tantum,
1691 3574 1761 3622 ab
1800 3572 2045 3623 omnibus
2083 3570 2337 3638 deinceps
2373 3572 2627 3622 carnibus
2665 3573 3027 3633 abstinebant,

536 3664 589 3709 et
634 3659 781 3709 olera
820 3665 1023 3711 tantum
1072 3661 1451 3724 comedebant,
1500 3666 1561 3711 ut
1598 3660 1733 3710 illud
1777 3661 1945 3725 magis
1991 3661 2248 3709 ieiunium
2293 3660 2588 3721 videretur,
2639 3674 2804 3725 quam
2839 3660 3028 3725 legalis

534 3746 855 3797 observatio.
926 3748 1034 3797 Alii
1083 3763 1289 3798 rursum
1335 3748 1682 3814 perfectiores
1727 3751 1906 3809 erant,
1963 3748 2054 3812 qui
2103 3746 2173 3795 ab
2219 3745 2408 3795 horum
2459 3745 2609 3796 nullo
2665 3747 3024 3807 abstinebant,

534 3835 735 3899 quique
760 3833 865 3883 illis
889 3834 1023 3883 talia
1048 3835 1457 3885 observantibus
1496 3836 1708 3885 onerosi
1733 3848 1798 3883 ac
1821 3834 2032 3883 molesti
2069 3838 2236 3895 erant,
2276 3833 2679 3899 exprobrantes,
2717 3835 3026 3884 incusantes

534 3925 587 3969 et
622 3922 678 3970 in
712 3922 1031 3970 moestitiam
1070 3922 1430 3971 coniicientes.
1482 3922 1698 3972 Timens
1737 3936 1862 3987 ergo
1899 3918 2116 3981 Paulus,
2155 3934 2222 3969 ne
2258 3920 2536 3986 paululum
2571 3920 2704 3986 quid
2741 3921 3024 3971 emendare

532 4007 803 4070 volentes,
852 4011 1021 4057 totum
1066 4006 1464 4071 subverterent3
1506 4024 1644 4058 neve
1689 4006 1813 4057 dum
1857 4006 2058 4057 vellent
2103 4022 2194 4057 eos
2231 4007 2300 4057 ad
2339 4007 2577 4057 ciborum
2613 4007 3020 4058 indifferentiam

534 4093 797 4144 deducere
834 4092 887 4143 id
926 4090 1222 4158 efficerent,
1260 4099 1321 4143 ut
1356 4094 1435 4145 illi
1471 4110 1506 4145 a
1542 4094 1645 4144 fide
1681 4094 1978 4145 resilirent.
2000 4130 2012 4144 .
2035 4130 2048 4143 .
2069 4130 2083 4143 .
2121 4092 2244 4143 vide
2281 4100 2484 4159 quanta
2519 4098 2704 4143 utatur
2737 4095 3020 4160 prudentia

530 4186 585 4229 et
620 4181 885 4246 quomodo
912 4196 1033 4230 cum
1060 4180 1220 4231 solita
1242 4181 1347 4231 sibi
1378 4181 1663 4245 prudentia
1699 4182 1909 4246 utrique
1946 4182 2086 4247 parti
2122 4181 2403 4247 providere
2441 4186 2604 4231 curet.
2655 4182 2846 4247 Neque
2881 4182 3016 4229 enim

528 4267 931 4333 increpantibus
978 4267 1142 4317 audet
1186 4268 1391 4331 dicere,
1447 4283 1724 4335 perperam
1775 4269 1959 4333 agitis,
2015 4284 2083 4317 ne
2129 4268 2250 4318 illos
2295 4269 2351 4317 in
2397 4270 2508 4318 suis
2555 4268 3014 4318 observationibus

530 4352 785 4420 firmaret3
836 4370 1012 4421 neque
1057 4370 1241 4404 rursus
1291 4354 1421 4404 dicit
1467 4354 1587 4405 illos
1639 4354 1805 4421 probe
1850 4354 2053 4416 facere,
2099 4369 2168 4404 ne
2213 4353 2638 4404 vehementiores
2675 4360 3012 4405 accusatores

528 4440 801 4503 redderet,
860 4442 959 4491 sed
1012 4457 1131 4491 cum
1186 4456 1437 4491 mensura
1491 4442 1879 4507 correptionem
1937 4442 2183 4491 instituit.
2253 4441 2328 4489 Et
2379 4440 2588 4491 videtur
2643 4440 2856 4506 quidem
2908 4439 3010 4489 for-

528 4527 691 4575 tiores
746 4528 1040 4593 increpare,
1097 4528 1192 4578 sed
1252 4533 1418 4578 totum
1462 4529 1521 4577 in
1563 4528 1686 4579 illos
1742 4527 1877 4577 alios
1931 4526 2178 4588 effundit,
2234 4527 2358 4577 dum
2411 4528 2618 4591 priores
2673 4526 3006 4593 alloquium*

528 4612 623 4675 IX,
664 4614 779 4663 701.
826 4614 893 4665 V.
928 4614 997 4664 H.
1023 4616 1085 4665 R.
1112 4615 1180 4665 D.
1207 4615 1271 4665 N.
1296 4615 1358 4665 Τ.
1387 4632 1440 4681 p.
1477 4616 1595 4665 364.
1634 4616 1752 4665 394.
