3267 5259
1106 489 1169 530 De
1196 490 1443 530 testimonio
1471 488 1666 539 Josephi.
2507 477 2628 541 311

180 675 319 731 huius
359 673 465 731 loci
506 672 721 729 seriem
770 672 1074 747 proponit,
1124 688 1365 746 eamque
1415 689 1518 726 suo
1570 670 1736 725 modo
1790 670 2252 738 circumscribit;
2305 670 2403 726 sed
2451 670 2632 727 etiam

179 778 405 849 ostendit,
439 796 617 855 quam
648 774 950 851 probabile
979 776 1059 831 sit
1086 774 1119 831 J
1124 775 1405 849 osephum
1434 774 1577 830 haec
1615 772 1853 831 dixisse.
1916 774 2076 830 Huic
2117 778 2376 849 tempore
2425 773 2629 848 proxi-

178 903 277 939 mus
303 886 381 939 est
408 882 465 939 S.
489 882 917 956 Hieronymus,
950 879 1049 939 vir
1078 879 1459 948 doctissimus,
1498 896 1700 935 censor
1733 883 1954 949 aeut-us,
1990 878 2258 955 quodque
2302 879 2488 951 magis
2527 898 2632 953 pro

179 1006 227 1043 re
260 991 441 1045 nostra
482 986 655 1055 facit,
718 984 1169 1061 Antiquitatum
1212 982 1623 1041 hebraicarum
1669 1002 1810 1059 quas
1855 1003 1890 1039 a
1933 983 1968 1039 J
1972 984 2288 1041 udaeorum
2331 984 2630 1056 magistris

178 1092 421 1147 didicerat
446 1088 887 1147 scientissimus,
934 1088 1182 1145 Sanctus
1212 1088 1447 1155 Doctor,
1481 1087 1585 1143 ubi
1617 1087 1680 1143 in
1713 1086 1974 1160 catalogo
2003 1089 2272 1146 virorum
2301 1087 2628 1145 illustrium

177 1194 449 1270 Josephum
476 1194 754 1271 Flavium
784 1192 1100 1267 posuisset;
1148 1192 1271 1249 eius
1302 1191 1481 1248 etiam
1510 1192 1913 1249 testimonium
1943 1192 2014 1248 de
2044 1192 2276 1250 Christo
2315 1193 2560 1250 exhibet
2582 1190 2624 1264 ¹,

178 1299 275 1355 sine
300 1299 413 1355 ulla
438 1296 785 1373 suspicionis
817 1302 971 1354 nota.
1036 1295 1199 1357 Quod
1234 1297 1436 1373 utique
1476 1315 1796 1373 numquam
1834 1296 2089 1367 fecisset,
2137 1297 2251 1353 nisi
2291 1297 2624 1371 periocham

178 1403 296 1459 hane
323 1404 383 1459 in
414 1401 883 1475 Archaeologiae,
933 1420 1075 1479 quos
1105 1405 1246 1458 tunc
1284 1400 1439 1458 vidit.
1469 1400 1776 1458 codicibus
1816 1400 2074 1474 legisset,
2125 1407 2183 1458 et
2227 1401 2628 1459 authenticam

177 1526 270 1563 esse.
314 1508 656 1564 credidisset.
679 1503 705 1542 ‘²
790 1508 985 1583 Atque
1026 1506 1092 1561 hi
1135 1505 1517 1573 eruditissimi
1557 1505 1849 1562 Ecclesiae
1894 1504 2152 1562 Orientis
2198 1511 2257 1563 et
2296 1504 2629 1563 Occidentis

175 1612 451 1681 duumviri,
484 1612 553 1669 de
584 1611 805 1688 quibus
835 1611 899 1667 iu
930 1609 1143 1683 vulgus
1172 1614 1375 1667 notum
1408 1614 1494 1667 est
1524 1630 1617 1667 eos
1649 1629 1846 1668 omnes
1877 1628 2022 1685 pene
2061 1610 2276 1685 priscos
2305 1609 2627 1686 Scriptores

178 1716 372 1787 legisse;
412 1716 755 1773 sufficerent
798 1716 871 1773 ad
902 1716 1327 1772 monimentum
1372 1715 1728 1772 Flavianum
1775 1714 2229 1785 vindicandum„
2279 1714 2419 1772 licet
2461 1734 2630 1773 nemo

180 1828 373 1892 praeter
400 1842 489 1878 eos
518 1822 701 1877 huius
732 1820 1111 1876 meminisset.
1161 1820 1413 1875 Interim
1442 1837 1547 1893 per
1575 1818 1776 1876 omnia
1811 1819 2038 1895 reliqua
2077 1819 2338 1875 insecuta
2383 1818 2626 1889 saecula,

174 1922 281 1981 fidei
310 1925 681 2003 veritatisque
714 1923 1035 1981 testimonii
1068 1923 1338 1980 Flaviani
1374 1922 1752 1998 reperiuntur
1783 1928 1971 1981 testes.
1996 1921 2020 1960 3
2078 1924 2418 1981 Transimus
2448 1925 2503 1981 b.
2553 1924 2627 1981 ad

175 2254 239 2305 (Ὺ.
260 2254 303 2303 J.
326 2256 382 2303 Δ.
405 2255 660 2315 Fabricii,
699 2253 840 2302 Bibl.
875 2252 967 2301 lat.
1002 2252 1195 2300 Hamb.
1234 2253 1381 2300 1722.
1422 2251 1519 2312 ΙΙΙ,
1546 2253 1666 2300 440.
1716 2250 1777 2299 A.
1815 2250 1866 2301 S.
1893 2252 2172 2313 Mazochii,
2211 2254 2264 2301 in
2302 2260 2406 2302 vet.
2443 2268 2626 2303 marm.

176 2340 215 2389 S.
237 2342 435 2407 Neapol.
462 2340 613 2390 Eccl.
644 2338 1028 2388 Kalendarinm
1056 2338 1254 2388 Comm.
1280 2338 1450 2402 Neap.
1480 2339 1628 2386 1744.
1655 2338 1752 2398 ΙΙΙ,
1776 2339 1892 2387 780.
1933 2338 2218 2401 Gallandii,
2244 2339 2380 2389 Bibl.
2403 2340 2521 2403 VII,
2545 2344 2626 2391 29.

178 2427 219 2475 J.
241 2428 295 2477 G.
320 2428 567 2489 Oelrichs,
608 2442 797 2475 comm.
834 2426 897 2474 de
925 2426 1103 2490 script.
1130 2424 1279 2473 Eccl.
1307 2423 1396 2473 lat.
1434 2424 1582 2489 Lips.
1612 2426 1762 2473 1791.
1801 2441 1850 2489 p.
1878 2426 1962 2477 87.
1989 2442 2030 2475 s.

353 2516 385 2579 ¹)
421 2515 478 2563 C.
512 2514 667 2563 XIII.
716 2530 768 2577 p.
803 2514 885 2562 69.
960 2511 1001 2575 ²)
1052 2510 1288 2561 Graecos
1333 2510 1557 2575 Josephi
1604 2510 1815 2560 codices
1860 2511 2112 2561 habuisse
2159 2511 2208 2561 d.
2247 2514 2628 2578 Hieronymum

176 2618 227 2649 ex
270 2618 412 2666 opere
450 2599 789 2662 cassiodori,
838 2599 903 2648 de
945 2598 1277 2650 institutione
1316 2598 1418 2647 div.
1456 2598 1532 2646 lit.
1572 2614 1616 2648 c.
1658 2601 1739 2648 17.
1787 2599 1857 2661 ΙΙ,
1896 2600 2015 2648 520.
2052 2598 2319 2650 discimus.
2379 2603 2630 2651 Attamen

169 2696 217 2735 ut
258 2690 303 2737 S.
340 2690 547 2739 Patrem
594 2692 705 2736 tam
746 2686 1019 2751 praeclare
1058 2686 1123 2734 de
1161 2687 1262 2734 isto
1300 2684 1419 2734 loco
1457 2690 1740 2735 testantem
1778 2686 1932 2749 nobis
1970 2688 2287 2751 surripiant:
2332 2688 2397 2736 E.
2435 2688 2624 2752 Reuss,

170 2774 197 2823 1.
228 2791 267 2823 c.
308 2792 354 2840 p.
388 2777 504 2825 316.
557 2779 612 2823 et
662 2774 727 2823 E.
770 2773 1015 2834 Gerlach,
1066 2772 1099 2821 l.
1140 2788 1186 2822 c.
1232 2790 1283 2837 p.
1320 2773 1405 2822 98.
1453 2772 1654 2833 dicunt,
1701 2772 1751 2821 d.
1787 2774 2170 2838 Hieronymum
2209 2774 2318 2823 doli
2356 2777 2628 2825 conscium

168 2860 313 2910 Flavii
358 2863 523 2911 verba
574 2855 637 2919 ,,ὁ
694 2853 897 2925 Χριστὸς
958 2850 1095 2917 οὗτος
1156 2852 1281 2923 ἦνίῆ
1342 2874 1443 2908 sua
1500 2861 1938 2924 interpretatione
1997 2866 2083 2922 „et
2136 2860 2452 2911 credebatur
2508 2878 2628 2913 esse

170 2946 403 2998 Christus“
452 2947 693 2997 emollire
740 2947 991 2997 voluisse.
1061 2947 1146 2995 Ita
1192 2961 1319 2995 vero
1370 2945 1611 2995 fraudem
1660 2946 1846 2995 eadem
1901 2962 2064 3012 opera
2117 2948 2460 3013 patefecisse,
2511 2965 2618 3015 qua

168 3032 285 3083 illam
319 3036 565 3100 obtegere
604 3033 822 3083 studuit.
884 3034 1066 3083 Nostri
1104 3034 1223 3083 aevi
1262 3032 1445 3082 Critici
1484 3048 1550 3082 ea
1586 3039 1761 3083 mente
1799 3050 1964 3098 opera
2000 3033 2053 3083 S.
2081 3035 2138 3083 P.
2175 3039 2227 3083 et
2264 3034 2315 3083 S.
2341 3036 2406 3085 Ε.
2445 3035 2624 3101 legere

168 3121 391 3183 videntur,
417 3128 477 3171 ut
500 3122 627 3171 illos
654 3120 895 3185 culpent;
936 3126 1096 3185 atque
1121 3134 1339 3183 naevos,
1365 3120 1410 3169 si
1436 3125 1614 3169 tamen
1642 3122 1800 3169 naevi
1829 3121 2150 3186 quandoque
2175 3126 2314 3184 sunt,
2345 3128 2622 3187 quaerunt,

168 3214 215 3254 ut
256 3208 457 3259 Veteres
506 3208 765 3257 damnare
814 3209 1035 3272 possint.
1098 3208 1254 3268 Quod
1300 3206 1369 3256 ad
1416 3208 1732 3257 varietatem
1781 3224 1968 3257 sensus
2013 3210 2226 3271 attinet,
2273 3208 2506 3259 sufficiat
2541 3210 2628 3259 hic

172 3296 473 3359 respondisse
510 3294 567 3345 S.
592 3295 981 3359 Hieronymum
1004 3296 1061 3343 in
1094 3296 1339 3344 versione
1376 3308 1476 3344 sua
1514 3294 1886 3359 explicationis
1925 3297 2112 3360 gratia,
2141 3301 2196 3345 et
2217 3298 2627 3363 παραφραστικῶς

170 3386 237 3427 „et
268 3383 573 3433 credebatur
596 3397 716 3432 esse
744 3381 1015 3432 Christus“
1056 3381 1368 3431 reddidisse.
1417 3382 1633 3430 Interim
1663 3380 1991 3447 Sophronias
2017 3410 2084 3419 -—
2109 3384 2206 3433 sub
2235 3385 2385 3434 cuius
2411 3385 2626 3433 nomine

166 3466 303 3517 fertur
332 3484 524 3535 graeca
567 3468 693 3517 libri
730 3468 795 3517 de
832 3470 960 3517 viris
996 3468 1072 3517 ili.
1108 3467 1415 3529 translatiO,
1452 3484 1504 3517 v·
1538 3468 1589 3518 J.
1628 3468 1690 3517 A.
1729 3468 1961 3518 Fabricii
1999 3469 2139 3518 Bibl.
2179 3470 2307 3519 eccl.
2345 3487 2396 3535 p.
2439 3472 2518 3519 11.
2557 3498 2624 3507 —-

168 3552 313 3604 locum
344 3564 401 3605 ut
437 3560 521 3606 est
558 3554 705 3621 apud
742 3554 1052 3620 Josephum,
1093 3560 1147 3605 et
1170 3554 1436 3619 quomodo
1476 3571 1595 3603 eum
1622 3554 1780 3605 hodie
1806 3556 2028 3621 legimus
2059 3558 2305 3606 restituit.
2355 3557 2434 3606 Ib.
2463 3574 2514 3623 p.
2541 3560 2624 3609 69.

168 3642 199 3699 ³)
228 3642 283 3691 In
304 3660 479 3694 eorum
503 3658 745 3704 numer0,
785 3644 877 3708 qui
902 3642 1077 3692 locum
1102 3643 1325 3709 Josephi
1350 3646 1461 3695 suis
1487 3644 1754 3707 suffragiis
1788 3644 2202 3710 comprobarunt
2227 3644 2508 3709 ponendus
2543 3651 2625 3695 est

165 3728 297 3777 etiam
342 3730 615 3793 Rnffinus,
665 3730 755 3794 qui
789 3729 1015 3779 Eusebii
1050 3730 1342 3779 Historiam
1380 3732 1682 3796 interpretis
1718 3730 1966 3780 libertate
1991 3730 2118 3780 fecit
2153 3746 2322 3780 suam.
2373 3730 2520 3781 Idem
2559 3731 2624 3781 de

166 3830 198 3861 s.
214 3815 396 3866 Isidoro
423 3816 717 3879 Pelusiota„
755 3816 983 3869 Joannis
1008 3816 1151 3867 illius
1178 3816 1541 3882 Chrysostomi
1575 3817 1852 3881 discipnIO,
1881 3834 1963 3883 ep.
1989 3818 2080 3866 IV.
2111 3819 2246 3879 225„
2285 3817 2622 3867 Eudaemoni

164 3900 355 3953 diacono
382 3922 433 3970 p.
462 3906 644 3967 1319.;
680 3904 750 3953 Ι-Ι.
778 3904 1090 3967 Sozomeno,
1121 3904 1189 3953 H.
1216 3905 1280 3953 E.
1316 3904 1360 3968 I,
1390 3906 1436 3954 1.
1464 3906 1545 3954 ed.
1582 3905 1703 3954 Val.
1728 3904 1800 3965 11,
1828 3906 1972 3968 399.;
2013 3903 2194 3966 Snida,
2235 3920 2275 3953 s.
2303 3920 2352 3952 ν.
2391 3901 2626 3967 Ἰώσηπος

168 3987 234 4035 ed.
264 3989 581 4057 Bernhardy,
616 3991 659 4052 1,
700 3994 877 4055 1041.;
917 3990 1177 4053 Cedreno,
1213 3992 1353 4042 Hist.
1388 4008 1557 4057 comp.
1595 3992 1678 4041 ed.
1706 3992 1838 4041 Ven.
1865 4010 1916 4057 p.
1947 3993 2090 4056 156.;
2129 3991 2432 4056 Nicephoro
2471 3990 2622 4053 Call„

168 4074 290 4125 Ecel.
312 4079 443 4127 Hist.
470 4080 512 4140 1,
540 4080 627 4128 39.
655 4078 736 4128 ed.
768 4079 892 4127 Par.
917 4095 969 4144 p.
999 4081 1141 4142 124.;
1179 4079 1393 4129 Joanne
1428 4079 1762 4129 Antiocheno
1800 4077 2016 4139 Malaia,
2058 4077 2349 4142 Chronogr.
2388 4077 2422 4126 l.
2447 4078 2513 4126 X.
2541 4078 2622 4127 ed.
2673 4102 2684 4113 ·

168 4160 323 4213 venet.
348 4182 396 4230 p.
425 4168 541 4216 104.
578 4165 837 4215 iudicium
875 4170 1007 4215 esto.
1055 4166 1219 4215 Hisce
1246 4167 1491 4215 omnibus
1531 4166 1760 4215 addendi
1797 4166 1971 4215 forent
2005 4166 2268 4215 innumeri
2297 4164 2390 4213 alii
2414 4164 2622 4213 mediae

164 4252 203 4295 et
236 4250 429 4302 infimae
466 4254 665 4303 aetatis
690 4254 994 4318 scriptores,
1034 4268 1168 4317 quos
1200 4268 1391 4318 magno
1420 4268 1638 4302 numero
1665 4254 1867 4318 profert
1901 4252 1952 4301 J.
1980 4252 2040 4302 A.
2069 4253 2279 4312 Rosius,
2319 4253 2532 4301 exercit.
2569 4252 2625 4300 in

166 4336 365 4395 perioch.
400 4340 575 4389 Flavii
600 4339 654 4389 J.
682 4338 747 4395 de
773 4338 825 4388 J.
854 4339 912 4387 C.
939 4339 1128 4389 Jenae.
1159 4341 1308 4389 1673.
1334 4357 1385 4404 p.
1408 4342 1490 4389 67.
1511 4355 1551 4388 s.
1592 4338 1698 4388 Sed
1723 4339 1984 4389 obiiciunt
2007 4340 2163 4389 nobis
2189 4339 2458 4389 silentium
2481 4339 2540 4388 P.
2563 4339 2623 4388 P.

163 4429 205 4467 et
236 4422 281 4471 S.
306 4425 365 4474 E.
401 4432 523 4476 ante
547 4426 872 4476 Eusebium:
912 4440 951 4474 s.
981 4425 1198 4487 Just-ini,
1237 4425 1554 4491 Theophyli‚
1594 4426 1882 4476 Clementis
1919 4426 1998 4487 A„
2037 4425 2374 4487 Tertulliani,
2413 4425 2626 4475 Minutii

162 4505 227 4565 F..
260 4513 429 4574 quiin
464 4514 575 4563 suis
614 4512 1111 4563 concertationibus
1158 4512 1416 4563 adversus
1463 4512 1704 4562 Judaeos
1751 4511 1884 4561 illud
1933 4514 2290 4561 testimonium
2338 4528 2627 4577 numquam

161 4596 471 4655 protulerunt.
530 4600 799 4651 Insistunt
844 4613 909 4647 ex
947 4597 1137 4648 Photio
1162 4626 1229 4634 -
1256 4600 1333 4649 sic
1371 4598 1617 4660 Gerlach,
1657 4616 1708 4664 p.
1746 4601 1860 4648 107.
1897 4614 1958 4658 s.‚
1991 4626 2053 4635 -
2085 4600 2175 4663 qni
2213 4598 2466 4648 Biblioth.
2507 4598 2623 4647 cod.

161 4680 257 4731 238.
294 4700 340 4748 p.
367 4688 508 4737 1179.
536 4702 577 4736 s.
617 4686 753 4735 nihil
793 4684 859 4733 de
898 4685 1002 4733 isto
1040 4685 1237 4735 celebri
1275 4685 1575 4735 testimonio
1616 4686 1768 4749 dicit3
1809 4686 1913 4734 imo
1951 4684 2068 4733 cod.
2105 4686 2188 4734 48.
2227 4702 2278 4749 p.
2309 4686 2393 4733 86.
2431 4684 2624 4733 librum
