3267 5259
997 466 1219 509 Historiae
1244 470 1287 508 s,
1306 467 1491 509 sonnis
1516 468 1760 520 saptiam.
2555 458 2638 522 27

190 638 525 703 conciliabat
564 641 990 705 iurisiurandi
1032 641 1279 726 relig-ie.
1370 642 1474 705 Ita
1534 644 1752 707 animo
1809 642 2056 707 dudum
2112 637 2409 707 assuetus
2455 646 2640 729 sequi

190 752 393 835 peiora3
446 754 659 817 eiecto
718 754 989 818 rationis
1050 755 1309 837 fraeno,
1365 736 1658 840 permisit
1717 777 1788 818 se
1848 753 2242 841 raptandum
2301 757 2639 821 concitatis

190 862 495 927 affectibus.
564 863 777 929 Missa
840 867 1037 950 igitur
1080 865 1385 931 ulteriore
1456 864 1922 931 deliberatione
1992 869 2208 931 statim
2275 868 2640 954 Baptistam

193 974 447 1040 decollari
494 976 697 1041 iubet.
761 976 1127 1064 Ablegatus
1156 981 1225 1043 in
1256 1002 1591 1045 carcerem
1624 980 1996 1065 spiculator,
2033 981 2290 1045 cervice
2323 982 2638 1067 praecisa,

192 1090 345 1153 ferale
384 1091 658 1175 piissimi
704 1093 1053 1177 praeconis
1099 1092 1421 1157 ferculum
1479 1115 1747 1157 mensae
1807 1095 2147 1179 apposuit,
2203 1094 2642 1177 gratissimum

194 1200 427 1267 ffiu'osae
470 1202 835 1269 Herodiadi
881 1228 1116 1270 munus
1141 1209 1178 1269 ¹.
1253 1205 1359 1270 De
1404 1207 1696 1291 magistri
1740 1214 1948 1270 morte
1997 1206 2308 1270 certiores
2354 1204 2529 1287 facti,
2570 1215 2642 1270 ut

194 1313 285 1378 alio
330 1314 611 1381 cadaver
665 1326 1107 1403 asportarent,
1156 1316 1455 1404 discipuli
1517 1341 1924 1402 convenere3
1983 1341 2110 1404 quo
2167 1341 2326 1383 vero
2381 1320 2446 1383 in
2493 1318 2638 1384 loco

194 1426 624 1511 tumulaverint,
672 1452 805 1493 non
851 1432 1144 1495 meminit
1187 1430 1622 1515 Evangelium
1645 1430 1691 1495 ².

351 1622 599 1687 Diqoesn'o
634 1624 1013 1676 controvertitur
1036 1624 1159 1693 quid
1193 1642 1373 1677 causae
1406 1625 1587 1691 suerit,
1626 1624 1760 1693 quod
1777 1626 2000 1679 Ioannes
2033 1626 2094 1677 B.
2127 1623 2315 1677 Christi
2349 1624 2643 1695 disciplinae

196 1712 311 1759 totum
338 1726 383 1760 se
423 1709 639 1768 tradere,
686 1710 1154 1779 communicatisque
1196 1729 1310 1763 cum
1353 1729 1407 1763 eo
1444 1711 1631 1763 uivilms
1675 1729 1884 1780 reynum
1926 1711 2024 1764 Dei
2057 1728 2344 1780 propuqare
2385 1712 2636 1765 nolucrit?

196 1792 247 1841 Ut
288 1797 457 1858 paucis
510 1795 935 1861 complectamur
988 1798 1063 1846 rei
1114 1811 1399 1847 summam:
1437 1799 1483 1847 si
1520 1797 1751 1847 Joannis
1803 1798 2080 1862 Baptistae
2132 1796 2391 1859 indolem,
2438 1814 2642 1849 morum

194 1883 533 1943 austeritatem,
563 1884 711 1931 vitae
743 1898 914 1948 genus
956 1888 1117 1949 atque
1155 1885 1440 1934 conciones
1478 1888 1730 1934 accurate
1769 1884 2307 1948 consideraverimus3
2345 1900 2456 1934 non
2491 1900 2640 1935 vere-

194 1982 283 2016 mur
308 1970 529 2034 iniquius
566 1968 635 2019 de
682 1968 787 2019 hoc
834 1970 949 2019 viro
996 1973 1207 2036 egregio
1255 1971 1549 2034 iudicasse,
1588 1973 1635 2021 si
1685 1986 1806 2021 eum
1853 1971 2084 2021 medium
2134 1970 2310 2021 locum
2356 1971 2642 2021 dixerimus

194 2070 453 2119 occupasse,
476 2056 717 2121 Legem
740 2057 883 2106 inter
900 2062 952 2106 et
974 2057 1424 2123 Evangelium,
1451 2060 1543 2124 qui
1569 2059 2190 2124 „praeparatorius“
2219 2074 2328 2108 non
2351 2059 2642 2123 incongrue

193 2143 333 2190 vocari
367 2148 569 2207 potest,
608 2158 733 2193 cum
774 2142 1005 2193 Joannis
1032 2146 1183 2194 iuxta
1218 2145 1509 2195 Zachariae
1546 2144 1822 2195 oraculum
1857 2144 1989 2194 Luc.
2018 2146 2065 2206 1,
2096 2146 2176 2195 76.
2218 2145 2488 2211 „praeibis
2517 2148 2642 2195 ante

194 2227 345 2277 faciem
376 2230 589 2279 Domini
624 2245 817 2296 parare
854 2232 970 2281 vias
1007 2233 1157 2281 eius“
1192 2232 1543 2282 ministerium
1585 2237 1757 2281 totum
1795 2236 2054 2297 quantum
2098 2232 2383 2297 Evangelii
2429 2231 2638 2297 praelu-

194 2312 305 2364 dium
338 2317 499 2366 fuerit.
534 2316 781 2367 Joannes
818 2322 1044 2367 testatur
1092 2318 1157 2367 de
1205 2318 1340 2368 Jesu
1388 2318 1627 2381 christu,
1677 2324 1730 2368 et
1774 2318 2076 2368 testimonio
2123 2333 2220 2367 suo
2271 2318 2342 2367 ad
2386 2318 2642 2384 populum

196 2402 455 2463 perfunctus
502 2404 747 2454 traditur.
808 2405 977 2465 Quasi
1020 2420 1117 2470 per
1160 2410 1466 2455 transenam
1513 2404 1894 2455 Oeconomiam
1944 2405 2094 2470 regni
2141 2404 2336 2454 Christi
2381 2404 2640 2470 adspexit,

195 2487 335 2538 sedin
356 2492 462 2541 eius
489 2490 662 2540 veluti
699 2490 882 2541 limine
919 2490 1169 2542 substitit.
1224 2492 1346 2541 Hoc
1376 2496 1520 2542 certe
1549 2492 1687 2541 vidit
1715 2492 2093 2554 Tertullianus,
2127 2491 2384 2541 adversus
2414 2490 2641 2540 Marcio·

198 2590 305 2636 nem,
348 2576 433 2626 IV.
458 2580 541 2627 11.
574 2594 629 2643 p.
658 2579 775 2627 165.
801 2592 843 2627 s.
879 2582 933 2628 et
966 2580 1135 2644 magis
1174 2578 1401 2629 disertus
1438 2579 1489 2628 d.
1524 2578 1818 2645 Gregorius
1855 2580 2256 2639 Nazianzenus,
2296 2593 2369 2627 or.
2403 2578 2549 2628 XXI.
2586 2578 2642 2627 in

196 2658 309 2711 laud.
328 2680 363 2713 s.
384 2664 571 2714 Athan.
597 2680 649 2714 n.
677 2667 727 2714 3.
752 2682 805 2730 p.
831 2666 949 2715 387.
976 2666 1069 2731 qui
1100 2666 1165 2715 de
1183 2665 1397 2715 Joanne
1438 2667 1515 2716 sic
1543 2665 1804 2731 loquitur:
1843 2658 1959 2727 ,,τὸν
1995 2658 2088 2732 πρὸ
2123 2664 2208 2713 τοῦ
2241 2658 2402 2731 φωτὸς
2437 2661 2642 2733 λύχνον,

198 2744 263 2809 τὴν
292 2746 367 2817 πρὸ
392 2753 475 2800 τοῦ
498 2751 663 2820 Λογοῦ
699 2747 886 2818 φωνὴν,
921 2746 1003 2802 τὸν
1037 2746 1131 2819 πρὸ
1165 2753 1252 2802 τοῦ
1290 2748 1505 2802 Μεσίτου
1544 2748 1759 2821 μεσίτην,
1799 2748 1998 2820 μεσίτην
2033 2748 2251 2809 Παλαιᾶς
2287 2747 2524 2815 Διαθήκης
2561 2747 2642 2799 καὶ

198 2830 306 2893 Χὲας.
335 2834 546 2902 Ἰωάννην
581 2832 666 2887 τὸν
700 2834 880 2887 πάνυ.“
918 2837 999 2887 cf.
1027 2842 1081 2889 et
1104 2856 1145 2889 s.
1170 2840 1542 2905 Augustinum,
1570 2838 1654 2888 de.
1679 2839 1824 2904 bapt.
1851 2839 1916 2900 V,
1943 2841 1990 2888 9.
2015 2854 2066 2888 v.
2091 2838 2186 2900 IX,
2214 2838 2331 2887 146.
2367 2838 2487 2887 Hoc
2513 2852 2642 2887 sane

200 2920 381 2973 innuunt
396 2926 553 2975 etiam
569 2925 739 2975 verba
757 2923 1053 2975 Salvatoris
1072 2925 1216 2991 apud
1235 2925 1579 2976 Matthaeum.
1602 2926 1759 2988 „Non
1785 2926 2014 2975 surrexit
2031 2926 2168 2974 inter
2191 2929 2344 2975 natos
2363 2925 2641 2974 mulierum

200 3010 331 3059 maior
358 3011 559 3061 Joanne
581 3011 856 3077 Baptista3
896 3014 987 3077 qui
1024 3016 1203 3061 autem
1238 3014 1411 3062 minor
1448 3017 1529 3062 est
1562 3014 1619 3061 in
1656 3028 1818 3077 regno
1858 3012 2142 3073 coelorum,
2175 3012 2344 3061 maior
2380 3016 2462 3061 est
2495 3012 2640 3060 i110.“

204 3094 353 3152 11,11.
394 3098 631 3149 Joannes
657 3099 731 3148 ib.
758 3114 809 3147 V.
838 3098 920 3147 13.
960 3114 992 3147 a
1030 3098 1241 3149 Christo
1278 3114 1386 3147 non
1422 3100 1561 3148 inter
1594 3100 1752 3161 Novi,
1780 3098 1876 3148 sed
1911 3100 2050 3148 inter
2073 3098 2282 3148 Veteris
2317 3098 2644 3148 Testamenti

206 3178 447 3246 Prophetas
474 3184 813 3250 Sanctosque
848 3189 1180 3245 numeratur,
1206 3185 1289 3235 his
1316 3186 1455 3234 enim
1482 3186 1776 3247 confertur,
1802 3185 1908 3235 illis
1941 3186 2241 3249 opponitur.
2289 3184 2360 3233 At
2383 3182 2643 3245 Christus,

204 3267 291 3315 eius
332 3277 508 3331 mater,
564 3287 861 3337 omnesque
920 3272 1163 3337 Apostoli
1219 3271 1287 3321 ad
1348 3272 1557 3321 Novum
1618 3274 1886 3337 pertinent
1943 3271 2358 3320 Testamentum.
2432 3268 2537 3319 Sed
2593 3274 2647 3319 et

204 3354 398 3407 minimus
431 3358 657 3424 quisque
679 3360 737 3407 in
768 3358 1083 3422 EvangeliO,
1110 3359 1144 3407 i.
1172 3374 1215 3407 e.
1252 3373 1433 3407 eorum
1465 3360 1557 3423 qui
1589 3357 1943 3423 Evangelium
1979 3362 2312 3422 receperunt,
2350 3358 2520 3406 maior
2558 3362 2644 3406 est

204 3438 367 3491 Joanne
398 3444 651 3510 Baptista.
714 3444 901 3509 Usque
940 3444 1009 3493 ad
1044 3444 1309 3493 Joarmem
1344 3444 1458 3494 Lex
1494 3445 1727 3509 vigebat,
1767 3458 1906 3509 quae
1943 3444 2071 3493 solis
2107 3442 2331 3492 Judaeis
2375 3442 2504 3492 data
2543 3447 2643 3505 est,

208 3600 517 3665 castigationis
562 3601 841 3666 infligebat
887 3602 1045 3664 iram3
1100 3601 1396 3651 accedebat
1440 3616 1615 3662 amor,
1655 3602 1756 3650 hoc
1799 3590 2050 3650 fervidior
2087 3600 2230 3665 quod
2267 3603 2480 3651 vetitus.
2543 3600 2644 3650 Illa

209 3680 256 3730 de
274 3686 455 3737 inimico
488 3687 695 3749 ulcisci,
733 3686 821 3736 hic
856 3690 1009 3737 uxori
1046 3704 1243 3737 morem
1281 3704 1464 3753 gerere
1501 3688 1815 3753 imperabat.

372 3772 404 3839 ¹)
438 3774 786 3840 Nicephorus,
820 3774 1137 3825 Ecclesiast.
1174 3774 1444 3824 Historiae
1481 3774 1531 3835 1,
1560 3776 1644 3824 20.
1669 3790 1721 3839 p.
1748 3776 1832 3823 60.
1877 3779 2059 3823 narrat
2104 3774 2170 3826 de
2220 3773 2458 3837 Salome,
2499 3774 2642 3840 quod

210 3868 329 3920 super
356 3860 569 3924 glaciem
606 3861 911 3922 decurrens,
952 3876 1018 3911 ea
1054 3860 1154 3910 sub
1192 3862 1307 3910 eius
1342 3860 1569 3926 pedibus
1608 3860 1932 3921 subsidente,
1971 3861 2148 3925 capite
2183 3864 2340 3911 tenus
2385 3860 2642 3921 demersa,

210 3956 297 3992 mox
317 3946 365 3994 in
390 3964 444 3997 se
466 3946 741 4009 redeunte,
768 3948 1009 3997 abscisso
1042 3948 1218 4013 capite
1244 3946 1571 3997 occubuerit.
1599 3946 1720 4008 „At,
1746 3950 1806 3995 ut
1830 3948 1962 3997 scite
1999 3946 2252 3996 observat
2276 3945 2335 3996 C.
2361 3946 2641 4005 Bar-onius,

210 4032 410 4090 quoniam
470 4034 774 4084 huiusmodi
820 4034 1073 4083 historIae
1118 4033 1263 4083 haud
1308 4038 1562 4083 constans
1614 4033 1843 4083 habetur
1888 4034 2112 4096 veritas,
2161 4038 2273 4083 esto
2323 4032 2452 4081 fides
2501 4031 2644 4097 apud

210 4122 475 4169 auctorem*
494 4122 684 4172 Annal.
712 4120 841 4170 eccl.
862 4125 898 4169 t.
920 4137 971 4185 p.
991 4120 1242 4182 XXXIII,
1263 4121 1311 4169 6.
1330 4137 1381 4185 p.
1406 4121 1523 4169 103.
1550 4117 1589 4185 ²)
1608 4118 1795 4169 Matth.
1819 4122 1900 4181 14,
1931 4123 1978 4169 3.
2005 4134 2046 4168 s.
2067 4120 2230 4168 Mare.
2258 4122 2306 4181 6,
2335 4120 2416 4168 17.
2441 4132 2484 4166 s.
2509 4118 2642 4167 Luc.

211 4200 247 4257 3,
276 4204 341 4254 19.
372 4223 409 4255 s.
452 4208 642 4258 Joann.
680 4210 739 4269 6,
780 4209 865 4257 33.
902 4222 944 4255 s.
1004 4208 1479 4256 Praetermittimus
1526 4205 1613 4255 hic
1661 4206 2026 4270 Reliquiarum
2073 4206 2238 4255 divini
2274 4206 2642 4253 Praecursoris

212 4284 489 4343 inventiones
510 4302 563 4344 et
586 4294 993 4355 translationes,
1026 4308 1135 4343 non
1168 4294 1307 4343 enim
1338 4294 1551 4358 proprie
1582 4292 1652 4341 ad
1682 4293 1972 4341 Historiam
2000 4292 2062 4341 R.
2086 4292 2155 4340 D.
2183 4292 2246 4340 N.
2271 4292 2335 4340 T.
2361 4293 2642 4355 pertinent,

214 4386 301 4423 mm
336 4378 397 4427 ad
436 4388 675 4447 tempora
716 4381 878 4445 long-e
926 4395 1061 4430 aevo
1110 4379 1407 4445 apostolico
1454 4380 1752 4444 posteriora
1796 4378 2107 4427 referantur.
2169 4377 2398 4442 Egregie
2435 4378 2544 4443 egit
2577 4377 2644 4427 de

212 4456 320 4511 hince
342 4464 392 4515 C.
415 4466 483 4517 du
504 4468 708 4519 Fresne
732 4468 891 4517 Dom.
906 4442 991 4515 ‘du
1017 4467 1217 4531 Gange,
1243 4468 1326 4516 vir
1348 4464 1801 4531 incomparabilis,
1822 4466 1878 4513 in
1898 4465 2304 4529 operosissimae
2335 4463 2642 4529 diligentiae

210 4552 391 4602 traetatu
414 4553 687 4605 historico:
714 4554 789 4603 du
816 4553 957 4603 Chef
978 4553 1043 4602 de
1070 4552 1225 4602 Saint
1247 4552 1388 4603 Jean
1410 4552 1473 4601 B.
1498 4551 1618 4601 Par.
1649 4553 1799 4601 1615.
1843 4550 2146 4613 Tillemont,
2175 4550 2332 4600 Mem.
2359 4557 2468 4601 not.
2496 4552 2574 4599 16.
2601 4564 2644 4600 s.

210 4630 239 4692 ¹²
256 4637 353 4686 «194.
374 4640 434 4689 D.
457 4640 875 4708 Papebrochius,
900 4640 1017 4689 Act.
1044 4638 1225 4689 Sanct.
1250 4638 1403 4700 Bou„
1430 4638 1499 4687 ad
1526 4638 1575 4687 d.
1603 4640 1686 4687 24.
1713 4637 1845 4687 Julii
1871 4653 1915 4686 c.
1943 4638 1990 4685 3.
2017 4653 2067 4702 p.
2097 4638 2212 4685 711.
