3267 5259
640 437 764 501 110
1302 450 1419 492 nint.
1448 450 1553 492 nov.
1584 450 1670 493 cuv.
1701 450 1754 492 u.
1783 452 1834 492 r.
1863 450 2033 493 renos.
2063 451 2094 493 1.
2117 462 2208 503 esp.
2239 452 2442 493 summm.

632 644 727 678 esse
750 626 1033 679 admissum.
1083 625 1415 677 Traditorem
1443 632 1569 677 ante
1595 628 1752 694 panis
1777 634 1832 677 et
1855 628 1964 677 vini
1989 628 2448 679 consecrationem
2485 629 2787 689 secessisse,
2829 629 3002 677 sumit
3038 628 3128 677 iam

634 730 678 763 s.
716 712 971 775 Hilarius,
1022 728 1208 763 comm.
1251 714 1307 763 in
1344 729 1385 763 s.
1412 713 1740 764 Matthaeum
1786 716 1948 775 „Post
1991 728 2130 779 quae
2165 714 2338 764 Judas
2391 715 2633 780 proditor
2683 715 2982 777 iudicatur,
3029 718 3132 763 sine

634 815 739 865 quo
780 799 981 865 pascha
1026 805 1247 865 accepto
1288 800 1455 849 calice
1500 805 1551 849 ei
1598 802 1766 850 fracto
1813 816 1952 867 pane
1999 800 2301 851 conticitum
2349 801 2539 866 dignus
2589 804 2726 851 enim
2788 807 3130 851 aeter-norum

632 891 1085 935 sacramentorum
1146 888 1516 936 communione
1576 903 1684 937 non
1745 888 1894 937 suit.“
1968 887 2060 949 IV,
2114 890 2228 937 199.
2301 888 2538 953 Scriptor
2599 904 2820 953 operum
2881 888 3128 952 Dionysii

628 972 983 1037 Areopagitae
1009 988 1038 1021 e
1064 972 1280 1022 saeculo
1318 974 1382 1021 V.
1404 1000 1469 1009 -—
1490 973 1557 1023 cf.
1584 973 1803 1023 Baronii
1828 973 1964 1023 Anu.
1993 974 2076 1023 ad.
2105 988 2152 1024 a.
2179 975 2295 1023 532.
2323 977 2371 1035 §-
2398 975 2482 1023 39.
2509 972 2592 1023 ed.
2633 974 2768 1024 Luc.
2793 974 2896 1036 IX,
2923 976 3056 1023 450.
3077 1002 3126 1009 -·

631 1059 697 1109 de
731 1060 879 1109 Eccl.
914 1060 1234 1110 Hieran-chia
1268 1076 1314 1111 c.
1350 1063 1398 1111 3.
1434 1063 1483 1122 §-
1522 1064 1568 1111 1.
1604 1061 1685 1111 ed.
1735 1062 1796 1111 B.
1825 1060 2082 1111 Corderii.
2125 1062 2284 1111 Antx'.
2315 1062 2464 1111 1634.
2499 1061 2543 1123 I,
2571 1062 2688 1111 285.
2737 1061 3054 1127 Rupertus,
3087 1063 3128 1108 in

629 1146 816 1196 Matth.
852 1163 897 1197 c.
932 1149 1017 1197 26.
1052 1164 1103 1212 p.
1142 1150 1258 1197 100.
1308 1148 1368 1197 A.
1397 1146 1699 1210 Salmeron‚
1727 1148 1927 1197 Comm.
1953 1149 2008 1197 in
2033 1149 2133 1196 Ev.
2171 1148 2310 1197 Hist.
2345 1148 2439 1209 IX,
2468 1150 2550 1197 69.
2577 1164 2688 1213 seq.
2733 1146 2786 1197 S.
2814 1147 3128 1200 Bari-adius.

631 1232 829 1283 Comm.
862 1234 895 1282 i.
934 1250 982 1298 q.
1018 1234 1117 1285 Ev.
1154 1232 1253 1295 111,
1293 1237 1339 1283 1.
1374 1250 1423 1299 p.
1462 1235 1543 1283 71.
1582 1234 1820 1284 eiusdem
1857 1240 1982 1284 sunt
2017 1235 2330 1283 sententiae.
2393 1232 2642 1283 Omnium
2680 1238 2868 1283 autem
2911 1234 3126 1283 istorum

629 1321 923 1385 praecipua
965 1320 1101 1370 ratio
1140 1320 1209 1369 ad
1246 1319 1347 1369 hoc
1382 1319 1716 1385 perducitur,
1755 1322 1882 1385 quia
1925 1320 2166 1385 proditor
2210 1320 2459 1384 indignus
2503 1325 2618 1370 erat
2662 1325 2814 1369 tanto
2855 1322 3125 1384 mysterio,

630 1420 694 1455 ac
729 1406 954 1472 proinde
992 1408 1059 1455 ab
1086 1406 1186 1457 hoc
1219 1406 1564 1457 Sacramento
1594 1406 1958 1457 excludendus
1983 1407 2100 1457 fuit.
2151 1406 2413 1473 Opposita
2437 1409 2704 1457 sententia
2729 1413 2812 1457 est
2835 1409 3045 1469 verior,
3069 1422 3120 1455 ae

632 1498 929 1542 ceterorum
966 1492 1018 1543 S.
1047 1492 1100 1543 S.
1126 1494 1185 1543 P.
1213 1494 1271 1543 P.
1300 1499 1353 1543 et
1376 1494 1724 1559 interpretum
1761 1494 2070 1543 communis.
2123 1493 2322 1543 Judam
2355 1494 2666 1543 Iscariotem
2695 1508 2892 1543 sacrae
2919 1494 3127 1542 Eucha-

628 1580 813 1629 ristiae
850 1581 1133 1628 convivam
1169 1578 1351 1641 fuisse,
1384 1580 1565 1629 multis
1602 1582 1928 1645 argumentis
1967 1580 2110 1629 edita
2146 1579 2246 1629 hac
2285 1579 2350 1629 de
2387 1596 2443 1629 re
2481 1580 2845 1645 disputatione
2887 1580 3129 1645 probavit

626 1665 697 1715 M.
737 1665 994 1727 Plesken,
1032 1666 1256 1715 Bremae
1296 1668 1446 1716 1716.
1481 1684 1533 1732 p.
1572 1670 1653 1716 11.
1685 1683 1726 1717 s.
1775 1668 1850 1715 Et
1885 1681 2014 1717 sane
2057 1682 2121 1715 ex
2157 1666 2575 1732 Evangeliorum
2611 1668 2930 1715 narratione
2971 1668 3129 1715 mani-
3206 1704 3208 1709 .

629 1752 967 1801 festissimum
996 1758 1090 1814 est,
1118 1767 1225 1801 non
1252 1752 1423 1802 solum
1448 1754 1573 1817 agni
1605 1752 1874 1817 paschalis
1899 1752 2312 1813 manducationi‚
2345 1752 2542 1818 pedum
2577 1752 2766 1803 lotioni
2790 1758 2858 1802 ut
2883 1753 3128 1807 vidimus,
3206 1782 3208 1793 ·

628 1839 721 1889 sed
769 1841 925 1889 etiam
972 1838 1347 1889 Eucharistiae
1394 1840 1716 1889 institutioni
1763 1838 2080 1889 interfuisse.
2153 1840 2416 1889 Probatur
2465 1840 2598 1889 haec
2657 1840 2936 1889 sententia
2989 1856 3036 1887 a
3075 1856 3130 1887 cx

626 1925 812 1975 Matth.
839 1928 922 1987 26,
949 1928 1032 1976 20.
1070 1926 1163 1975 ubi
1188 1924 1413 1991 loquens
1440 1925 1506 1975 de
1532 1940 1703 1975 coena
1735 1926 1858 1990 agni
1893 1924 2160 1990 paschalis
2179 1926 2530 1990 Evangelista
2555 1926 2632 1973 ait
2657 1940 2922 1989 „vespere
2953 1932 3128 1974 autem

626 2012 769 2061 facto
795 2012 1165 2062 discumbebat
1190 2028 1311 2061 cum
1336 2012 1615 2061 duodecim
1649 2011 1924 2078 discipulis
1961 2014 2132 2075 suis“;
2159 2017 2212 2061 et
2236 2028 2286 2061 V.
2315 2014 2396 2061 26.
2427 2012 2813 2073 „coenantibus
2841 2018 3034 2062 autem
3061 2014 3126 2060 eis

627 2100 835 2163 accepit
870 2100 1029 2149 Jesus
1066 2102 1289 2165 panem“
1329 2114 1519 2165 nempe
1568 2098 1864 2161 duodecim,
1911 2100 1990 2147 uti
2027 2098 2158 2147 nulli
2196 2098 2416 2147 dubium
2462 2103 2559 2149 est.
2595 2098 2720 2148 Jam
2767 2114 2902 2147 vero
2967 2102 3130 2149 series
3206 2096 3208 2127 Ξ

626 2190 819 2248 textus,
857 2192 911 2236 et
946 2185 1085 2235 idem
1121 2186 1374 2251 loquendi
1412 2184 1616 2248 modus,
1657 2185 1900 2235 eumdem
1947 2202 2162 2235 sensum
2207 2200 2270 2235 ac
2309 2187 2800 2251 interpretationem
2849 2186 3129 2251 importat,

627 2278 681 2323 et
726 2274 867 2322 sicut
912 2289 1031 2323 cum
1077 2273 1143 2322 de
1188 2272 1445 2323 traditore
1492 2278 1573 2322 est
1608 2288 1780 2323 sermo
1818 2289 1867 2321 v·
1894 2274 1976 2321 21.
2027 2278 2114 2332 „et
2159 2272 2440 2322 edentibus
2477 2272 2584 2323 illis
2631 2272 2790 2321 dlxiv*
2845 2272 3132 2322 duodecim
3206 2284 3208 2287 ·

626 2360 1024 2425 intelliguntur,
1060 2362 1135 2409 ita
1172 2361 1332 2409 etiam
1373 2360 1756 2419 „coenantibus
1795 2361 1923 2420 eis“,
1963 2375 2080 2408 cum
2117 2360 2186 2409 sit
2221 2360 2276 2407 in
2313 2359 2499 2409 eodem
2538 2364 2815 2421 contextu,
2859 2364 2916 2407 et
2953 2361 3134 2408 omnia

626 2446 925 2496 immediate
950 2446 1266 2495 scribantur.
1317 2445 1672 2495 Confirmatur
1707 2445 1846 2495 idem
1871 2460 1936 2495 ex
1972 2462 2011 2496 s.
2038 2446 2208 2495 Marci
2235 2448 2315 2508 14,
2343 2448 2422 2495 23.
2458 2447 2550 2511 qui
2575 2446 2800 2511 loquens
2845 2445 2916 2495 de
2959 2446 3132 2495 calice

625 2533 999 2583 Eucharistiae
1036 2534 1165 2583 dicit
1191 2538 1277 2594 „ct
1312 2533 1561 2583 biberunt
1598 2548 1664 2582 ex
1699 2532 1792 2581 illo
1831 2537 2063 2583 omnes.“
2125 2533 2382 2582 Nimirum
2418 2532 2700 2582 duodecim
2735 2532 3014 2598 Apostoli,
3041 2534 3132 2597 qui
3206 2548 3208 2601 Ξ

628 2635 747 2669 cum
786 2620 996 2670 Christo
1034 2620 1103 2670 ad
1140 2635 1362 2669 coenam
1398 2624 1673 2681 venerant,
1711 2625 1772 2669 ut
1795 2620 1910 2685 ipse
1935 2619 2150 2669 Marcus
2180 2622 2259 2681 14,
2289 2622 2370 2669 17.
2397 2619 2592 2669 diserte
2625 2620 2836 2669 scribit:
2865 2635 3131 2685 „vespere
3206 2612 3208 2615 ’

626 2712 805 2756 autem
840 2708 981 2756 facto
1031 2708 1177 2756 venit
1213 2723 1331 2755 cum
1370 2706 1700 2756 duodecim.“
1776 2705 1925 2755 Idem
1961 2706 2220 2771 probatur
2273 2704 2315 2771 β.
2357 2707 2506 2769 inde,
2557 2708 2686 2772 quia
2725 2707 2861 2755 Luc.
2901 2708 3005 2767 22,
3049 2708 3130 2755 21.

626 2798 821 2856 narrat,
876 2793 1018 2859 quod
1056 2793 1297 2845 Christus
1352 2797 1664 2842 consecrato
1715 2792 2088 2843 Eucharistiae
2149 2794 2318 2843 calice
2372 2793 2676 2843 immediate
2725 2793 3130 2843 subiunxisset:
3206 2800 3208 2837 ;

628 2880 1036 2939 „Verumtamen
1086 2895 1210 2929 ecce
1266 2894 1453 2929 manus
1508 2878 1768 2929 tradentis
1805 2894 1887 2928 me
1923 2894 2132 2929 mecum
2169 2884 2250 2928 est
2295 2881 2352 2928 in
2387 2884 2620 2929 mensa.“
2681 2880 2788 2930 Ubi
2824 2879 2964 2928 illud
3005 2876 3132 2941 πλὴν
3206 2916 3208 2921 .

626 2992 691 3001 ——
718 2966 983 3031 particula
1009 2967 1390 3027 continuativa,
1428 2970 1678 3027 ceterum,
1718 2981 1902 3030 pori-03
1940 2966 2060 3015 aliis
2103 2965 2460 3027 adversativa,
2498 2966 2610 3029 sed,
2647 2972 2828 3015 tamen
2852 2994 2920 3001 —
2951 2967 3132 3031 arguit
3206 2984 3208 3039 ξ

624 3052 793 3101 verba
828 3052 921 3101 illa
958 3058 1078 3118 post
1112 3053 1489 3103 Eucharistiae
1524 3054 1910 3101 institutionem
1948 3068 2065 3102 esse
2103 3052 2314 3117 prolata
2351 3052 2452 3101 hoc
2488 3068 2675 3103 seusu:
2719 3053 2922 3101 Verum
2963 3054 3132 3102 enim·

625 3156 754 3188 vero
812 3139 1052 3203 quamvis
1110 3140 1383 3204 proprium
1437 3154 1610 3187 mcum
1667 3154 1860 3203 corpus
1925 3142 1978 3187 ct
2032 3140 2302 3203 proprium
2357 3154 2533 3188 meum
2593 3140 2912 3203 sanguinem
2973 3140 3132 3187 vobis
3206 3160 3208 3163 ·

626 3226 1009 3288 distribuerim,
1052 3230 1230 3275 tamen
1268 3240 1393 3275 ecce
1430 3240 1618 3275 manus
1663 3224 1946 3290 proditoris
1993 3226 2096 3274 mei
2139 3240 2348 3275 mecum
2390 3230 2471 3275 est
2510 3226 2567 3275 in
2613 3240 2814 3275 mensa.
2877 3225 3132 3275 Joannes

623 3328 751 3363 vero
805 3328 913 3363 non
967 3312 1237 3378 dIscrepat
1292 3313 1359 3361 ab
1416 3312 1600 3361 ordine
1649 3311 1860 3372 Lucae,
1925 3313 2014 3377 qui
2069 3318 2310 3377 apertam
2364 3312 2624 3361 dictorum
2677 3314 3128 3377 consequentiam

622 3405 789 3450 notat.
849 3400 1029 3449 Lucas
1066 3400 1311 3464 promissi
1348 3399 1431 3448 sui
1468 3412 1668 3447 memor
1708 3401 1752 3459 1,
1781 3400 1829 3448 3.
1858 3413 1977 3447 cum
2013 3403 2137 3464 post
2169 3398 2498 3449 Matthaeum
2537 3403 2590 3447 et
2615 3398 2860 3447 Marcum
2891 3400 3128 3463 scripse-

623 3488 703 3549 rit,
733 3492 814 3537 est
846 3488 1013 3551 magis
1050 3491 1267 3536 exactus
1304 3485 1503 3535 ordinis
1536 3484 1900 3549 chronologici
1933 3485 2259 3534 observator.
2309 3484 2360 3533 S.
2387 3484 2692 3535 Matthaeus
2729 3492 2784 3533 et
2821 3486 2876 3533 S.
2899 3484 3132 3533 Marcus

622 3589 719 3624 suo
742 3573 993 3623 narrandi
1012 3573 1167 3622 modo
1188 3572 1392 3622 nullum
1413 3572 1662 3637 temporis
1684 3571 1919 3620 ordinem
1939 3570 2254 3635 significant,
2277 3570 2462 3620 dicunt
2481 3572 2618 3620 enim
2639 3572 2693 3619 in
2711 3586 2910 3635 genere
2933 3588 2962 3619 e
2975 3572 3012 3619 d
3027 3588 3128 3619 en-

619 3660 763 3710 tibu
776 3674 801 3709 s
825 3660 983 3709 illis.
1010 3658 1151 3709 Sane
1172 3659 1411 3709 Christus
1432 3664 1491 3709 ut
1510 3673 1642 3708 suae
1669 3659 1892 3707 eximiae
1912 3658 2147 3707 caritatis
2173 3658 2328 3707 nobis
2349 3656 2500 3707 daret
2527 3658 2844 3723 exemplum,
2873 3663 2928 3707 et
2947 3666 3010 3707 ut
3031 3675 3132 3723 per

622 3762 739 3796 eam
763 3746 962 3796 Judam
988 3746 1055 3795 ad
1080 3747 1461 3811 poenitentiam
1480 3746 1786 3807 adduceret,
1813 3760 1913 3794 nec
1937 3744 2262 3808 traditorem,
2285 3761 2406 3794 cum
2429 3759 2684 3811 praesens
2713 3750 2872 3807 esset,
2900 3761 2936 3795 a
2961 3760 3130 3795 sacra

620 3848 806 3883 mensa
852 3834 1094 3884 exclusit.
1157 3833 1459 3893 „Concesso
1506 3837 1684 3882 autem
1713 3860 1778 3868 ——
1807 3838 1868 3882 ut
1901 3832 2086 3881 scribit
2128 3832 2473 3882 Innocentius
2509 3832 2570 3881 P.
2603 3832 2703 3881 111.
2737 3832 3132 3897 Mystcriorum

619 3921 815 3971 Missae
858 3921 893 3969 l.
929 3921 1020 3969 IV.
1064 3936 1109 3969 c.
1152 3922 1229 3969 13.
1266 3920 1347 3969 ed.
1386 3918 1718 3978 Leodiensis,
1759 3921 1910 3968 1846.
1941 3936 1994 3984 p.
2031 3920 2150 3968 242.
2183 3946 2266 3980 --,
2301 3919 2444 3984 quod
2491 3918 2667 3969 Judas
2714 3919 3130 3968 Eucharistiam

620 4008 913 4073 acceperit,
962 4006 1105 4073 quod
1152 4007 1511 4071 expositorum
1557 4006 1800 4071 plerique
1827 4033 1892 4041 -—
1917 4019 1959 4053 s.
1988 4002 2414 4069 Chrysostomus,
2450 4004 2588 4055 hom.
2624 4006 2678 4054 in
2713 4004 2903 4055 Matth.
2941 4008 3036 4056 81.
3079 4024 3132 4071 p.

622 4096 736 4144 774.
761 4109 805 4143 s.
854 4093 1209 4159 Augustinus,
1246 4108 1365 4142 enn.
1400 4094 1469 4141 in.
1497 4093 1584 4141 Ps.
1611 4092 1708 4140 111.
1737 4091 1818 4140 ed.
1845 4092 1977 4141 Ben.
2003 4091 2095 4153 IV,
2127 4093 2171 4140 7.
2198 4092 2254 4140 in
2278 4092 2476 4141 Joann.
2501 4093 2602 4141 Er.
2629 4097 2692 4141 tr.
2719 4092 2924 4152 XXVI,
2954 4096 3048 4141 11.
3077 4110 3134 4157 p.
3206 4084 3208 4101 ²

620 4182 740 4231 498.
778 4180 849 4229 ib.
888 4186 954 4229 tr.
988 4178 1168 4239 LXII,
1208 4180 1252 4228 1.
1290 4181 1338 4228 2.
1373 4195 1425 4243 p.
1464 4180 1581 4227 668.
1641 4178 2033 4239 Theodoram,
2071 4178 2139 4226 ad
2177 4178 2203 4226 1
2241 4178 2360 4228 Cor.
2402 4181 2482 4227 11.
2517 4178 2617 4227 ΙΙΙ.
2659 4182 2704 4239 1,
2743 4180 2864 4227 238.
2900 4196 2942 4227 s.
2979 4178 3132 4233 Leo,

620 4281 843 4316 sermon.
871 4266 978 4327 III,
1006 4268 1053 4315 3.
1080 4266 1209 4326 VII,
1236 4268 1285 4315 4.
1315 4265 1380 4315 de
1406 4279 1548 4330 pass.
1578 4264 1659 4314 ed.
1684 4264 1854 4313 Leod.
1880 4280 1930 4329 p.
1959 4266 2040 4312 16.
2067 4265 2168 4324 4ὅ.,
2209 4269 2262 4313 et
2297 4263 2390 4313 alii
2428 4278 2564 4329 quos
2607 4266 2737 4313 citat
2771 4278 2838 4313 ac
2873 4267 3138 4328 sequitur

618 4352 706 4400 Fr.
735 4353 933 4401 Suarez
961 4352 1013 4401 S.
1041 4352 1093 4401 J.
1119 4352 1234 4413 Th„
1264 4352 1463 4401 Comm.
1490 4365 1555 4400 ac
1590 4351 2029 4415 Disputationum
2063 4351 2120 4399 in
2154 4351 2388 4399 Tertiam
2425 4350 2640 4400 Partem
2677 4352 2743 4400 D.
2769 4350 3018 4399 'rhomae
3063 4364 3136 4401 tr.

619 4438 717 4499 III,
745 4453 793 4502 q.
823 4441 903 4488 73.
932 4453 979 4487 a.
1006 4442 1053 4489 5.
1082 4438 1216 4504 disp.
1243 4438 1381 4487 XLI.
1410 4452 1451 4486 s.
1478 4440 1525 4487 3.
1554 4436 1635 4487 ed.
1670 4436 1911 4501 Mogunt.
1949 4438 2098 4487 1619.
2127 4454 2177 4501 p.
2203 4438 2322 4486 459.
2349 4452 2390 4487 s.
2417 4464 2486 4473 —-
2511 4437 2815 4487 concedunt
2851 4450 3134 4502 quaeren—
3206 4458 3208 4461 ·

620 4522 743 4572 dum
792 4529 887 4586 est,
940 4538 1047 4589 qua
1094 4526 1299 4574 ratione
1346 4524 1589 4573 Medicus
1643 4524 1894 4573 salutaris
1947 4522 2265 4573 medicinam
2319 4522 2487 4573 dabat
2541 4530 2786 4589 aegroto,
2844 4538 3016 4588 quam
3081 4528 3136 4575 ei

618 4610 825 4660 sciebat
870 4624 987 4659 esse
1034 4610 1391 4660 mortiferam?
1452 4609 1668 4660 Sciebat
1713 4612 1853 4659 enim
1901 4610 2046 4675 quod
2083 4612 2175 4675 qui
2221 4610 2516 4660 manducat
2561 4610 2806 4677 indigne,
2855 4610 3140 4663 iudicium
