3267 5259
598 412 727 485 290
1348 424 1411 472 De
1438 424 1634 473 fontibus
1663 430 1828 473 Hister.
1857 424 1912 471 1).
1941 430 1994 472 N.
2025 428 2070 471 J.
2099 428 2148 471 C.
2177 436 2330 471 comm.

599 614 662 670 et
708 605 1049 670 diuturnae
1102 628 1251 669 cum
1298 604 1575 670 Graecis
1622 604 2095 687 consuetudini,
2155 614 2224 670 et
2265 604 2529 689 ingenio
2575 602 2778 668 literis
2832 600 3050 667 imbuto

597 716 1013 783 tribuendum
1038 722 1075 781 ¹.

806 830 1263 916 Incorruptum
1323 830 1408 893 ad
1462 854 1583 895 nos
1643 832 2022 916 pervenisse
2083 828 2520 914 Evangelium
2577 852 2627 893 s.
2671 828 2894 892 Lucae
2945 838 3054 891 tam

594 945 863 1009 internis
898 965 1092 1029 quam
1119 944 1405 1007 externis
1438 941 1795 1007 adstruitur
1825 944 2245 1027 argumentis.
2293 965 2350 1007 a.
2381 942 2858 1007 Auctoritatem
2889 962 3053 1005 cano-

594 1058 810 1121 nicam
835 1055 1159 1142 planeque
1186 1055 1493 1138 divinam,
1520 1079 1560 1120 a
1584 1057 1810 1142 primis
1833 1058 2054 1120 statim
2079 1054 2376 1137 saeculis,
2403 1053 2684 1119 obtinuit
2703 1063 3052 1139 perpetuam

595 1170 661 1233 in
706 1168 1010 1233 Ecclesia
1056 1168 1349 1233 orientali
1394 1192 1527 1234 non
1572 1170 1786 1233 minus
1843 1190 2039 1253 quam
2098 1166 2510 1233 occidentali.
2603 1162 3054 1251 comprobatur

594 1281 661 1345 id
692 1304 825 1345 non
866 1281 1073 1345 solum
1105 1280 1443 1346 Ecclesiae
1476 1284 1543 1345 in
1593 1280 1878 1366 Synodis
1926 1281 2174 1363 effatis3
2223 1280 2342 1345 sed
2387 1282 2582 1345 etiam
2630 1278 2924 1344 codicum
2964 1279 3051 1362 qui

594 1414 769 1457 nunc
817 1404 1079 1457 exstant
1123 1394 1642 1479 exemplaribus3
1692 1393 1758 1458 S.
1792 1394 1866 1459 P.
1915 1403 1981 1458 et
2025 1393 2093 1458 S.
2127 1394 2206 1457 E.
2251 1394 2655 1458 testimoniis.
2716 1392 2782 1456 b.
2825 1391 3051 1455 Veritas

596 1506 1038 1571 doctrinarum
1080 1529 1431 1592 rerumque
1478 1517 1812 1592 gestarum
1859 1530 1900 1571 a
1945 1508 2011 1572 S.
2043 1507 2233 1573 Luca
2287 1516 2933 1572 commemoratarum
2975 1512 3055 1567 est

592 1621 661 1683 in
692 1620 914 1705 aprico
948 1621 1187 1704 posita3
1220 1642 1369 1683 cum
1398 1619 1826 1704 Evangelista
1856 1620 2032 1685 dicat
2061 1619 2226 1685 haec
2257 1642 2328 1685 se
2359 1619 2622 1684 tradere
2655 1640 2742 1683 ex
2770 1617 3052 1682 relatione

596 1754 842 1815 eorum,
888 1733 999 1817 qui
1032 1731 1273 1796 fuerint
1317 1734 1433 1814 ,ἀπ’
1480 1735 1660 1814 ἀρχῆς
1707 1735 2010 1814 αὐτόπταιίς
2058 1731 2293 1818 quibus
2338 1741 2602 1819 praeter
2645 1754 2696 1795 s,
2723 1755 2773 1797 s.
2796 1731 3053 1809 Petrum,

592 1844 635 1910 J
638 1843 939 1927 acobum,
966 1844 1009 1910 J
1013 1866 1293 1909 oannem
1316 1844 1660 1911 Ecclesiae
1690 1845 2043 1929 columnas,
2076 1844 2138 1909 d.
2155 1844 2434 1910 Paulum
2459 1854 2526 1909 et
2549 1868 2600 1909 s.
2619 1843 3054 1909 s.Matthaeum

593 1967 1013 2043 ceterosque,
1072 1959 1363 2045 inprimis
1410 1958 1905 2023 adnumeranda
1969 1959 2152 2022 venit
2207 1958 2285 2023 B.
2332 1958 2413 2022 V.
2459 1957 2672 2022 Maria
2692 1960 2738 2022 ².
2819 1956 3053 2020 Testem

591 2094 863 2157 gravem
924 2072 1067 2157 quis
1125 2080 1419 2151 recusat,
1480 2073 1888 2157 potissimum
1949 2072 2001 2135 si
2061 2072 2537 2153 testimonium,
2597 2072 2668 2134 in
2727 2078 3054 2155 conspectu

590 2184 847 2249 illorum
894 2186 1003 2269 qui
1052 2181 1239 2248 simul
1284 2183 1639 2248 adfuerunt
1690 2182 2010 2269 perhibet.
2087 2183 2320 2269 Neque
2375 2182 2552 2248 solus
2607 2183 2778 2247 haec
2831 2192 3052 2261 narret3

592 2294 711 2359 scd
758 2319 843 2360 ex
886 2296 1251 2361 Harmonia
1309 2319 1457 2360 cum
1504 2294 1644 2361 aliis
1703 2295 1826 2360 hoc
1883 2306 2172 2379 constet,
2233 2298 2617 2382 scriptorem
2675 2294 2850 2361 idem
2905 2291 3054 2379 quod

592 2407 752 2473 alios
796 2411 1151 2473 memoriae
1198 2408 1583 2495 prodidisse.
1660 2409 2016 2473 Praeterea
2069 2432 2126 2473 c.
2173 2410 2661 2494 antiquissimae
2707 2408 3052 2485 VersioneS,

592 2532 787 2609 atque
821 2524 1255 2586 vetustissima
1292 2523 1623 2609 inscriptio
1667 2522 2011 2608 Evangelii
2033 2526 2077 2605 ³,
2123 2521 2370 2586 nullum
2401 2524 2523 2586 nisi
2565 2545 2614 2585 s.
2639 2522 2890 2586 Lucam
2923 2518 3053 2582 scri·

591 2645 847 2720 ptorem
900 2634 1241 2719 Evangelii
1302 2636 1472 2698 tertii
1534 2634 1902 2720 perhibent.
1977 2634 2169 2700 Adeo
2233 2657 2392 2701 vero
2457 2644 2766 2699 constans
2819 2632 2918 2697 hic
2973 2640 3056 2695 est

593 2769 970 2830 consensus,
1005 2759 1076 2812 ut
1108 2747 1351 2812 nullum
1386 2748 1725 2833 antiquum
1763 2749 2234 2812 monimentum
2275 2749 2550 2813 excitari
2587 2757 2805 2833 queat,
2841 2747 2904 2811 in
2941 2766 3052 2829 quo

590 2859 775 2924 alteri
808 2860 1065 2925 cuidam
1098 2860 1497 2947 adscriptum
1529 2859 1744 2925 fuerit.
1779 2860 1840 2925 d.
1865 2860 2108 2924 Mansit
2140 2862 2451 2946 scriptum
2473 2859 2704 2925 Lucae
2729 2860 3054 2945 genuinum

591 2970 803 3035 donec
835 2995 1086 3058 procax
1120 2973 1505 3038 Criticorum
1538 2974 1873 3059 ingenium
1905 2995 2136 3037 ausum
2171 2982 2287 3055 est,
2324 2995 2408 3037 ex
2438 2973 2800 3039 rationibus
2832 2970 3050 3036 dudum

591 3074 941 3149 confutatis
987 3085 1049 3150 d.
1081 3086 1306 3151 Lucae
1364 3110 1610 3171 negare
1659 3087 1858 3151 fidem
1910 3098 1976 3152 et
2021 3088 2477 3153 auctoritatem
2495 3090 2542 3151 4.
2633 3086 2920 3151 Tandem
2961 3082 3052 3146 hie

803 3381 839 3448 ¹)
894 3384 1083 3448 Neque
1138 3388 1315 3432 tamen
1371 3384 1442 3432 ad
1492 3382 1822 3448 Thucydidis
1870 3399 2145 3449 pompam,
2201 3385 2518 3451 Polybiique
2568 3386 2848 3435 verborum
2896 3382 3050 3447 splen·

589 3468 769 3519 dorem
819 3470 1069 3535 assurgit.
1132 3468 1304 3535 Saepe
1351 3469 1609 3520 abstinuit
1645 3470 1924 3520 vocabulis
1967 3472 2289 3536 peregrinis,
2336 3472 2556 3521 retinuit
2599 3476 2778 3521 autem
2823 3466 3050 3534 Syriami

588 3556 815 3605 subinde
860 3557 1104 3621 vestigia.
1159 3556 1317 3605 Amat
1354 3558 1511 3605 etiam
1548 3556 1806 3622 loquendi
1842 3556 2040 3607 formas
2075 3559 2282 3622 graecis
2316 3558 2382 3606 V.
2416 3558 2478 3607 Τ.
2515 3558 2886 3623 interpretibus
2919 3553 3047 3604 fami-

592 3642 767 3693 liares.
830 3642 870 3707 ²)
911 3644 995 3692 Ea
1030 3648 1174 3692 certo
1213 3657 1351 3709 quae
1387 3644 1431 3691 is
1468 3658 1607 3693 unus
1646 3648 1830 3693 narrat
1865 3643 1931 3693 de
1971 3643 2180 3695 Christo
2217 3660 2402 3709 puer-0,
2450 3644 2516 3693 ab
2556 3645 2678 3709 ipsa
2713 3644 2866 3694 huius
2899 3641 3045 3707 puris·

589 3730 725 3779 sima
758 3730 928 3779 Matre
968 3729 1203 3779 audiisse
1229 3728 1527 3779 credendus
1555 3736 1660 3793 cst;
1701 3736 1864 3795 atque
1890 3730 2022 3779 haec
2049 3732 2316 3781 sententia
2340 3731 2599 3796 probatur
2623 3747 2655 3780 e
2681 3746 2799 3796 cap.
2817 3734 2864 3791 2,
2886 3731 2955 3779 19.
2973 3726 3046 3775 54.

592 3815 671 3865 Cf.
705 3816 1130 3881 Koenigsmann‚
1180 3817 1413 3881 prolusio
1462 3816 1528 3865 de
1575 3817 1813 3866 sontibus
1860 3833 2046 3866 comm.
2083 3832 2126 3865 s.
2153 3818 2244 3882 qui
2281 3818 2464 3867 Lucae
2509 3834 2707 3868 nomen
2753 3818 3044 3883 praeferunt.

590 3903 818 3953 Altonae
857 3905 1007 3952 1798.
1040 3904 1098 3952 in
1134 3904 1271 3966 I’ott,
1307 3904 1425 3969 syll.
1464 3908 1501 3953 t.
1528 3904 1625 3953 111.
1689 3905 1732 3968 ³)
1768 3905 1919 3964 Quae
1957 3919 1991 3953 a
2025 3905 2296 3969 primitiva
2329 3904 2581 3954 Ecclesia
2617 3906 2870 3970 originem
2893 3900 3044 3951 traxit.

586 3991 651 4040 V.
689 4008 740 4056 p.
780 3992 897 4039 260.
971 3988 1011 4055 ⁴)
1049 3990 1457 4055 Inspirationem
1502 4006 1541 4041 s.
1578 3992 1762 4041 Lucae
1800 3977 2136 4041 addubitavit
2187 3990 2254 4041 H.
2295 3992 2564 4054 SextrO,
2609 4008 2784 4058 progr.
2819 3986 3044 4041 nonnulla

586 4094 747 4143 snper
784 4078 1131 4142 inspiratione
1168 4078 1231 4126 L.
1260 4077 1401 4127 Gott.
1432 4079 1582 4127 1786.
1619 4078 1700 4127 Id.
1727 4094 1834 4127 non
1861 4093 1902 4128 s.
1931 4097 1980 4144 q.
2007 4094 2092 4129 an.
2121 4096 2184 4128 ex
2211 4094 2320 4144 arg.
2348 4084 2550 4129 extem.
2581 4079 2766 4129 Lucae
2797 4074 3044 4143 inspiratio

585 4166 754 4229 possit
797 4164 1031 4230 probari.
1092 4163 1216 4213 Hal..
1258 4165 1407 4214 1789.
1467 4164 1836 4230 Integritatem
1883 4182 2192 4231 oppugnare
2240 4165 2524 4231 adgressus
2571 4171 2653 4215 est
2689 4166 2779 4215 Fr.
2815 4162 3046 4214 Schleier-

585 4251 814 4313 macher,
852 4252 987 4300 Krit.
1024 4251 1263 4301 Versueh
1300 4256 1352 4301 ii.
1392 4251 1441 4300 d.
1482 4250 1629 4302 Sehr.
1670 4251 1720 4301 d.
1756 4252 1954 4303 Lucas.
1991 4252 2134 4303 Berl.
2173 4254 2322 4303 1817.
2358 4252 2503 4302 Einl.
2540 4254 2660 4302 344.
2695 4268 2737 4302 s.
2787 4250 2837 4301 S.
2861 4245 3044 4308 hisch,

586 4354 771 4387 comm.
800 4344 899 4387 utr.
933 4338 1116 4387 Lucae
1154 4354 1339 4388 comm.
1368 4338 1688 4389 artificiosae
1727 4340 2060 4389 tractationis
2096 4339 2330 4389 indolem
2365 4339 2582 4390 babere.
2620 4339 2857 4404 Friberg.
2893 4334 3044 4393 1817„

584 4424 641 4471 in
679 4424 876 4474 Corum.
904 4424 1293 4475 Rosenmissleri
1330 4442 1370 4475 r.
1400 4442 1445 4477 e.
1478 4442 1519 4476 s.
1546 4430 1581 4476 t.
1621 4425 1688 4475 de
1725 4428 1931 4476 ratione
1971 4426 2115 4475 dieta
2149 4426 2400 4492 factaque
2435 4426 2570 4477 Jesu
2609 4431 2664 4476 et
2699 4422 3046 4491 Apostolorum

585 4510 1047 4573 commemorandi,
1087 4527 1197 4577 qua
1228 4511 1407 4563 Lucas
1444 4514 1499 4561 in
1535 4518 1766 4577 utroque
1797 4528 1983 4562 comm.
2016 4528 2145 4563 usus
2183 4516 2278 4573 est,
2315 4512 2359 4561 I.
2389 4515 2436 4575 l,
2463 4514 2582 4563 272.
2609 4528 2651 4562 s.
2701 4510 2804 4561 Sed
2837 4509 3048 4559 refutata.

583 4602 708 4644 sunt
744 4596 877 4646 haec
914 4600 1206 4647 tentamina
1244 4600 1312 4649 ab
1338 4600 1406 4648 Η.
1432 4600 1656 4663 Planck,
1691 4600 1898 4650 observ.
1937 4600 2202 4665 quaedam
2241 4599 2307 4649 de
2331 4600 2514 4649 Lucae
2541 4598 2819 4664 Evangelii
2855 4592 3046 4657 analysi
