3267 5259
571 382 743 433 XCVI
1397 398 1644 449 Apparatus
1673 396 1888 439 Histoi-ico
1907 422 1957 428 —
1972 396 2222 440 chronicus.

570 578 719 637 bello
752 578 1038 635 afflictam
1070 578 1320 635 Romani
1350 580 1642 637 exercitus
1673 580 1926 637 validam
1973 598 2214 636 manum
2244 579 2646 653 cognovisset‘.
2709 578 2908 635 Clades
2938 580 3050 635 ista

570 682 847 740 Romanis
894 682 1060 739 illata
1104 688 1190 739 est
1236 702 1390 741 anno
1426 688 1525 741 66.
1572 686 1764 740 Acrae
1809 681 2086 755 Vulgaris
2113 682 2148 740 ¹.
2218 683 2484 758 Scriptor
2529 682 2766 761 quidam
2813 701 3050 755 graecus

571 805 895 862 anonymus
920 782 968 855 ²,
1015 787 1079 843 in
1125 786 1269 844 haec
1306 787 1489 844 verba
1518 788 1589 843 de
1620 790 1907 862 martyrio
1939 787 2285 862 Principum
2318 787 2728 862 Apostolorum
2759 788 3049 863 loquitur:

572 890 712 961 ,Sub
744 890 976 947 Nerone
1024 890 1417 949 Romanorum
1450 891 1690 948 Caesare
1737 890 2090 967 martyrium
2123 910 2321 965 passus
2363 897 2450 948 est
2479 891 2694 948 Paulus
2724 892 3050 966 Apostolus,

571 993 763 1069 gladio
796 995 1176 1051 obtruncatus
1207 1015 1260 1052 a.
1298 1000 1397 1053 36.
1433 1001 1561 1071 post
1604 994 1926 1053 Salvatoris
1968 996 2322 1069 passionem,
2367 997 2467 1072 qui
2513 996 2730 1053 bonum
2761 999 3052 1052 certamen

572 1097 850 1169 certavit,
908 1098 1123 1155 Romae
1170 1100 1379 1176 quinta
1422 1100 1639 1156 mensis
1683 1099 1936 1156 Panensi
1981 1099 2103 1169 die,
2160 1100 2200 1157 i.
2243 1118 2290 1155 e.
2340 1099 2494 1173 apud
2549 1099 2836 1155 Romanos
2883 1099 3054 1156 tertio

572 1202 852 1260 Calendas
895 1203 1111 1274 Julias,
1162 1223 1275 1282 quo
1320 1203 1415 1259 die
1462 1204 1750 1279 martyrio
1798 1209 2230 1261 consummatus
2281 1209 2368 1260 est
2413 1203 2742 1278 Apostolus.
2803 1206 2860 1259 A
2913 1208 3054 1259 tem-

573 1327 711 1381 pore
762 1308 951 1381 igitur
1003 1306 1275 1383 martyrii
1332 1306 1455 1364 cius
1503 1306 1875 1365 effluxerunt
1927 1308 2067 1365 anni
2123 1310 2264 1363 330.
2319 1326 2500 1383 usque
2561 1307 2633 1363 ad
2692 1312 3054 1382 praesentem

572 1410 957 1482 consulatum,
1010 1418 1285 1488 quartum
1332 1410 1605 1469 videlicet
1647 1412 1888 1469 Arcadii
1936 1417 1995 1469 et
2038 1411 2284 1468 tertium
2331 1410 2578 1468 Honorii
2629 1411 3056 1485 Imperatorum

576 1518 1008 1588 Augustorum,
1063 1516 1385 1572 indictione
1438 1536 1593 1573 nona
1638 1514 1864 1591 periodi
1909 1514 2245 1593 quindecim
2291 1534 2596 1585 annornm,
2649 1514 2862 1572 mensis
2893 1516 3058 1571 Junii

578 1624 676 1675 ⁶29.
704 1618 840 1676 die.‘
887 1619 1021 1676 Jam
1062 1638 1201 1677 vero
1239 1621 1287 1675 si
1331 1622 1404 1678 ab
1436 1621 1606 1677 annis
1649 1624 1820 1689 396.;
1869 1639 1984 1697 quo
2027 1626 2285 1695 tempore
2323 1619 2573 1695 scriptor
2619 1619 2731 1677 iste
2777 1618 3058 1675 nimirum

574 1727 823 1780 testatur
864 1743 899 1781 a
943 1723 1037 1779 die
1082 1724 1275 1781 obitus
1321 1745 1366 1781 s.
1400 1722 1571 1780 Pauli
1626 1726 1771 1781 330.
1822 1744 2003 1781 annos
2050 1725 2171 1780 iam
2217 1722 2546 1795 effluxisse,
2604 1724 2780 1779 iidem
2827 1716 3060 1779 substa-

573 1827 814 1897 hantur,
848 1818 1163 1902 supersunt
1192 1827 1333 1884 anni
1386 1832 1522 1897 66.;
1556 1828 1770 1906 quibus
1801 1826 1996 1902 lapsis,
2032 1846 2188 1884 anno
2219 1829 2375 1885 inter
2405 1832 2721 1904 utrumque
2754 1847 3060 1885 numerum

574 1930 763 1987 medio
809 1930 849 1987 i.
894 1951 943 1987 e.
990 1931 1351 2005 sexagesimo
1399 1931 1646 2007 septimo
1694 1936 1830 1989 Aer.
1881 1930 2056 2005 Vulg.
2109 1932 2383 2008 martyrii
2432 1931 2688 2007 palmam
2727 1936 3063 1989 sumserunt

573 2055 617 2093 s.
658 2056 705 2093 s.
754 2036 963 2092 Pet-rus
1010 2042 1069 2092 et
1112 2035 1349 2093 Paulus.
1412 2036 1784 2093 Concinnunt
1823 2031 1873 2105 β.
1914 2035 2307 2094 Cassiodorius
2328 2034 2368 2107 ³,
2425 2035 2790 2093 Venerabilis
2841 2037 3002 2093 Beda
3021 2034 3060 2107 ⁴,

573 2144 632 2196 et
674 2138 939 2217 quisquis
989 2139 1092 2196 ille
1136 2140 1479 2216 compilator
1524 2140 1706 2199 fuerit
1749 2142 1940 2216 operis
1990 2136 2551 2215 ,(1)ιλοσοφουμένων“,
2599 2140 2722 2199 sive
2769 2140 2882 2209 ,τοῦ
2928 2137 3067 2195 κατὰ

570 2245 758 2298 πασῶν
806 2239 1064 2319 αἱρέσεων
1113 2238 1373 2319 ἐλέγγρυι
1396 2242 1436 2301 5.
1500 2245 1741 2303 Accedit
1787 2264 1836 2301 c.
1885 2244 2025 2301 huic
2064 2243 2312 2319 tempori
2351 2244 2680 2301 consentire
2729 2262 2822 2301 eos
2870 2264 3066 2301 omnes

572 2348 909 2422 scriptume,
966 2347 1067 2425 qui
1122 2352 1201 2405 25
1258 2350 1428 2405 annis
1478 2370 1524 2407 s.
1564 2350 1806 2406 Pet-rum
1861 2348 2076 2405 Romae
2129 2348 2339 2405 sedisse
2393 2348 2628 2417 dieunt3
2683 2352 2773 2405 tot
2825 2350 2986 2404 enim
3035 2366 3068 2403 a

573 2453 821 2509 secundo
862 2450 1089 2509 Claudii
1137 2471 1291 2510 anno
1337 2458 1742 2510 numerantur.
1803 2452 2034 2509 Pavent.
2079 2450 2258 2508 etiam
2289 2450 2379 2507 illi
2433 2452 2532 2529 qui
2584 2455 2660 2508 36
2711 2471 2895 2509 annos
2942 2456 3066 2527 post

573 2554 793 2613 Christi
825 2555 888 2613 in
922 2557 1103 2613 coelos
1136 2559 1527 2615 ascensionem
1558 2577 1693 2614 cum
1724 2576 1954 2631 passum
1977 2576 2096 2613 esse
2129 2560 2394 2626 narrant,
2429 2575 2562 2613 cum
2593 2555 2834 2613 totidem
2868 2576 3071 2612 rursus

573 2660 714 2717 anni
768 2658 1071 2717 effluxisse
1134 2660 1537 2719 inveniantur.
1622 2660 1874 2718 Demum
1937 2680 2011 2718 ex
2075 2664 2358 2735 perpe-tua
2419 2659 2710 2717 Ecclesiae
2773 2659 3072 2717 Romanae

576 2762 921 2835 traditione,
977 2784 1008 2821 e
1060 2767 1288 2823 cunctis
1333 2765 1476 2822 item
1532 2770 1658 2823 tum
1713 2766 1886 2822 editis
1937 2770 2064 2822 tum
2113 2764 2530 2839 manuscriptis
2579 2762 2964 2821 Kalendariis
3017 2770 3070 2819 et

576 2866 1015 2943 Martyrologiis
1062 2868 1339 2926 discimus
1384 2890 1428 2927 s.
1470 2890 1515 2926 s.
1548 2870 1792 2926 Petrum
1840 2874 1900 2926 et
1944 2867 2195 2925 Paulum
2241 2870 2349 2926 sub
2395 2869 2627 2926 Nerone
2673 2888 2909 2944 passum
2955 2888 3072 2924 esse

575 2970 669 3027 die
704 2976 803 3027 29.
836 2970 1021 3029 Junii.
1069 2972 1127 3030 S.
1154 2971 1594 3050 Hieronymus⁶
1624 2992 1728 3048 pro
1759 2973 1870 3031 hac
1909 2972 2203 3029 sententia
2235 2972 2394 3041 facit,
2429 2973 2530 3030 ubi
2571 2979 2806 3030 narrat:
2853 2972 3073 3029 Lucius

576 3077 855 3132 Annaeus
914 3076 1128 3133 Seneca
1189 3084 1344 3147 ,ante
1404 3076 1713 3134 biennium
1774 3096 1948 3155 quam
2003 3076 2211 3133 Petrus
2264 3082 2322 3133 et
2374 3076 2588 3135 Paulus
2647 3084 3074 3134 coronarentur

576 3179 893 3255 martyriO,
946 3200 983 3237 a
1030 3180 1261 3238 Nerone
1308 3182 1646 3262 interfectus
1693 3182 1820 3237 est.‘
1883 3180 2029 3237 Cum
2067 3200 2142 3237 ex
2192 3181 2522 3239 Annalibus
2563 3180 2752 3238 Taciti
2775 3178 2797 3215 ⁷
2843 3188 3073 3238 certum

577 3281 686 3340 sit:
718 3282 993 3341 Senecam
1027 3285 1268 3341 ineunte
1298 3304 1452 3341 anno
1489 3288 1588 3341 65.
1622 3283 1859 3354 obiisse,
1905 3283 2106 3361 itaque
2138 3283 2375 3341 biennio
2405 3283 2602 3341 obitus
2631 3283 2800 3341 Lucii
2835 3285 3072 3341 Annaei

578 3386 827 3444 Senecae
876 3388 1231 3464 martyrium
1283 3388 1627 3463 Principum
1687 3387 2097 3463 Apostolorum
2151 3388 2312 3445 Pet-ri
2367 3394 2428 3445 et
2477 3389 2645 3446 Pauli
2695 3390 3071 3463 praecessit-⁸.

788 3608 824 3671 ¹)
865 3608 998 3658 Coll.
1024 3609 1137 3659 Jos.
1174 3610 1405 3659 debello
1432 3610 1501 3660 11.
1530 3614 1610 3672 19,
1639 3614 1686 3662 9.
1727 3611 1792 3673 11,
1822 3614 1938 3659 206.
2013 3610 2053 3673 ²)
2095 3612 2198 3672 Qui
2226 3611 2631 3661 Commentariis
2658 3610 2974 3661 Oecumeuii
3016 3614 3070 3661 in

576 3694 743 3744 Actus
765 3694 1139 3759 Apostolorum
1177 3698 1443 3761 praemitti
1480 3698 1774 3747 consuevit.
1803 3697 1882 3747 cf.
1909 3697 1991 3747 ed.
2017 3696 2224 3747 Metelli
2249 3698 2371 3746 Par.
2405 3700 2556 3747 1630.
2585 3698 2675 3747 sol.
2703 3700 2749 3747 6.
2801 3698 2861 3746 Β.
2892 3698 3076 3749 Mont-

577 3781 828 3843 fauconii,
858 3781 988 3831 Cod.
1010 3785 1092 3831 25.
1122 3783 1189 3832 al.
1214 3786 1327 3833 121.
1355 3783 1722 3833 Bibliothecae
1749 3782 2126 3833 Coislinianae.
2153 3784 2273 3833 Par.
2303 3785 2450 3834 1715.
2480 3800 2529 3849 p.
2553 3786 2633 3833 76.
2655 3800 2696 3833 s.
2748 3784 2789 3848 ³)
2818 3784 3076 3835 Chi-onie.

576 3866 643 3917 ad
670 3868 863 3917 Neron.
891 3868 990 3935 Op.
1018 3868 1061 3931 I,
1090 3871 1206 3919 360.
1259 3870 1299 3935 ⁴)
1328 3869 1411 3919 De
1438 3886 1529 3919 sex
1556 3871 1825 3920 aetatibus
1852 3870 2031 3920 mundi
2059 3870 2126 3918 ad
2154 3885 2201 3919 a.
2229 3887 2294 3919 m.
2317 3873 2470 3920 4021.
2499 3870 2598 3935 Op.
2618 3870 2688 3929 ΙΙ,
2713 3872 2828 3919 110.
2865 3870 3074 3936 Marty-

578 3954 857 4020 rologium,
896 3956 944 4004 3.
984 3954 1097 4004 Cal.
1135 3955 1267 4005 Julii
1305 3956 1400 4017 III,
1440 3958 1556 4006 317.
1620 3958 1660 4020 ⁵)
1686 3956 1785 4005 Ed.
1825 3956 1888 4005 L.
1927 3956 2184 4006 Dnncker
2221 3963 2275 4006 et
2308 3956 2370 4005 F.
2403 3956 2465 4006 G.
2494 3956 2881 4007 Schneidewin.
2923 3957 3074 4007 Gott.

577 4044 726 4092 1859.
754 4041 845 4091 lib.
874 4041 963 4103 VI,
992 4044 1074 4091 20.
1112 4060 1161 4106 p.
1190 4044 1306 4092 256.
1334 4057 1373 4091 Β.
1413 4044 1476 4091 V.
1504 4042 1800 4108 Dollinger,
1838 4043 2162 4108 Hippolytus
2210 4060 2261 4093 u.
2302 4042 2571 4092 Callistus.
2609 4043 2875 4107 Regeusb.
2915 4046 3075 4095 1853.

575 4130 622 4177 2.
649 4144 690 4177 s.
754 4128 795 4193 θ)
824 4128 907 4177 De
934 4128 1030 4177 vir.
1059 4128 1133 4176 ill.
1161 4144 1204 4178 c.
1236 4131 1315 4177 12.
1354 4146 1405 4193 p.
1433 4130 1517 4177 66.
1584 4126 1623 4192 ⁶¹)
1665 4129 1856 4178 Annal.
1883 4130 1996 4190 XV,
2025 4132 2107 4179 60.
2134 4147 2184 4195 p.
2215 4132 2364 4180 1516.
2427 4128 2470 4195 Β)
2511 4128 2616 4179 Sed
2647 4130 2862 4179 minime
2889 4146 3072 4193 repre—

578 4213 846 4263 hendendi
885 4220 1010 4265 sunt
1046 4216 1265 4265 Veteres
1302 4214 1397 4275 illi,
1438 4216 1527 4280 qui
1566 4216 1938 4281 imperatorum
1978 4231 2148 4267 annos
2184 4232 2293 4265 non
2332 4216 2399 4265 ab
2427 4232 2490 4266 eo
2523 4215 2608 4265 die
2645 4222 2836 4281 putare
2875 4216 3072 4277 solent,

576 4315 680 4364 quo
720 4302 945 4363 primum
981 4301 1237 4365 iniegunt3
1291 4301 1384 4350 sed
1423 4316 1455 4349 a
1492 4301 1638 4350 civili
1687 4303 1814 4350 anni
1851 4302 2163 4366 primm-dm,
2213 4301 2356 4368 quod
2402 4302 2610 4352 illorum
2661 4304 2870 4353 initium
2919 4311 3072 4353 ante—

576 4386 759 4445 cessit,
798 4386 1061 4435 interdum
1097 4383 1439 4453 προληπτικῶς
1476 4392 1843 4451 antevertant5
1882 4389 1994 4438 sive
2032 4402 2066 4437 a
2103 4388 2350 4438 Paschali
2387 4404 2568 4439 mense
2605 4396 2914 4451 numerant,
2953 4392 3072 4439 sive

574 4484 607 4518 a
643 4470 920 4533 Januario‚
970 4474 1281 4537 praesertim
1330 4488 1449 4522 cum
1496 4472 1562 4523 de
1598 4473 1782 4523 Rebus
1821 4474 2178 4525 Romanorum
2227 4474 2532 4541 loquuntur.
2593 4476 2695 4524 His
2733 4478 2922 4541 positis
2959 4492 3071 4525 non

576 4556 859 4607 admodum
887 4557 1193 4623 discrepant
1216 4560 1506 4624 priscorum
1535 4561 1853 4625 scriptorum
1885 4562 2198 4623 sententiae,
2237 4568 2291 4609 ct
2317 4576 2570 4627 perquam
2607 4566 2732 4627 apte
2760 4562 3068 4624 cohaerent,
