3267 5259
972 464 1173 505 Tertium
1203 465 1373 506 Pascha
1400 476 1427 505 a
1446 466 1608 505 Christi
1628 465 1904 515 baptismate.
2603 454 2685 517 67

234 728 279 805 ξ.
322 728 407 791 16.
464 724 825 789 Christus
881 726 1231 810 quinque
1288 723 1680 789 hominum
1725 724 1970 789 millia
2011 726 2295 811 pascit,
2343 725 2689 791 ambulat

234 860 431 921 super
478 860 757 922 aquas,
804 836 1393 902 Eucharistiam
1438 839 1858 923 promittit,
1903 837 2146 901 multa
2199 840 2420 923 signa
2475 838 2685 903 facit.

1088 950 1513 1015 Confessio
1560 950 1794 1015 Petri.

405 1139 760 1204 Crescente
807 1142 874 1203 in
916 1140 1055 1205 dies
1101 1140 1280 1203 fama
1325 1140 1517 1224 Jesu‚
1564 1149 1781 1204 tantus
1827 1140 2030 1204 fiebat
2072 1139 2158 1204 ad
2201 1142 2416 1226 ipsum
2459 1140 2686 1227 populi

236 1274 585 1334 concursus,
642 1261 955 1338 tantaque
1022 1274 1369 1338 aegrorum
1430 1254 1622 1338 copia
1678 1252 1968 1317 curanda
2024 1254 2083 1316 ei
2141 1232 2565 1337 offerebatur,
2619 1264 2690 1317 ut

234 1363 441 1427 nullum
486 1366 695 1449 quieti
738 1374 999 1451 tempus
1046 1373 1442 1451 suppeteret.
1504 1364 1738 1449 Itaque
1785 1364 2089 1428 navicula
2136 1387 2496 1430 conscensa
2541 1389 2690 1430 cum

236 1474 523 1563 discipulis
572 1479 706 1541 suis
738 1478 824 1541 ad
859 1476 1239 1542 orientalem
1289 1476 1473 1542 lacus
1506 1476 1916 1542 Genesareth
1961 1479 2202 1563 ripam,
2247 1480 2314 1541 in
2362 1477 2688 1543 desertum

234 1592 345 1671 agri
410 1589 903 1654 Bethsaidensis
976 1591 1261 1673 transiit,
1330 1598 1401 1653 ut
1476 1589 1602 1653 illic
1679 1591 1948 1654 seorsim
2023 1589 2108 1654 ab
2177 1588 2476 1655 omnibus
2551 1590 2690 1655 aliis

235 1699 598 1786 aliquantum
676 1704 1047 1788 quiesceret
1069 1706 1107 1765 ¹.
1193 1701 1286 1766 At
1350 1724 1591 1788 magna
1657 1701 1992 1768 hominum
2067 1702 2445 1787 multitudO,
2520 1725 2689 1788 quae

235 1834 339 1895 quo
380 1816 545 1879 irent
591 1814 1073 1899 animadvertit,
1118 1814 1407 1901 pedestri
1452 1816 1682 1879 itinere
1729 1838 2009 1901 propere
2047 1814 2264 1879 lacum
2311 1817 2690 1898 circumivit,

233 1945 293 1987 ac
348 1928 615 1991 traiecto
679 1926 1017 1991 Jordane²
1079 1926 1165 1991 ad
1232 1950 1383 1992 eum
1447 1926 1668 1992 locum
1729 1950 1798 1991 se
1863 1926 2165 2011 contulitz,
2235 1927 2401 1992 adeo
2463 1928 2691 1992 Jesum

236 2036 503 2102 audiendi
565 2062 795 2104 omnes
854 2040 1091 2126 cupido
1138 2041 1485 2105 invaserat.
1562 2040 1774 2105 Tanto
1830 2062 1988 2104 vero
2045 2063 2317 2105 numero
2367 2042 2690 2124 convenit,

230 2160 287 2211 ut
338 2148 675 2216 deficiente
747 2161 1118 2217 commeatu
1176 2153 1349 2217 fame
1414 2162 1840 2239 premeretur.
1940 2152 2105 2217 Cum
2160 2153 2289 2216 iam
2352 2152 2694 2217 inclinaret

234 2259 364 2340 dies,
391 2264 693 2350 Apostoli
728 2264 1055 2329 Christum
1101 2250 1441 2351 rogarunt,
1466 2274 1536 2329 ut
1567 2265 1920 2330 dimitteret
1962 2265 2186 2329 turbas
2234 2265 2524 2330 emendis
2571 2266 2692 2331 sibi

234 2374 500 2457 panibus.
552 2376 723 2440 Tum
756 2376 918 2440 Jesu
952 2376 1389 2442 beneficentia
1436 2400 1514 2442 ac
1542 2378 1750 2441 virtus
1782 2379 2084 2461 enituit33
2134 2380 2372 2442 etenim
2406 2380 2690 2464 quinque

232 2482 531 2553 hominum
577 2488 781 2553 millia
827 2491 1123 2575 exceptis
1168 2490 1545 2554 mulieribus
1592 2512 1671 2555 ac
1718 2490 2031 2576 parvulis,
2082 2513 2168 2554 ex
2213 2492 2499 2576 quinque
2545 2489 2690 2554 hor-

233 2595 461 2664 deaceis
527 2599 812 2687 panibus
882 2610 946 2664 et
1009 2600 1180 2665 binis
1246 2602 1534 2688 piscibus
1602 2604 1847 2687 ingenti
1917 2602 2274 2667 miraculo⁴
2341 2605 2688 2666 saturavit:

232 2706 551 2776 duodecim
607 2711 916 2777 corbibus
973 2735 1059 2776 ex
1104 2713 1516 2798 fragmentis,
1565 2736 1732 2800 quae
1780 2725 2180 2801 supererant,
2227 2713 2691 2801 discipulorum

232 2822 556 2889 ministerio
613 2824 883 2889 sublatis
905 2828 947 2888 ⁵.
1022 2824 1183 2889 Viso
1230 2836 1409 2891 tanto
1457 2826 1756 2913 prodigio
1803 2827 2211 2913 stupefactae
2262 2826 2493 2891 turbae
2541 2849 2691 2890 eum

232 2932 331 2997 sibi
364 2937 427 2999 in
465 2960 693 3022 regem
742 2937 1111 3002 adsciscere
1149 2938 1480 3021 volebant,
1520 2941 1662 3025 regi
1699 2938 1992 3003 subditos
2039 2962 2310 3025 pascere
2357 2942 2691 3025 proprium

233 3045 573 3113 arbitra-tae.
654 3048 949 3115 Christus
994 3050 1201 3136 probe
1248 3074 1529 3116 noscens
1573 3050 1784 3137 plebis
1839 3050 2195 3135 consilium,
2244 3051 2524 3115 delatam
2571 3051 2691 3115 sibi

234 3155 587 3242 dignitatem
636 3172 1043 3247 aspernatus,
1090 3164 1157 3226 in
1201 3173 1491 3228 montem
1545 3163 1720 3228 solus
1767 3165 2053 3247 secessit,
2103 3165 2374 3229 orationi
2423 3186 2690 3249 operam

233 3266 491 3338 daturus.
566 3274 868 3339 Jusscrat
911 3276 1163 3339 interea
1205 3274 1537 3362 Apostolis
1582 3275 1800 3341 lacum
1847 3298 2209 3341 conscensa
2261 3276 2414 3339 navi
2457 3277 2692 3339 iterum

234 3384 522 3450 traiicere.
568 3385 857 3470 Ingressi
892 3409 1049 3472 ergo
1085 3409 1264 3451 mare
1302 3389 1725 3453 transfretare
1761 3387 2131 3474 cupiebant.
2179 3387 2345 3452 Cum
2375 3389 2444 3450 in
2474 3386 2690 3451 medio

232 3497 371 3558 mari
398 3508 815 3562 versarentur
833 3502 875 3581 ⁶,
924 3500 1108 3584 aquis
1152 3498 1237 3563 ad
1282 3498 1550 3563 flantem
1592 3509 1864 3564 ventum
1908 3522 2217 3584 magnum
2261 3501 2692 3563 intumescen-

233 3604 411 3691 tibus3
476 3612 653 3675 circa
708 3620 1007 3695 quartam
1060 3612 1345 3697 vigiliam
1406 3613 1615 3678 noctis
1631 3616 1673 3697 ⁷,
1731 3636 1880 3677 cum
1928 3636 2084 3677 ecce
2138 3613 2355 3698 ,Jesus
2407 3612 2692 3677 medium

424 3846 461 3911 ¹)
498 3848 561 3896 V.
595 3848 719 3897 Not.
754 3863 934 3913 geogr.
968 3865 1019 3913 p.
1054 3848 1242 3899 XCIV.
1304 3848 1345 3915 ²)
1384 3850 1447 3899 V.
1478 3850 1599 3900 Not.
1626 3866 1806 3916 geogr.
1830 3868 1883 3916 p.
1908 3851 2157 3900 XXVIII.
2219 3850 2260 3917 ³)
2302 3850 2494 3901 Christi
2531 3852 2690 3900 inter-

234 3932 431 3995 rogatio,
468 3933 608 3983 unde
646 3948 878 3983 ememus
902 3937 1102 3999 panes?
1125 3935 1321 3985 Joann.
1348 3938 1396 3997 6,
1425 3938 1471 3985 5.
1504 3952 1612 3986 non
1638 3937 1814 3985 locum
1840 3937 2049 4002 quidem
2083 3937 2177 3986 sed
2200 3938 2428 4002 pretium
2453 3942 2687 4002 spectat3

234 4018 381 4065 maius
426 4034 583 4082 quam
630 4036 729 4085 pro
764 4025 920 4070 tanta
962 4021 1298 4071 multitudine
1345 4022 1413 4070 ab
1450 4022 1722 4087 Apostolis
1767 4024 1904 4073 solvi
1950 4029 2147 4088 posset.
2203 4024 2288 4072 Ex
2332 4023 2467 4072 Jesu
2516 4028 2692 4071 autem

236 4106 527 4163 quaestione
562 4107 879 4171 patrandum
916 4122 1035 4158 mox
1071 4109 1387 4157 miraculum
1440 4108 1825 4172 illustrabatur,
1863 4126 1982 4159 cum
2025 4110 2357 4174 responderit
2414 4108 2694 4174 Philippus

234 4185 405 4239 Joann.
430 4194 480 4251 6,
510 4194 553 4241 7.
605 4194 1003 4253 „Ducentorum
1052 4194 1389 4245 denariorum
1432 4210 1599 4261 panes
1636 4212 1746 4245 non
1791 4196 2062 4246 sufficiunt
2099 4197 2192 4257 eis,
2227 4201 2288 4245 ut
2325 4196 2692 4260 unusquisque

234 4274 471 4326 modicum
516 4279 637 4343 quid
680 4280 961 4343 accipiat.“
1016 4281 1246 4331 Tantum
1290 4284 1550 4347 pecuniae
1588 4284 1644 4332 in
1676 4282 2053 4347 Apostolorum
2101 4281 2369 4346 marsupio
2405 4286 2548 4331 certe
2585 4298 2694 4331 non

236 4363 588 4423 mperiebatur.
614 4367 655 4431 ⁴)
682 4366 923 4430 Vespera
959 4366 1061 4417 diei
1095 4369 1241 4419 XIV.
1274 4386 1342 4419 m.
1376 4370 1559 4420 Nisan.
1596 4371 1640 4429 ⁵)
1673 4370 1835 4419 Velut
1867 4370 1924 4418 in
1948 4370 2160 4419 divinae
2197 4370 2476 4433 potestatis
2513 4368 2694 4418 defen-

236 4445 431 4511 sionem,
467 4466 575 4516 qua
609 4451 997 4503 incredulitatis
1030 4456 1301 4519 protervia
1337 4462 1700 4505 exarmaretur
1740 4461 1794 4505 et
1827 4455 2070 4505 miraculi
2106 4454 2409 4505 certitudini
2455 4471 2694 4505 succum-

238 4530 381 4583 beret.
416 4536 459 4601 ὅ)
497 4538 873 4602 Quadraginta
906 4540 1207 4605 stadiorum,
1235 4556 1373 4606 quae
1400 4542 1547 4591 lacus
1585 4542 1956 4608 complectitur
1979 4541 2221 4604 latitudo,
2247 4541 2436 4607 viginti
2462 4543 2696 4607 quinque

237 4627 315 4667 aut
342 4622 557 4687 triginta
576 4623 827 4688 provecti
864 4630 1023 4674 erant.
1084 4626 1123 4690 ⁷)
1161 4628 1226 4677 V.
1252 4628 1374 4678 Not.
1402 4644 1577 4693 geogr.
1600 4644 1654 4693 p.
1680 4628 1904 4677 XXXII.

2317 4712 2382 4761 5*
