3267 5259
580 398 709 463 2(Ὸ
1324 410 1517 451 Dedecet
1544 408 1915 461 Disqnisitiouum
1947 410 2302 460 theologie-nm.

580 592 723 649 Luc.
748 596 805 661 2,
836 596 936 649 26.
998 590 1160 649 Hine
1186 594 1275 647 est
1300 590 1453 668 quod
1484 608 1516 646 e
1544 590 1772 648 Joanne
1807 590 2076 666 Baptista
2105 590 2442 649 Sacerdotes
2477 596 2538 647 et
2575 590 2820 649 Levitae
2849 590 3043 649 Joann.

588 702 639 765 1,
676 700 777 753 20.
810 701 1133 773 quaerunt3
1164 695 1308 753 hinc
1336 694 1624 765 Andreae,
1659 694 1871 753 Joann.
1909 700 1962 765 1,
2000 696 2102 751 41.
2135 693 2400 753 mulieris
2429 694 2836 753 Samaritanae
2865 696 3042 763 verba,

582 804 639 871 4,
678 804 798 869 25.,
840 804 1017 877 atque
1052 798 1203 857 illud
1232 800 1392 857 haud
1426 816 1630 857 rarum
1673 798 2156 873 interrogationis
2201 818 2414 873 genus:
2463 794 2536 875 ,εἰ
2563 796 2626 855 σὺ
2657 790 2710 855 εἷ
2738 796 2768 855 ὁ
2797 796 3046 875 Χριστὲςέ

580 904 796 969 natm.
834 907 933 974 26,
978 908 1079 961 63.
1133 903 1249 961 Pro
1277 904 1492 961 Moesia
1518 904 1644 961 sive
1673 902 1908 961 christo
1936 902 2138 961 Joeum
2171 904 2350 961 etiam
2385 904 2724 961 habuerunt
2751 922 2868 960 non
2899 903 3048 959 modo
3170 886 3171 905 ¹

584 1006 883 1083 Apostoli,
930 1023 1182 1085 quorum
1226 1006 1401 1065 fidem
1442 1027 1489 1064 s.
1522 1006 1732 1065 Petrus
1775 1006 2064 1083 professus
2091 1011 2210 1075 est3
2239 1006 2454 1065 Joann.
2487 1012 2545 1077 6,
2585 1010 2686 1066 70.
2731 1008 2832 1065 sed
2873 1008 3048 1081 ipsum

580 1128 811 1187 quoque
864 1109 903 1166 J
902 1108 1219 1167 udaeorum
1262 1108 1507 1185 vulgum
1554 1112 1689 1169 Act.
1741 1116 1797 1180 2,
1831 1114 1936 1169 36.
1984 1110 2270 1187 illumque
2313 1111 2398 1167 sie
2439 1108 2814 1185 adpellarunt
2851 1128 2964 1167 non
2992 1110 3048 1165 hi

582 1217 833 1283 tantum,
858 1215 963 1291 qui
984 1213 1178 1289 ipsum
1208 1232 1433 1272 summo
1462 1214 1658 1273 studio
1679 1220 1740 1271 et
1761 1233 1956 1273 amore
1985 1215 2501 1291 prosequebantur,
2527 1232 2732 1271 verum
2761 1213 2808 1271 ii
2839 1232 3046 1291 quoque

582 1319 687 1395 qui
714 1318 789 1375 ab
818 1316 923 1375 illo
950 1318 1195 1376 fuerunt
1222 1317 1447 1377 aversi:
1493 1317 1664 1375 velut
1689 1317 1938 1389 Pilatus,
1970 1318 2184 1376 Matth.
2221 1322 2320 1388 27,
2363 1322 2464 1375 17.
2491 1321 2594 1375 22.
2638 1316 2812 1393 impii
2839 1336 3047 1394 quoque

582 1420 981 1479 satellitemib.
1002 1426 1101 1492 26,
1122 1426 1223 1481 28.
1271 1420 1390 1480 Ubi
1415 1425 1613 1480 autem
1630 1421 1798 1479 Jesus
1827 1424 2018 1479 totum
2048 1421 2294 1479 Moesiae
2323 1440 2468 1497 opus
2495 1419 2766 1489 absolvit,
2799 1438 2868 1477 ae
2893 1420 3047 1477 disci-

583 1523 729 1600 puli,
754 1524 888 1602 quis
909 1523 1175 1582 Christus
1196 1528 1361 1596 esset,
1388 1544 1419 1583 e
1446 1525 1485 1582 J
1486 1544 1587 1583 esu
1608 1524 2034 1596 intellexerint,
2061 1544 2182 1584 vox
2205 1522 2438 1601 Χριστός
2465 1524 2694 1583 abiecta
2721 1523 3050 1599 adpellativi

585 1628 838 1687 nominis
868 1628 950 1699 vi,
984 1628 1049 1686 in
1079 1629 1375 1704 propriam
1404 1630 1557 1707 quod
1587 1629 1796 1687 dicunt
1823 1630 1992 1688 abiit.
2053 1629 2152 1687 Ita
2179 1628 2436 1705 positum
2455 1629 2782 1687 sexcenties
2815 1628 3050 1685 occurrit

583 1731 831 1793 articulo
854 1736 960 1789 aut
979 1733 1189 1791 omisso
1212 1738 1318 1791 aut
1346 1733 1561 1803 addito,
1588 1752 1722 1791 cum
1747 1730 1958 1804 Ἰησοῦς
1979 1738 2040 1791 et
2059 1730 2241 1809 κύριος
2271 1734 2440 1791 vario
2469 1732 2638 1791 modo
2667 1733 3050 1789 coniunctum.

582 1836 856 1897 Ethniois
884 1838 1063 1895 etiam
1108 1837 1307 1895 eodem
1344 1838 1581 1895 nomine
1625 1837 1916 1908 innotuit,
1949 1842 2010 1895 et
2037 1838 2122 1894 sie
2149 1836 2388 1914 quidem
2419 1840 2488 1893 ut
2515 1836 2626 1893 vix
2669 1836 2900 1909 cognito
2928 1834 2964 1891 J
2965 1852 3054 1890 esu

584 1940 821 2001 nomine
839 1984 853 2011 ,
887 1940 1201 2015 cognomen
1241 1940 1393 1999 illud
1424 1940 1730 1999 transierit
1757 1942 1822 1998 in
1853 1942 2108 1998 nominis
2137 1939 2366 2016 proprii
2405 1958 2598 1997 usum.
2660 1939 2734 1996 V.
2765 1938 2828 1996 Ο.
2859 1938 3052 2005 Taciti,

584 2044 803 2103 Annal.
830 2042 967 2116 XV,
996 2046 1143 2102 441.
1166 2064 1225 2121 p.
1254 2049 1394 2103 146.
1426 2046 1568 2103 147.
1614 2044 1778 2101 Aelii
1807 2044 2156 2121 Lampridii,
2189 2043 2364 2101 Alex.
2389 2044 2588 2103 Sever.
2621 2060 2672 2101 c.
2707 2047 2809 2101 29.
2842 2046 2940 2100 43.
2971 2042 3052 2098 ed.

586 2148 745 2207 Eiet.
780 2150 935 2222 Aug.
967 2146 1177 2206 Franc.
1212 2148 1298 2217 ΙΙ,
1338 2153 1481 2206 214.
1517 2152 1662 2207 218.

954 2314 1226 2387 Βασιλεύς
1268 2338 1314 2375 τ.
1344 2318 1422 2396 1.‚
1466 2318 1684 2397 κύριος,
1727 2318 2037 2399 προφήτης,
2084 2316 2114 2376 ὁ
2157 2314 2270 2389 υἱὸς
2313 2315 2480 2377 Amce
2503 2364 2520 2397 ,
2565 2319 2713 2389 παῖς.

794 2459 1157 2517 Alterum
1204 2458 1507 2535 epitheton
1556 2459 1708 2530 ,Rex
1736 2459 2110 2531 Judaeorum,
2159 2458 2289 2517 Rex
2320 2458 2546 2530 Israel‘,
2585 2478 2664 2518 ex
2707 2460 2912 2517 iisdem
2949 2459 3058 2515 fere

588 2564 732 2623 loeis
760 2563 1109 2633 derivatum,
1144 2564 1329 2638 priori
1358 2568 1642 2641 tanquam
1671 2582 2070 2641 synonymum
2098 2564 2392 2622 adiectum
2421 2568 2528 2621 est.
2589 2564 2808 2623 Matth.
2836 2568 2932 2632 27,
2965 2566 3054 2619 37.

592 2672 692 2726 42.
738 2669 921 2725 Marc.
961 2672 1057 2738 15,
1094 2668 1195 2725 32.
1242 2666 1385 2725 Luc.
1420 2672 1521 2739 23,
1572 2672 1674 2726 37.
1717 2672 1817 2727 39.
1879 2667 2068 2730 Quem
2099 2670 2262 2743 Mag-i
2293 2668 2462 2727 modo
2493 2672 2702 2727 natum
2731 2674 2809 2726 ut
2837 2686 3054 2740 regem

588 2772 927 2841 adorarunt,
960 2776 1021 2829 et
1048 2771 1171 2847 ipse
1198 2768 1237 2829 J
1236 2791 1367 2829 esus
1394 2774 1549 2830 sitne
1576 2790 1784 2831 revera
1815 2772 2220 2839 Israelitarum
2255 2791 2382 2844 rex,
2429 2773 2826 2847 interroganti
2859 2770 3058 2829 Procu-

589 2877 773 2934 ratori
802 2894 861 2933 se
884 2895 1003 2933 esee
1026 2877 1279 2950 ingenue
1308 2874 1652 2935 affirmavit.
1699 2876 1972 2933 Moesiam
1993 2895 2190 2950 regem
2211 2876 2499 2947 futurum,
2525 2880 2616 2934 tot
2637 2876 2888 2935 oraculis
2909 2892 3058 2951 prae·

590 2980 813 3039 dictum
838 2980 1013 3039 estin
1036 2980 1108 3038 V.
1128 2979 1216 3051 T„
1248 2984 1319 3037 ut
1347 2979 1504 3039 nihil
1527 2980 1725 3039 notius
1746 2980 1826 3037 sit
1847 2986 1908 3039 et
1929 2980 2342 3055 pervulgatum
2365 2981 2571 3054 magis.
2617 2980 2707 3038 Of.
2727 2979 2885 3038 Hist.
2902 2979 2970 3036 R.
2985 2978 3053 3035 D.

591 3084 664 3141 V.
682 3083 748 3142 Τ.
768 3103 825 3160 p.
846 3086 991 3142 462.
1038 3083 1167 3141 Hoc
1196 3085 1380 3159 ipsius
1410 3102 1676 3157 regnum,
1709 3102 1830 3141 non
1859 3083 2143 3141 caducum
2173 3090 2234 3141 et
2263 3086 2714 3159 temporarium3
2747 3084 2846 3141 sed
2873 3084 3052 3141 diver·

590 3206 721 3246 sum
750 3208 787 3245 a
814 3188 1011 3262 regnis
1040 3187 1193 3259 aliis,
1226 3208 1305 3245 sc.
1336 3192 1661 3258 aeternum,
1693 3193 1754 3245 et
1783 3187 1938 3245 nulli
1967 3188 2240 3246 interitui
2269 3190 2592 3247 obnoxium
2621 3188 2968 3247 describitur
2991 3188 3056 3244 ab

595 3293 840 3367 Angelo.
902 3290 1045 3350 Luc.
1084 3296 1137 3361 1,
1178 3296 1277 3350 33.
1308 3324 1397 3334 —
1423 3294 1499 3350 A.
1533 3310 1589 3369 q.
1622 3310 1684 3350 v.
1733 3311 1780 3349 s.
1803 3292 2142 3365 Augustini,
2189 3292 2256 3349 in
2299 3292 2508 3351 Joenn.
2541 3292 2655 3352 Ev.
2687 3311 2738 3350 c.
2776 3296 2874 3350 19.
2905 3295 3058 3349 tract.

599 3400 737 3466 117,
768 3400 825 3453 5.
852 3415 908 3472 p.
941 3399 1084 3454 798.
1117 3428 1201 3437 -
1232 3395 1557 3454 Tertium
1602 3396 1952 3467 ,Dominus‘,
1986 3414 2119 3453 cum
2149 3396 2413 3472 emphasi
2443 3414 2630 3474 neque
2671 3396 2734 3455 id
2763 3396 3058 3455 immerito.

593 3499 727 3576 Ipse
770 3500 931 3557 enim
960 3504 1049 3557 est
1076 3499 1343 3558 absolute
1372 3504 1433 3557 et
1464 3499 1700 3576 proprie
1727 3499 2087 3558 Dominus.
2135 3499 2280 3558 Coll.
2306 3500 2402 3557 Ps.
2431 3504 2530 3570 94,
2563 3504 2619 3557 7.
2659 3504 2800 3570 109,
2836 3506 2888 3557 1.
2947 3498 3062 3555 Hoc

592 3602 827 3661 nemine
878 3602 1269 3661 annuntiatur
1312 3604 1389 3661 ab
1431 3604 1662 3677 Angelo
1705 3605 2068 3679 pastoribus:
2123 3604 2284 3682 ,quia
2333 3606 2508 3661 natus
2557 3608 2648 3661 est
2697 3604 2866 3662 vobis
2907 3602 3060 3660 hodie

592 3704 881 3776 Salvator,
934 3707 1040 3785 qui
1084 3712 1172 3763 est
1220 3692 1488 3765 Christus
1538 3707 1869 3765 Dominus!
1944 3708 2086 3765 Luc.
2123 3712 2187 3776 2,
2231 3712 2328 3765 11.
2375 3706 2507 3765 coll.
2571 3708 2755 3783 Apoc.
2809 3712 2882 3765 19
2907 3751 2921 3775 ,
2971 3711 3058 3763 16.

593 3808 867 3869 Nominis
922 3809 1103 3868 huius
1161 3812 1527 3869 verissimam
1585 3811 1823 3888 quidem
1887 3810 2432 3887 interpretationem
2489 3810 2710 3868 eximie
2771 3831 2820 3868 s.
2861 3809 3060 3868 Paulus

594 3916 923 3991 proposuit;
957 3914 1053 3972 cui
1084 3914 1297 3990 passim
1328 3912 1393 3971 in
1422 3914 1683 3991 epistolis
1715 3915 2050 3985 ,Domini‘
2093 3914 2348 3985 nomine,
2381 3914 2650 3973 Christus
2689 3914 3056 3989 significatur.

592 4018 761 4076 Rom.
793 4021 890 4088 14,
920 4022 977 4075 6.
1000 4038 1047 4075 s.
1094 4016 1385 4075 Videlicet
1411 4019 1515 4095 qui
1552 4020 1633 4075 sit
1668 4018 1932 4076 omnium
1970 4023 2236 4077 nostrum
2273 4018 2580 4088 Dominus,
2621 4036 2842 4097 nosque
2885 4034 3060 4075 servos
3097 4040 3106 4049 ·

592 4142 725 4181 suos
764 4122 974 4179 fecerit
1016 4122 1145 4178 iure
1190 4120 1607 4178 Redemtionis.
1671 4120 1954 4183 Quamvis
1999 4140 2138 4180 vero
2173 4121 2211 4179 J
2211 4140 2342 4179 esus
2370 4120 2640 4179 Christus
2683 4124 2763 4180 sit
2791 4121 3060 4180 Dominus

594 4226 891 4294 omnium3
940 4224 1223 4301 peculiari
1252 4228 1451 4282 tamen
1480 4225 1708 4283 ratione
1739 4230 1826 4282 est
1854 4225 2143 4283 Dominus
2181 4226 2466 4283 bonorum
2497 4230 2558 4283 et
2585 4224 2869 4283 fidelium.
2927 4221 3058 4281 Coll.

595 4330 775 4404 Apoo.
804 4333 903 4399 22,
931 4332 987 4385 3.
1016 4333 1074 4386 4.
1110 4328 1141 4385 Ι
1164 4327 1293 4387 Cor.
1327 4333 1422 4399 11,
1452 4332 1553 4387 31.
1599 4328 1812 4403 Ephes.
1843 4335 1897 4399 1,
1928 4332 2028 4385 22.
2063 4332 2120 4400 4,
2149 4333 2246 4386 17.
2297 4328 2644 4391 Quartum
2679 4326 3056 4403 ,Propheta‘

595 4431 871 4490 videlicet
897 4432 1149 4505 Magnus
1178 4431 1293 4489 Ille
1322 4432 1515 4509 Moysi
1544 4432 1896 4503 consimilis,
1947 4431 2071 4489 loco
2101 4431 2422 4491 clarissimo
2451 4432 2630 4490 Dent.
2670 4436 2766 4503 18,
2806 4434 3059 4489 15-18,

597 4566 681 4577 —-
710 4535 781 4591 de
810 4552 925 4612 quo
953 4554 1014 4593 v.
1046 4536 1127 4593 H.
1160 4535 1231 4593 R.
1265 4534 1337 4593 V.
1370 4535 1435 4593 Τ.
1468 4555 1526 4611 p.
1564 4540 1706 4594 126.
1740 4568 1824 4577 -
1855 4534 2216 4611 praedictus,
2266 4538 2568 4612 prophetis
2609 4536 2880 4595 omnibus
2907 4552 3058 4609 prae·
