3267 5259
582 371 709 435 232
1338 380 1533 423 Dodona·
1560 380 1926 432 Disquisitionum
1955 379 2312 431 theologicarum.

581 564 975 638 exprobratio,
1000 561 1385 619 concludunt:
1410 560 1722 618 mulierem
1743 562 2126 635 peccatricem
2147 559 2328 617 aliam
2349 579 2470 617 esse
2485 560 2560 618 ab
2575 558 2808 634 hospita
2821 558 3045 617 Christi.

582 667 749 729 Quod
794 666 863 723 de
906 665 1177 725 scandalo
1222 664 1468 736 dicitur,
1518 666 1581 721 in
1628 663 1932 721 Christum
1982 683 2099 722 non
2151 664 2336 733 cadit,
2383 664 2488 741 qui
2533 664 2706 721 venit
2747 670 3046 738 peccatores

580 770 771 829 salvos
799 770 1021 837 facere;
1067 769 1463 844 poenitentem
1502 768 1644 825 adeo
1689 767 1974 838 nobilem,
2011 772 2072 825 et
2099 786 2438 841 generosam
2467 771 2527 824 et
2555 766 2931 825 conversione
2957 786 3046 823 sua

582 875 965 933 illustriorem
996 873 1301 943 redditam,
1336 892 1455 931 non
1484 871 1672 945 magis
1703 892 1740 928 a
1765 892 1828 929 se
1859 871 2140 947 repellere
2169 872 2397 943 debuit,
2431 890 2610 949 quam
2639 870 3046 929 Samaritanam

583 979 907 1036 adulteram
922 1022 935 1047 ,
988 976 1333 1052 Apostolum
1378 974 1780 1051 publicanum.
1839 976 1876 1032 J
1879 996 2005 1033 esus
2050 978 2152 1054 qui
2195 975 2342 1033 alibi
2387 974 2732 1050 publicanos
2779 981 2840 1033 et
2881 994 3046 1031 mere-

586 1084 759 1141 trices
788 1100 1181 1157 praecessuros
1210 1083 1299 1137 ait
1328 1081 1391 1136 in
1424 1098 1673 1153 regnum
1701 1080 1834 1149 Dei,
1865 1079 1936 1137 de
1967 1078 2136 1137 nulla
2162 1099 2226 1137 re
2257 1080 2454 1137 minus
2489 1098 2672 1157 quam
2701 1080 2774 1136 de
2803 1078 3048 1136 scandalo

584 1187 1035 1244 Pharisaeorum
1076 1183 1363 1243 sollicitus
1414 1183 1550 1241 fuit.
1628 1183 1860 1240 Addere
1913 1202 2205 1259 possemus
2248 1184 2502 1241 Mariam
2551 1202 2916 1252 conversam,
2959 1182 3046 1239 ina

582 1291 923 1363 integritate
954 1290 1149 1359 fuisse,
1183 1293 1243 1345 et
1274 1292 1393 1345 tam
1426 1294 1581 1345 casto
1612 1293 1878 1362 aspectu3
1916 1292 1985 1343 ut
2014 1306 2088 1344 ne
2117 1286 2366 1344 minima
2393 1288 2634 1365 quidem
2667 1286 3044 1361 impudentiae

582 1393 834 1469 suspicio
864 1396 915 1448 ei
950 1393 1013 1449 iu
1058 1398 1313 1449 mentem
1359 1410 1620 1469 unquam
1666 1391 1870 1450 venire
1903 1391 2180 1467 potuerit.
2243 1391 2436 1449 Instat
2473 1410 2652 1467 porro
2688 1394 2746 1449 3.
2781 1391 2970 1448 Estius
2995 1410 3048 1445 eo

584 1497 917 1555 dilemmate
940 1518 951 1552 :
992 1496 1209 1553 Utrum
1238 1495 1585 1569 Magdalena
1614 1516 1652 1552 a
1680 1496 2000 1553 daemoniis
2029 1495 2256 1553 obsessa
2284 1500 2490 1552 curata
2511 1495 2591 1552 sit
2608 1500 2750 1553 ante
2783 1496 3048 1551 remissio-

584 1620 719 1659 nem
750 1606 1144 1677 peccatorum,
1190 1620 1269 1657 an
1306 1618 1445 1657 vero
1482 1606 1613 1673 post
1651 1597 1875 1673 ipsam?
1934 1597 2152 1660 Quodsi
2184 1598 2350 1673 prius
2393 1600 2567 1669 dicit,
2609 1618 2720 1656 cur
2750 1618 2870 1656 non
2897 1598 3046 1655 desiit

585 1724 703 1763 esse
734 1702 1067 1779 peccatrix?
1126 1703 1186 1759 Si
1226 1710 1383 1778 post,
1419 1722 1523 1759 cur
1556 1702 1812 1759 remissis
1841 1703 1960 1759 iam
1991 1702 2238 1778 peccatis
2267 1722 2304 1759 a
2331 1703 2636 1760 daemonio
2667 1702 2790 1759 fuit
2817 1700 3046 1759 vexata?

585 1809 945 1883 Responsum
991 1808 1235 1865 habeat:
1278 1806 1558 1863 Curatam
1602 1806 1718 1862 dici
1766 1826 1926 1881 posse
1971 1826 2104 1864 cum
2148 1806 2282 1865 aliis
2327 1808 2760 1881 energumenis,
2800 1806 2896 1863 vel
2921 1806 3052 1863 forte

582 1912 849 1981 seorsim,
899 1911 1201 1989 aliquanto
1240 1915 1497 1985 tempore
1541 1910 1886 1987 priusquam
1923 1916 2294 1985 peccatorum
2322 1911 2578 1985 pondere
2609 1942 2693 1951 —
2725 1928 2876 1987 quae
2901 1928 3052 1967 causa

584 2018 735 2075 forte
780 2014 1121 2073 obsessionis
1165 2014 1403 2073 fuerant
1438 2046 1511 2055 -—
1549 2014 1930 2072 eximeretur.
1991 2014 2342 2089 Magdalena
2369 2034 2406 2071 a
2434 2014 2758 2071 daemoniis
2807 2014 3051 2081 liberata,

582 2120 675 2179 sui
698 2119 883 2177 animi
916 2121 1184 2176 morbum
1214 2118 1599 2187 considerans,
1636 2118 1931 2193 publicam
1962 2118 2382 2193 poenitentiam
2413 2118 2723 2187 exhibuit;
2757 2119 3052 2195 audireque

584 2226 805 2282 meruit
834 2223 1093 2293 ,dimissa
1120 2222 1236 2279 sibi
1280 2242 1399 2280 esse
1428 2228 1664 2297 peccata
1694 2222 1901 2291 multa,
1949 2221 2226 2299 quoniam
2271 2221 2486 2279 dilexit
2529 2222 2831 2281 multum.‘
2891 2222 3052 2295 Urget

586 2348 755 2403 porro
784 2328 984 2385 Estius
1015 2326 1334 2384 daemoniis
1372 2326 1684 2383 liberatam
1715 2326 1892 2383 fuisse
1923 2324 2362 2399 Magdalenam;
2409 2326 2624 2383 Lazari
2651 2346 2910 2384 sororem
2949 2344 3046 2382 non

583 2434 745 2489 item.
810 2432 927 2489 Nos
958 2432 1323 2489 attendentes
1353 2432 1565 2487 seriem
1596 2430 2018 2499 Historiarum,
2051 2430 2304 2487 Mariam
2335 2448 2452 2487 non
2483 2430 2738 2505 peccatis
2765 2430 2970 2501 solum,
2999 2440 3050 2485 ut

584 2535 727 2593 Luc.
768 2540 819 2605 7,
858 2539 958 2605 47,
996 2539 1095 2592 48.
1158 2541 1465 2605 narratur,
1514 2534 1614 2591 sed
1658 2539 1718 2591 et
1759 2533 2080 2591 daemoniis
2125 2533 2368 2591 liberari
2414 2534 2671 2609 potuisse
2719 2536 3052 2610 reponimus.

586 2641 853 2715 Pergunt
896 2638 1001 2696 alii
1048 2658 1321 2713 oggerere
1368 2642 1425 2694 4.
1472 2659 1517 2695 s.
1553 2638 1772 2695 Lucam
1819 2643 1947 2713 post
1991 2639 2392 2695 narrationem
2437 2638 2508 2693 de
2552 2637 2778 2695 femina
2815 2640 3057 2696 auctrice

588 2744 873 2801 subiicere
904 2743 1259 2801 mentionem
1292 2742 1690 2816 Magdalenae,
1723 2741 1985 2799 addendo
2015 2742 2068 2797 ei
2101 2746 2298 2799 notam
2329 2742 2404 2799 ab
2439 2741 2640 2799 eiectis
2669 2742 2988 2801 daemoniis
3011 2753 3056 2795 et

588 2866 705 2905 non
728 2848 801 2905 ab
830 2848 1125 2904 unctione.
1174 2847 1267 2902 Ad
1292 2864 1439 2923 quae
1463 2846 1714 2902 dicimus
1743 2844 1954 2901 merito
1978 2844 2232 2921 quidem,
2260 2844 2430 2919 longe
2455 2846 2646 2919 magis
2673 2846 2838 2904 enim
2859 2846 3056 2903 mirum

587 2956 690 3021 est,
717 2950 1035 3009 daemoniis
1058 2952 1244 3025 ipsam
1266 2949 1443 3007 fuisse
1467 2948 1776 3007 liberatam
1791 2970 1806 3017 ;
1838 2924 2016 3026 quam
2044 2948 2346 3007 Christum
2377 2951 2636 3007 unxisse.
2683 2950 2826 3007 Jaeu
2848 2950 3054 3007 Christi

590 3056 755 3113 cuius
799 3055 1074 3111 historias
1120 3054 1329 3111 scribit
1370 3074 1417 3109 s.
1452 3053 1656 3123 Lucas,
1705 3052 1918 3110 virtuti
1964 3054 2200 3131 divinae
2245 3054 2650 3111 testificandae
2691 3054 2888 3129 aptius
2925 3054 3056 3110 illud

588 3160 781 3217 visum
810 3162 913 3227 est,
960 3156 1324 3215 Salvatorem
1354 3156 1793 3214 divinissimum
1822 3156 2130 3214 daemonia
2161 3157 2410 3227 eiecisse,
2445 3176 2624 3235 quam
2653 3160 2722 3215 in
2749 3178 2812 3214 se
2843 3158 3052 3215 unctio-

590 3282 723 3321 nem
765 3261 1081 3319 admisisse.
1151 3258 1319 3321 Quod
1378 3280 1517 3317 vero
1578 3261 1884 3318 dubitant:
1947 3260 2222 3318 eademne
2265 3260 2450 3318 fuerit
2493 3260 2714 3318 mulier
2757 3281 2795 3317 a
2835 3282 2884 3319 s.
2916 3262 3058 3318 Luca

596 3372 647 3437 7,
675 3371 775 3423 38.
809 3370 1129 3422 memorata
1150 3370 1209 3421 et
1238 3384 1275 3421 a
1302 3384 1347 3421 s.
1365 3362 1589 3421 Joanne
1626 3369 1654 3420 1
1671 3370 1724 3434 1,
1747 3370 1804 3421 2.
1837 3363 2075 3421 laudata
2104 3365 2174 3422 de
2205 3363 2394 3421 nihilo
2433 3369 2540 3423 est.
2595 3364 2900 3443 Torquent
2925 3364 3054 3422 illud

591 3468 647 3545 ,ἡ
681 3466 999 3543 ἀλείψασαι,
1044 3473 1218 3547 atque
1250 3467 1378 3526 coll.
1412 3467 1556 3525 Luc.
1586 3473 1642 3538 6,
1686 3473 1781 3525 16.
1829 3466 2178 3541 intelligunt
2216 3468 2286 3525 de
2323 3468 2529 3525 futura
2569 3470 2882 3537 unctione;
2927 3486 3054 3546 quae

591 3578 785 3649 postea
822 3574 977 3631 facta
1008 3578 1093 3629 est
1122 3574 1185 3629 in
1218 3591 1409 3643 coena,
1449 3573 1554 3629 ubi
1594 3573 1864 3629 accubuit
1907 3571 2182 3629 Lazarus.
2244 3570 2302 3628 S.
2333 3571 2370 3627 J
2374 3590 2622 3629 oannem
2653 3574 3056 3648 anticipatione

592 3698 761 3736 usum
782 3722 795 3747 ‚
842 3696 969 3733 eam
1012 3677 1349 3733 unctionem
1394 3676 1725 3752 insinuare,
1770 3694 1917 3753 quae
1959 3676 2323 3750 postmodum
2367 3680 2436 3733 ut
2481 3676 2666 3734 refert
2711 3678 2836 3752 ipse
2890 3683 2982 3745 12,
3011 3680 3056 3733 3.

589 3782 746 3840 facta
790 3786 877 3837 est
920 3780 1240 3839 Bethaniae
1271 3781 1337 3837 in
1365 3780 1533 3837 domo
1572 3778 1826 3836 Simonis
1869 3778 2102 3853 leprosi.
2167 3777 2283 3839 Qui
2327 3798 2373 3836 s.
2405 3780 2442 3835 J
2445 3780 2656 3837 oannis
2685 3779 3058 3855 Evangelium

590 3886 905 3943 studiosius
948 3883 1253 3953 evolverit,
1302 3884 1638 3943 observabit
1679 3902 1798 3941 non
1844 3902 1962 3939 esse
2005 3882 2245 3940 solitum
2287 3882 2342 3939 ei
2382 3885 2448 3939 in
2494 3884 2888 3942 historiarum
2929 3884 3056 3941 serie

591 3990 979 4067 praeteritum
1037 4007 1144 4064 pro
1202 3987 1405 4045 futuro
1464 3988 1838 4045 substituere.
1925 3986 2238 4043 Videamus
2299 4006 2422 4043 rem
2483 3989 2549 4044 in
2601 3988 2912 4064 exemplis.
2987 3988 3062 4043 Ita

589 4093 971 4168 Evangelista
1022 4112 1066 4149 s.
1098 4092 1133 4149 J
1136 4110 1349 4149 oannes
1402 4090 1704 4149 Christum
1756 4091 1986 4148 inducit
2035 4088 2368 4169 loquentem
2429 4098 2485 4161 6,
2539 4096 2638 4149 71.
2689 4098 2790 4151 72.
2855 4094 3060 4163 ,Nonne

592 4216 695 4271 ego
727 4196 1026 4255 duodecim
1058 4195 1243 4269 elegi;
1278 4203 1336 4252 et
1366 4216 1440 4252 ex
1472 4196 1640 4253 vobis
1669 4215 1821 4253 uuus
1851 4194 2117 4252 diabolus
2148 4198 2274 4253 est}
2321 4195 2510 4253 Addit
2539 4196 2784 4255 deinde:
2817 4197 3060 4267 ,Dicebat

591 4306 789 4358 autem
816 4300 853 4356 J
858 4301 1033 4357 udam
1063 4300 1317 4357 Simonis
1348 4300 1705 4369 Iscarioten;
1749 4300 1848 4357 hic
1876 4298 2036 4357 enim
2067 4304 2196 4357 erat
2225 4300 2555 4357 traditurus
2585 4320 2740 4371 eum,
2775 4321 2912 4360 cum
2939 4312 3060 4359 esset

591 4423 743 4461 unus
790 4422 865 4459 ex
910 4404 1253 4461 duodecim.‘
1314 4402 1435 4461 Ubi
1479 4404 1549 4461 de
1592 4402 1750 4460 Juda
1791 4404 1980 4476 igitur
2023 4405 2148 4476 agit
2192 4422 2306 4461 non
2353 4403 2562 4461 scribit
2609 4407 2736 4483 ,qui
2783 4406 3060 4467 tmdidit·;

590 4508 689 4563 sed
720 4507 993 4564 admonet
1024 4508 1142 4577 ,hic
1170 4508 1327 4565 enim
1358 4512 1487 4565 erat
1516 4508 1844 4565 traditurus
1874 4526 2009 4565 eum
2057 4496 2230 4583 ,οὗτος
2268 4503 2376 4583 γὰρ
2408 4503 2667 4579 ἤμελλεν
2709 4505 2869 4565 ἐπὶν
2895 4526 3062 4585 παρι-
