3267 5259
902 462 1187 513 Genealogiae
1214 462 1261 503 S.
1282 462 1497 503 Betthaei
1525 464 1573 503 et
1598 465 1644 503 S.
1664 464 1821 505 Lucae.
2491 452 2616 518 189

173 660 281 698 eum
308 659 417 697 non
444 644 511 698 ut
539 642 711 698 homo
740 646 907 711 emet,
941 642 1039 699 sed
1068 646 1137 699 ut
1172 641 1333 699 filius
1377 643 1565 698 esset!
1597 661 1655 716 p.
1686 646 1786 699 30.
1831 641 2019 699 Juxta
2046 644 2200 701 hanc
2221 644 2362 701 Heli
2392 664 2428 702 a
2457 644 2616 703 Luca

173 750 442 803 vocaretur
490 749 657 820 pater
706 746 802 801 τοῦ
853 744 890 800 J
892 746 1067 820 oseph
1085 791 1099 815 ,
1154 764 1274 803 non
1326 744 1615 801 naturalis
1661 747 1759 802 sed
1803 745 2021 817 civilis,
2069 749 2222 825 quod
2249 764 2424 806 'socer
2467 754 2616 807 esset

170 850 397 925 Josephi,
436 854 603 925 pater
638 849 709 907 B.
750 850 833 907 M.
868 850 939 907 V.
984 849 1194 927 Itaque
1238 870 1285 907 s.
1318 850 1638 905 Matthaeus
1682 852 1735 908 d.
1765 851 1994 921 Josephi
2021 856 2290 927 parentes
2335 853 2612 923 referret3

169 974 207 1009 s.
233 956 403 1009 Lucae
445 972 571 1009 vero
614 955 685 1009 B.
719 956 964 1010 Mariae.
1040 954 1209 1011 Jesus
1258 954 1577 1029 putabatur
1620 954 1780 1011 filius
1821 953 2062 1029 Joseph,
2111 957 2216 1033 qui
2261 960 2457 1013 tamen
2499 957 2619 1015 fuit

170 1058 303 1115 Heli.
359 1056 417 1115 Si
464 1059 622 1115 enim
668 1062 837 1133 pater
862 1057 901 1115 J
902 1077 1003 1115 esu
1049 1058 1111 1115 in
1159 1060 1332 1115 terris
1377 1058 1758 1131 assignandus
1806 1062 1932 1115 erat
1946 1103 1960 1129 ,
2003 1077 2136 1117 cum
2181 1078 2300 1117 non
2343 1061 2619 1119 habuerit

170 1169 431 1236 parentem
446 1207 463 1233 ,
524 1182 561 1219 a
617 1182 733 1240 quo
801 1163 1139 1220 immediate
1200 1163 1433 1236 genitus
1491 1162 1571 1219 sit
1620 1192 1710 1203 -—·
1757 1162 1992 1239 qualem
2066 1164 2354 1238 putabant
2407 1163 2444 1220 J
2447 1164 2616 1221 udaei

166 1266 445 1341 Josephum
472 1288 583 1337 —-;
616 1268 691 1324 ad
719 1286 897 1327 avum
927 1287 1031 1325 seu
1057 1272 1285 1344 patrem
1317 1268 1525 1323 matris
1554 1268 1678 1323 eius
1723 1267 2145 1341 procedendum
2175 1274 2304 1325 erat
2321 1314 2334 1339 ,
2369 1268 2471 1345 qui
2501 1268 2620 1326 fuit

166 1370 300 1427 Heli.
358 1371 580 1430 Revera
609 1372 807 1447 plures
838 1376 899 1429 et
926 1373 1305 1446 gravissimae
1336 1372 1589 1427 rationes
1619 1370 2008 1441 intercedunt,
2043 1372 2114 1429 ob
2145 1390 2287 1449 quas
2317 1373 2618 1447 probanda

168 1476 305 1531 nobis
324 1477 553 1534 videtur
574 1478 720 1534 haec
742 1476 959 1552 opinio,
1006 1476 1161 1534 Nam
1186 1495 1239 1533 a.
1265 1476 1391 1549 lege
1414 1475 1812 1532 Numerorum
1839 1479 1938 1546 27,
1968 1480 1994 1531 1
2009 1520 2022 1533 .
2041 1496 2086 1533 s.
2113 1480 2348 1533 cautum
2371 1482 2515 1548 erat,
2541 1496 2616 1534 ne

168 1578 361 1653 puellae
401 1581 677 1639 haeredes
717 1583 878 1641 viros
908 1600 985 1638 ex
1031 1580 1241 1638 alienis
1281 1579 1555 1637 tribubus
1594 1580 1890 1637 ducerent.
1953 1580 2134 1637 Vetus
2179 1585 2266 1638 est
2311 1585 2506 1638 autem
2549 1582 2616 1638 in

168 1683 390 1741 Ecclesia
412 1686 655 1742 traditio
675 1686 839 1743 RM.
854 1684 929 1743 V.
954 1688 1267 1760 parentum
1286 1702 1527 1741 suorum
1550 1685 1802 1754 unicam,
1837 1702 1904 1739 ac
1934 1684 2178 1758 proinde
2205 1686 2400 1742 avitae
2429 1684 2614 1742 facul-

166 1788 281 1843 tatis
306 1788 604 1846 haeredem
635 1788 813 1847 fuisse
828 1834 843 1861 ,
876 1790 1113 1867 eiusque
1144 1790 1378 1863 nuptias
1404 1786 1443 1844 J
1446 1788 1724 1863 osephum
1753 1792 2031 1861 agnatum
2061 1788 2244 1863 ipsius
2262 1832 2275 1858 ,
2320 1791 2616 1846 sanctione

166 1890 285 1963 legis
305 1894 709 1968 praecipientis
729 1895 844 1951 sibi
866 1913 1145 1971 quaerere
1170 1897 1451 1951 coactum.
1499 1892 1597 1949 Ita
1612 1891 1808 1949 Julius
1831 1891 2167 1962 Africanus,
2193 1910 2282 1967 ep.
2309 1894 2399 1949 ad.
2425 1894 2613 1951 Arist.

165 1996 236 2051 ed.
264 1994 463 2054 Routh.
496 2016 553 2073 p.
592 2001 739 2055 234.
800 1998 1113 2070 Eusebius,
1160 2002 1382 2075 quaest.
1430 2016 1521 2056 ev.
1566 1997 1639 2053 ad
1679 1996 2041 2071 Stephanum
2090 1995 2142 2067 Ι,
2184 2001 2238 2053 7.
2271 1997 2358 2053 ed.
2391 1997 2614 2070 Migne.

166 2098 253 2172 Op.
274 2100 371 2171 IV,
397 2106 538 2159 887.
590 2122 639 2157 s.
665 2100 953 2172 Hilarius,
988 2121 1192 2160 comm.
1226 2102 1291 2159 in
1320 2102 1535 2158 Matth.
1570 2106 1621 2171 1,
1657 2106 1710 2157 1.
1745 2119 1802 2176 p.
1839 2106 1893 2159 2.
1943 2120 1989 2157 s.
2021 2102 2382 2171 Ambrosius,
2417 2120 2612 2177 expos.

166 2200 255 2259 Ev.
282 2223 381 2261 sec.
410 2205 635 2262 Lucam
667 2204 789 2275 III,
827 2209 883 2262 4.
918 2225 974 2280 p.
1014 2210 1198 2262 1315.
1230 2226 1277 2263 s.
1322 2205 1579 2262 Joannes
1608 2204 2070 2281 chrysostomus,
2113 2206 2179 2261 in
2210 2204 2425 2262 Matth.
2457 2206 2612 2263 hom.

168 2304 268 2375 ΙΠ,
300 2312 351 2365 4.
381 2328 436 2383 p.
473 2314 575 2367 25.
609 2330 659 2367 s.
719 2309 777 2367 S.
810 2310 1197 2385 Epiphanius,
1246 2310 1312 2366 in
1352 2312 1656 2367 Ancoratu
1693 2329 1752 2365 n.
1791 2314 1890 2366 60.
1923 2308 2010 2378 ΙΙ,
2047 2312 2147 2365 64.
2211 2304 2410 2384 ,Ιωσὴφ
2443 2305 2618 2380 ἔλαβε

164 2406 283 2466 κατὰ
314 2407 512 2488 κλῆρον
554 2410 660 2485 τὴν
692 2410 854 2489 ἁγίαν
886 2412 1153 2489 παρθένον
1194 2410 1467 2489 Μοιρίοιμ..ί
1512 2433 1557 2469 s.
1592 2412 2011 2489 Hieronymus,
2051 2411 2270 2469 Comm.
2302 2413 2369 2470 in
2397 2413 2614 2472 Matth.

164 2511 213 2581 I,
246 2518 295 2571 3.
334 2536 387 2590 p.
432 2522 529 2575 12.
582 2538 683 2588 ,ex
723 2538 843 2575 una
882 2518 1045 2575 tribu
1080 2516 1258 2574 fuisse
1304 2517 1520 2592 Joseph
1564 2522 1627 2580 et
1668 2516 1954 2573 Mariam:
1997 2516 2152 2573 unde
2199 2535 2274 2573 ex
2319 2516 2444 2590 lege
2489 2536 2616 2574 eam

164 2618 387 2693 accipere
414 2623 733 2695 cogebatur
764 2626 833 2679 ut
860 2623 1248 2699 propinquam
1264 2666 1279 2691 ,
1313 2627 1373 2679 et
1401 2622 1553 2697 quod
1583 2620 1760 2681 simul
1799 2626 2066 2678 censetur
2095 2622 2162 2677 in
2187 2619 2515 2692 Bethleem,
2549 2626 2619 2678 ut

162 2720 219 2777 de
244 2742 349 2779 una
374 2725 656 2783 videlicet
680 2728 865 2801 stirpe
896 2726 1203 2800 generati.⁴
1262 2725 1320 2782 S.
1343 2723 1604 2801 Gyrillus
1634 2726 1832 2796 Alex„
1867 2729 2072 2782 contra
2099 2723 2323 2781 Julian.
2357 2724 2397 2782 l.
2433 2724 2614 2783 VIII.

162 2826 235 2881 ed.
257 2828 441 2901 Migne
468 2829 593 2900 IX,
626 2834 772 2887 900.
819 2828 877 2887 S.
902 2828 1155 2887 Joannes
1184 2828 1595 2900 Damascenus,
1622 2830 1692 2887 de
1721 2829 1836 2885 fide
1867 2829 2094 2886 orthod.
2120 2828 2227 2900 IV,
2261 2834 2358 2887 14.
2382 2850 2438 2905 p.
2469 2834 2612 2888 274.

160 2927 300 2986 Idem
346 2932 400 2990 b.
433 2934 741 3007 colligitur
785 2953 861 2990 ex
906 2934 963 2991 d.
995 2933 1187 2991 Lucae
1232 2938 1290 3005 2,
1330 2938 1535 3004 1--5.,
1584 2952 1701 3011 quo
1746 2933 1870 2991 loco
1919 2938 2196 2991 narratur
2224 2954 2270 2993 s.
2301 2935 2618 3010 Josephum

158 3032 573 3095 Bethlehemum
604 3037 932 3113 profectum
958 3033 1397 3113 ,ἀπογράψασθαι
1421 3034 1511 3093 σὺν
1534 3034 1814 3113 Μαριὰμί,
1846 3042 1916 3095 ut
1943 3056 2076 3095 cum
2097 3038 2291 3095 Maria
2319 3040 2382 3095 in
2414 3057 2616 3096 census

160 3136 358 3197 tabulas
386 3142 731 3199 referretur.
791 3142 950 3215 Ergo
980 3143 1173 3199 Maria
1201 3141 1321 3199 fuit
1348 3138 1588 3217 θυγατιὴρ
1620 3137 1937 3217 ἐπίκληρος.
2005 3142 2117 3199 His
2147 3145 2234 3199 ita
2263 3142 2612 3213 constitutis,

157 3243 275 3317 quid
302 3245 577 3320 impedit;
629 3248 941 3323 quominus
969 3246 1254 3322 Josephus
1272 3290 1285 3316 ,
1336 3247 1565 3319 origine
1595 3246 1832 3323 quidem
1861 3245 2020 3303 filius
2047 3245 2276 3317 Jaoobi„
2311 3252 2617 3324 postquam

158 3344 433 3405 haeredem
475 3350 671 3407 filiam
699 3349 843 3407 Heli
892 3352 1145 3425 accepit,
1198 3350 1315 3407 dici
1358 3352 1539 3425 possit
1580 3350 1674 3405 τοῦ
1717 3349 1877 3407 Heli.
1940 3350 2171 3408 Firmat
2211 3352 2274 3408 id
2303 3350 2616 3409 familiaris

156 3446 481 3511 Divinarum
509 3454 903 3512 Voluminum
930 3474 1053 3512 mos
1072 3500 1085 3526 ,
1120 3474 1234 3532 quo
1264 3456 1465 3528 generi
1496 3460 1556 3511 et
1586 3474 1798 3523 nurus,
1831 3458 2068 3530 nepotes
2097 3460 2157 3513 et
2185 3460 2386 3531 neptes
2414 3454 2614 3530 appel-

154 3550 364 3613 lantur:
402 3558 515 3627 filii
556 3566 613 3614 et
648 3558 826 3628 filiae.
900 3558 1030 3621 Qua
1081 3560 1145 3615 in
1200 3578 1263 3615 re
1313 3558 1468 3616 nihil
1521 3559 1621 3615 hic
1663 3559 1991 3617 violentum
2051 3562 2176 3617 sive
2229 3560 2428 3631 verba,
2491 3560 2615 3618 sive

153 3674 355 3717 sensum
392 3664 794 3738 respiciamus.
869 3662 905 3719 J
906 3682 1001 3719 am
1032 3682 1108 3719 ex
1138 3682 1205 3719 eo
1234 3663 1386 3740 quod
1438 3682 1484 3729 s.
1505 3662 1692 3720 Lucas
1723 3664 1786 3719 in
1817 3663 2170 3737 Genealogia
2199 3683 2303 3721 sua
2330 3682 2512 3741 usque
2541 3664 2615 3721 ad

154 3759 321 3833 ipsum
348 3764 537 3823 Deum
584 3767 885 3837 ascendat,
936 3766 1269 3837 manifeste,
1318 3770 1387 3823 ut
1431 3766 1714 3837 vidimus,
1749 3772 1912 3841 patet
1953 3787 1997 3825 s.
2031 3768 2250 3825 Lucam
2297 3769 2362 3825 in
2392 3785 2614 3842 expan-

156 3862 319 3922 denda
346 3870 549 3928 tabula
578 3871 953 3945 genealogica
980 3871 1143 3928 aliud
1174 3870 1481 3929 consilium
1512 3871 1676 3948 sequi
1705 3890 1881 3948 quam
1909 3892 1956 3929 s.
1977 3872 2362 3929 Matthaeum.
2410 3870 2622 3928 Voluit

156 3986 235 4025 eos
260 3990 547 4032 recensere
578 3974 803 4033 Christi
834 3980 1103 4051 parentes
1123 4019 1138 4046 ,
1182 3976 1286 4052 qui
1316 3994 1434 4033 non
1466 3980 1847 4051 putarentur,
1896 3977 1995 4032 sed
2025 3996 2163 4035 vere
2201 3980 2407 4033 essent.
2469 3971 2616 4031 Cum

155 4076 323 4131 autem
363 4076 529 4136 Jesus
580 4080 901 4137 secundum
952 4084 1228 4137 naturam
1272 4080 1594 4137 humanam
1642 4076 1866 4156 ἀπάτωρ
1910 4080 2062 4137 Heb.
2116 4084 2169 4149 7,
2218 4084 2274 4136 3.
2317 4078 2492 4148 foret,
2543 4078 2615 4134 ad

156 4194 331 4249 avum,
374 4202 475 4239 seu
521 4184 862 4259 proximum
900 4184 1025 4240 eius
1065 4188 1323 4259 patrem,
1358 4184 1399 4240 i.
1434 4202 1484 4240 e.
1517 4185 1591 4241 ad
1622 4184 1796 4255 Heli,
1833 4188 2033 4259 utpote
2065 4188 2292 4259 patrem
2319 4182 2388 4239 B.
2421 4182 2504 4239 M.
2539 4182 2613 4240 V.

157 4284 547 4345 transeundum
586 4293 739 4364 uerat.
802 4289 1235 4364 Antiquissima
1282 4288 1442 4344 enim
1486 4294 1543 4344 et
1587 4292 1762 4344 extra
1805 4288 2058 4362 prudens
2103 4287 2377 4357 dubium,
2427 4287 2616 4361 posita

156 4386 367 4445 traditio
388 4422 473 4433 —-
496 4391 536 4449 l.
572 4394 725 4449 Acta
752 4390 1100 4449 Sanctorum
1128 4390 1420 4462 Bollandi,
1454 4392 1545 4449 ad.
1582 4396 1684 4451 20.
1717 4392 1924 4448 Martii
1956 4391 2079 4461 III,
2113 4396 2211 4449 77.
2245 4412 2291 4448 s.
2323 4422 2410 4433 —
2438 4392 2618 4451 habet

154 4485 211 4545 Β.
238 4490 475 4553 Mariam
506 4501 675 4571 patre
713 4516 759 4553 s.
790 4495 829 4552 J
830 4496 1123 4566 oachimO,
1157 4500 1347 4553 matre
1384 4515 1525 4553 vero
1562 4516 1607 4553 s.
1641 4498 1820 4554 Anna
1849 4496 2233 4571 progenitam.
2297 4498 2383 4553 At
2411 4497 2614 4573 explo-

156 4600 325 4652 ratum
366 4602 453 4655 est
498 4599 631 4658 coll.
662 4599 876 4658 Judith
910 4604 977 4672 4,
1017 4605 1115 4657 11.
1163 4599 1295 4657 coll.
1335 4604 1431 4670 15,
1475 4604 1533 4657 9.
1594 4600 1960 4671 Heliachim,
2009 4602 2134 4660 sive
2177 4620 2282 4677 per
2326 4619 2615 4677 apocopen
