3267 5259
535 413 764 466 XLVIII
1353 429 1600 480 Apparatus
1617 427 1851 470 ‚Historiae
1864 451 1915 460 —-
1932 427 2185 472 Chronicus.

533 611 586 655 et
620 605 833 654 Marcus
873 605 1122 655 omittunt
1155 603 1251 654 illa
1287 605 1490 667 omnia,
1541 619 1680 670 quae
1726 609 1944 670 peracta
1978 607 2103 654 suut
2146 605 2285 654 inter
2319 607 2617 669 regressum
2655 621 2685 654 e
2722 604 2939 654 deserto
2976 610 3033 654 et

532 692 748 743 vincula
783 692 1094 756 Baptistae3
1141 697 1301 758 atque
1347 697 1472 757 post
1515 693 1813 757 expositam
1850 691 2044 741 Christi
2082 692 2454 753 tentationem,
2502 693 2757 740 continuo
2795 690 3034 740 referunt

531 779 822 831 seeundum
861 779 1053 829 Christi
1088 781 1189 830 iter
1221 781 1280 828 in
1317 777 1630 840 Galilaeam‚
1668 779 1775 828 iam
1812 784 1969 844 capto
2005 778 2059 828 J.
2084 779 2356 844 Baptista:
2392 777 2635 829 volentes
2672 779 2751 827 sic
2788 779 3030 844 incipere

533 867 880 917 ministerium
929 865 1126 917 Christi
1167 881 1202 916 a
1243 865 1392 916 finito
1438 867 1729 916 ministerio
1775 865 2003 917 Jaannis
2040 865 2101 915 B.
2140 865 2391 916 Similiter
2434 881 2477 916 s.
2510 865 2691 915 Lucas
2730 867 2782 928 4,
2824 867 2908 915 13.
2950 867 3030 915 14.

533 955 728 1004 omittit
774 955 954 1005 omnia
997 953 1116 1016 illa,
1163 969 1302 1019 quae
1345 953 1412 1003 de
1453 955 1622 1019 primo
1667 954 1857 1004 itinere
1903 951 2098 1004 Christi
2142 954 2199 1003 in
2244 951 2541 1002 Galilaeam
2588 952 2819 1018 aliisque
2868 965 3032 1018 supra

535 1042 793 1092 enarratis
829 1042 990 1092 rebus
1025 1040 1290 1091 habentur
1325 1040 1468 1106 apud
1502 1040 1772 1090 Joannem
1808 1057 1853 1090 c.
1888 1057 1936 1091 e.
1965 1041 2131 1103 1—3.,
2168 1045 2331 1106 atque
2368 1038 2435 1090 de
2474 1039 2661 1090 eadem
2695 1039 3031 1106 profectione

538 1128 829 1179 Salvatoris
864 1128 1114 1194 loquitur,
1153 1129 1228 1190 de,
1257 1141 1366 1193 qua
1399 1143 1442 1178 s.
1468 1126 1771 1178 Matthaeus
1810 1133 1865 1178 et
1898 1143 1941 1178 s.
1966 1127 2197 1178 Marcus.
2252 1127 2303 1178 d.
2340 1127 2388 1176 E
2426 1127 2601 1178 verbis
2628 1126 2827 1176 Christi
2864 1141 3031 1193 penes

533 1233 576 1266 s.
599 1215 926 1266 Matthaeum
965 1217 1046 1277 17,
1087 1218 1166 1265 12.
1205 1231 1314 1264 non
1359 1215 1622 1280 sequitur,
1662 1213 1807 1279 quod
1844 1214 1959 1265 vult
1992 1214 2190 1279 Lamy,
2227 1213 2468 1264 Judaeos
2504 1213 2808 1279 Baptistam
2858 1215 3029 1264 incar-

533 1317 774 1366 cerasse3
813 1303 906 1353 sed
944 1301 1076 1352 illud
1111 1307 1318 1352 tantum
1343 1301 1663 1352 Pharisaeos
1700 1302 1903 1352 Herodi
1939 1303 2172 1353 suasisse
2210 1317 2273 1352 ex
2298 1303 2379 1351 ira
2414 1306 2469 1352 et
2492 1301 2632 1362 odio,
2670 1306 2731 1351 ut
2754 1301 3029 1351 Joannem

532 1391 666 1440 vitia
719 1404 899 1439 eorum
954 1393 1258 1454 carpentem
1312 1387 1501 1438 Matth.
1539 1391 1598 1450 3,
1640 1390 1687 1438 7.
1742 1389 1797 1438 in
1852 1387 2068 1440 vincula
2121 1390 2432 1452 coniiceret,
2487 1390 2579 1455 qui
2632 1387 2853 1439 tandem
2910 1403 3031 1438 eum

533 1475 742 1528 occidit.
803 1476 944 1526 Vere
981 1476 1109 1526 dicit
1145 1473 1387 1526 Christus
1427 1476 1703 1538 „fecerunt
1735 1477 1793 1526 in
1830 1491 1893 1527 eo
1932 1491 2284 1542 quaecunque
2324 1474 2667 1526 voluerunt!“
2730 1475 2872 1526 Nam
2908 1490 3033 1525 mox

535 1563 590 1612 in
627 1563 890 1628 principio
922 1564 1200 1614 ministerii
1237 1579 1279 1614 s.
1295 1563 1525 1614 Joannis
1549 1563 1612 1612 B.
1636 1563 1979 1628 inquisitores
2015 1563 2085 1612 ad
2118 1564 2294 1629 ipsum
2328 1563 2599 1624 miserunt,
2640 1564 2733 1629 qui
2756 1563 3035 1614 insidiosis

535 1650 938 1716 quaestionibus
973 1650 1148 1716 ipsum
1185 1651 1489 1716 fatigarent,
1537 1654 1591 1699 et
1625 1649 1735 1699 alto
1772 1651 2056 1716 supercilio
2094 1649 2161 1700 de
2197 1665 2415 1700 munere
2452 1649 2721 1715 depellere
2757 1649 3033 1701 volebant.

534 1736 731 1788 Joann.
772 1739 819 1798 1,
862 1739 941 1788 19.
980 1753 1022 1788 s.
1081 1737 1292 1787 Deinde
1337 1721 1481 1787 licet⁸
1513 1738 1763 1788 nativitas
1808 1737 2085 1804 Baptistae
2134 1737 2437 1803 prodigiosa
2482 1739 2685 1803 passim
2720 1742 2853 1788 nota
2890 1743 3039 1788 esset

538 1825 808 1887 omnibus3
845 1824 978 1873 Luc.
1021 1826 1066 1887 1,
1105 1825 1188 1874 65.
1235 1824 1362 1874 licet
1407 1839 1621 1890 quoque
1656 1826 1713 1874 in
1750 1824 1935 1875 adulta
1978 1829 2157 1874 aetate
2198 1823 2437 1887 habitus,
2484 1841 2657 1876 mores
2694 1829 2749 1875 et
2786 1825 3035 1876 doctrina

533 1912 858 1961 accesserint
901 1911 1062 1977 plane
1099 1911 1419 1977 singularcs3
1467 1917 1649 1961 tamen
1690 1927 1809 1962 eum
1842 1913 2059 1978 penitus
2107 1911 2472 1977 neglexerunt,
2511 1916 2567 1961 et
2602 1911 2888 1963 consilium
2924 1911 3031 1962 Dei

533 1999 590 2047 in
613 1999 878 2064 baptismo
915 1999 1084 2064 ipsius
1121 2005 1436 2064 spreverunt
1470 1999 1602 2049 Luc.
1630 2001 1679 2061 7,
1708 2001 1818 2048 30.:
1854 1999 1960 2048 imo
1986 1999 2161 2064 ipsum
2186 2001 2255 2050 ob
2284 2003 2551 2050 austeram
2586 2000 2730 2049 vitae
2766 1995 3035 2050 'rationem

535 2085 846 2136 calumniati
880 2091 1020 2148 sunt,
1059 2087 1214 2152 quasi
1249 2086 1586 2136 daemonium
1621 2085 1859 2136 haberet.
1896 2085 2030 2135 Luc.
2046 2087 2098 2148 -7,
2119 2088 2202 2136 33.
2250 2087 2500 2152 Denique
2534 2087 2733 2137 iniuste
2758 2087 2828 2136 ab
2864 2087 3033 2152 impio

535 2189 660 2239 rege
699 2173 870 2223 occidi
905 2174 1081 2239 ipsum
1116 2173 1264 2239 passi
1299 2178 1438 2224 sunt.
1501 2173 1557 2222 Si
1593 2173 1775 2238 itaque
1810 2174 2151 2237 inuret-imus,
2189 2189 2327 2239 quae
2362 2173 2558 2224 Joann.
2596 2176 2646 2236 4,
2686 2177 2731 2223 1.
2770 2190 2814 2224 s.
2852 2173 3034 2237 habet,

535 2275 657 2310 cum
694 2259 848 2310 dictis
874 2259 1061 2310 Matth.
1088 2261 1136 2323 4,
1167 2262 1248 2310 12.
1285 2259 1450 2310 Marc.
1480 2263 1525 2321 1,
1556 2261 1655 2322 14„
1694 2265 1822 2310 tunc
1858 2259 2247 2326 perpendemus
2281 2261 2453 2322 simul,
2491 2261 2635 2326 quod
2658 2261 2759 2310 Ev.
2787 2261 3035 2312 Joannes

535 2362 758 2398 narrans
795 2347 1022 2398 eundem
1057 2347 1193 2398 «Iesu
1230 2347 1517 2397 adventum
1551 2348 1607 2396 in
1647 2345 1941 2398 Galilaeam
1978 2363 2043 2396 ex
2080 2346 2317 2410 «Iudaea,
2367 2349 2607 2414 quamvis
2652 2365 2760 2398 non
2800 2348 3035 2415 explicet

532 2434 798 2484 Joannem
835 2434 1114 2497 traditum3
1163 2435 1402 2485 insinuat
1437 2449 1657 2486 causam
1700 2435 2001 2486 traditionis
2036 2434 2090 2484 J.
2126 2434 2427 2501 Baptistae,
2475 2449 2635 2501 quam
2671 2435 2853 2487 nullus
2893 2435 3033 2486 alius

533 2521 884 2588 Evangelista
943 2525 1287 2572 narraverat:
1341 2522 1587 2571 nimirum
1648 2521 2054 2572 Pharisaeorum
2112 2522 2367 2572 invidiam
2424 2521 2707 2574 tradidisse
2758 2522 3034 2573 Joannem

533 2609 752 2659 Herodi.
781 2609 1130 2660 Sententia
1154 2610 1314 2676 igitur
1329 2609 1500 2673 Lamy
1521 2624 1626 2658 non
1646 2610 1899 2672 cursorie,
1927 2609 2022 2659 sed
2048 2615 2159 2659 tota
2182 2609 2343 2659 animi
2369 2610 2665 2660 intentione
2689 2609 3031 2675 perlustrata,

533 2697 612 2746 de
661 2696 929 2748 duobus
973 2695 1289 2746 vinculis
1325 2696 1377 2745 J.
1415 2695 1786 2762 Baptistae
1820 2711 2107 2761 prorsus
2154 2695 2555 2746 collabitur.
2619 2695 2699 2745 Ad
2735 2701 3029 2748 extremum

534 2801 580 2834 e.
602 2784 745 2850 quod
769 2784 996 2833 maxime
1017 2784 1196 2834 obstat
1213 2784 1454 2849 opinioni
1478 2784 1787 2848 Lamyanae
1812 2788 1919 2834 est:
1947 2783 2391 2834 Historiarum
2418 2783 2761 2834 Sacrarum
2789 2785 2942 2834 iuxta
2964 2799 3033 2834 ac

532 2871 954 2938 profanarum
980 2869 1327 2920 silentium.
1366 2871 1562 2920 Priscis
1589 2887 1630 2922 s.
1646 2887 1686 2922 s.
1709 2871 1767 2920 P.
1785 2871 1843 2920 P.
1871 2877 1924 2920 et
1950 2870 2307 2937 scriptoribus
2330 2870 2397 2920 E.
2423 2872 2667 2936 geminus
2687 2869 2779 2921 ille
2799 2871 3032 2922 Joannis

533 2973 718 3008 carcer
751 2959 965 3023 penitus
1000 2957 1217 3023 ignotus
1255 2963 1352 3008 est.
1401 2957 1455 3008 S.
1483 2957 1535 3007 S.
1561 2958 1943 3024 Evangelistae
1966 2959 2270 3009 Matthaeus
2308 2963 2361 3008 et
2382 2957 2595 3008 Marcus
2620 2957 2839 3009 nonnisi
2863 2975 3029 3009 unam

534 3045 896 3111 captivitatem
932 3047 1152 3108 norunt3
1191 3061 1232 3095 s.
1259 3045 1438 3095 Lucas
1475 3046 1703 3110 scriptor
1738 3038 2096 3113 ὦιριβέστατος,
2132 3045 2301 3096 solius
2327 3045 2695 3096 Herodiani
2730 3047 3030 3098 carceris

533 3133 664 3183 fecit
715 3132 1054 3182 mentionem.
1125 3131 1396 3198 Josephus
1441 3131 1665 3183 Flavius
1722 3133 1813 3199 qui
1869 3133 2146 3199 Baptistae
2200 3133 2644 3184 existimationem
2698 3138 2753 3183 et
2808 3133 3029 3184 exitium

533 3221 710 3286 attigit
745 3218 925 3285 Antiq.
964 3218 1162 3269 XVIII.
1201 3220 1250 3282 5,
1289 3223 1337 3269 2.
1375 3235 1429 3285 p.
1467 3221 1584 3270 883.
1623 3235 1683 3282 s.‚
1732 3219 1799 3270 de
1834 3235 1943 3270 una
1977 3225 2185 3272 tantum
2220 3222 2528 3286 captivitate
2562 3220 2792 3271 Joannis
2830 3237 3027 3272 memo·

533 3307 666 3357 riam
711 3308 833 3372 egit.
895 3307 1142 3357 Profecto
1188 3307 1282 3373 qui
1318 3307 1669 3357 Harmoniam
1704 3306 2121 3374 Evangeliorum
2168 3313 2385 3358 texuero
2420 3308 2641 3358 Veteres
2656 3343 2669 3370 ,
2721 3307 2788 3358 de
2826 3307 3029 3374 duplici

535 3393 814 3460 Baptistae
847 3394 1271 3444 incarceratione
1309 3410 1376 3445 ne
1413 3395 1715 3462 cogitarunt
1752 3395 1983 3461 quidem.
2031 3395 2155 3446 Jam
2192 3411 2320 3445 vero
2344 3395 2607 3446 nonlicet
2639 3397 3029 3446 recentioribus

534 3481 912 3547 interpretibus
961 3480 1082 3532 illos
1119 3482 1175 3532 in
1211 3482 1462 3533 Historiis
1500 3481 1552 3532 S.
1591 3480 1645 3531 S.
1683 3480 2069 3532 concinnandis
2118 3487 2341 3533 eventus
2397 3486 2659 3546 statuet-03
2708 3481 2778 3532 de
2830 3483 3027 3548 quibus

535 3567 854 3635 profundum
903 3573 984 3619 est
1025 3569 1080 3618 in
1125 3573 1239 3619 tota
1285 3569 1618 3635 Antiquitate
1672 3569 1955 3620 silentium.
2029 3569 2156 3620 Sive
2210 3569 2277 3619 de
2330 3569 2657 3635 captivitatis
2712 3571 3027 3635 suppositae

535 3655 717 3718 modo,
764 3655 910 3718 loco,
957 3661 1220 3723 tempore,
1267 3657 1381 3707 sive
1425 3656 1492 3706 de
1541 3657 1877 3719 auctoribus,
1924 3657 2205 3707 duratione
2250 3662 2305 3706 et
2349 3656 2659 3708 dimissione
2700 3661 3030 3722 quaeratur?

533 3741 666 3793 nihil
703 3758 768 3792 ex
805 3745 1140 3795 monimentis
1176 3743 1514 3794 historiarum
1550 3745 1667 3794 erui
1700 3749 1892 3810 potest.
1952 3744 2131 3806 Quare
2169 3759 2235 3794 ex
2270 3742 2483 3795 silentio
2530 3744 2765 3794 omnium
2802 3746 3023 3811 scripto·

534 3846 650 3882 rum
685 3836 914 3885 sumtum
942 3836 1324 3898 argumentum,
1362 3831 1449 3882 hic
1473 3831 1576 3882 loci
1601 3833 1781 3897 magni
1806 3831 2109 3882 faciendum
2134 3837 2241 3896 est3
2276 3831 2533 3896 imprimis
2557 3845 2679 3880 cum
2716 3847 2756 3881 s.
2782 3830 3027 3884 Joannes

535 3917 635 3970 Ev.
683 3920 776 3972 ubi
823 3919 892 3970 de
935 3918 987 3969 J.
1035 3919 1312 3984 Baptistae
1357 3920 1622 3986 baptismo
1670 3920 1727 3968 in
1772 3918 1999 3970 Aennon
2050 3919 2201 3968 iuxta
2254 3917 2419 3969 Salim
2473 3917 2728 3984 loquitur,
2786 3921 3024 3984 proxime

535 4007 672 4058 haec
705 4008 874 4058 verba
907 4005 1128 4056 adiiciat
1162 4007 1210 4069 3,
1250 4008 1362 4056 24.=
1403 4005 1669 4068 „nondum
1706 4007 1849 4056 enim
1872 4007 2064 4057 missus
2098 4005 2275 4056 fuerat
2319 4005 2563 4056 Joannes
2597 4007 2655 4055 in
2690 4009 3023 4069 carcerem“;

535 4095 730 4160 quibus
776 4095 952 4144 innuit
1002 4094 1178 4160 ipsum
1223 4097 1346 4144 ante
1391 4094 1779 4144 coniectionem
1828 4094 1883 4144 in
1927 4092 2167 4155 vincula,
2222 4107 2511 4160 numquam
2556 4092 2725 4144 finisse
2772 4093 3023 4145 libertate

535 4180 764 4232 docendi
803 4185 856 4231 et
890 4180 1202 4248 baptizandi
1247 4182 1516 4243 orbatum,
1565 4197 1665 4232 nec
1702 4186 1825 4247 post
1860 4180 2075 4232 vincula
2110 4180 2359 4232 docuisse
2395 4179 2642 4246 amplius.
2702 4180 2829 4231 Una
2862 4181 3023 4248 igitur

534 4269 690 4320 nobis
728 4274 810 4319 est
844 4268 1074 4319 Joannis
1110 4268 1388 4334 Baptistae
1425 4269 1724 4334 captivitas.
1767 4297 1828 4306 -·
1854 4269 2119 4320 Accurate
2154 4267 2257 4318 hoc
2292 4268 2489 4319 docent
2522 4273 2685 4334 atque
2720 4270 3021 4335 oppositam

534 4355 596 4404 B.
643 4354 833 4420 Lamyi
879 4357 1221 4419 sententiam,
1269 4371 1430 4422 quam
1473 4371 1570 4422 pro
1617 4363 1880 4422 apparatu
1930 4355 2241 4408 eruditionis
2286 4361 2341 4406 et
2382 4355 2583 4422 ingenii
2628 4369 2734 4421 quo
2782 4355 3021 4421 pollebat

533 4455 730 4507 mag-na
763 4441 1237 4494 verisimilitudinis
1273 4443 1454 4508 specie
1489 4443 1747 4507 exhibuit,
1782 4445 2101 4495 refutarunt:
2138 4443 2191 4494 J.
2224 4441 2479 4506 Pineaud‚
2516 4457 2609 4493 sur
2642 4442 2697 4492 la
2730 4444 2917 4509 prison
2952 4443 3017 4494 de

535 4543 577 4578 s.
603 4528 758 4578 Jean.
786 4528 907 4578 Par.
935 4529 1084 4578 1690.
1132 4528 1185 4579 J.
1209 4529 1273 4579 B.
1298 4528 1512 4592 Reiche‚
1550 4529 1618 4580 de
1656 4545 1871 4580 carcere
1908 4536 1961 4580 et
1996 4529 2259 4596 supplicio
2294 4528 2347 4580 J.
2373 4530 2435 4579 B.
2460 4528 2584 4579 Hal.
2615 4531 2763 4580 1698.
2816 4530 2875 4580 C.
2904 4530 3017 4580 Cel-

534 4612 725 4678 larius,
771 4615 840 4664 de
883 4615 1041 4664 Joau.
1079 4615 1140 4664 B.
1191 4618 1413 4681 eiusque
1459 4631 1675 4666 carcere
1720 4622 1773 4665 et
1813 4617 2092 4683 supplicio.
2142 4617 2265 4666 Hal.
2307 4619 2457 4667 1703.
2502 4617 2559 4666 in
2595 4617 2721 4668 diss.
2759 4618 2912 4668 acad.
2946 4617 3017 4678 11,
