3267 5259
603 456 730 519 312
1360 468 1422 507 no
1450 466 1644 508 fontibus
1671 466 1835 507 mator.
1868 468 1917 507 n.
1951 466 2001 507 n.
2031 466 2074 507 J.
2103 466 2146 507 c.
2177 477 2328 507 comm.

604 649 851 707 alteram
880 649 1045 726 quasi
1078 647 1546 705 testimoniorum
1580 651 1804 723 partem
1838 668 1942 723 pro
1973 646 2280 705 authentia
2309 651 2368 704 et
2397 647 2740 719 integritate
2769 646 3064 703 testimonii

605 753 875 811 Flaviani
912 752 1243 828 probanda:
1276 754 1348 810 ad
1380 752 1615 810 Codices
1645 754 1681 809 J
1684 752 1879 828 osephi
1911 751 2036 810 sive
2068 752 2269 828 editoe,
2313 752 2436 809 sive
2467 751 2916 826 manuscriptos3
2961 753 3066 807 sire

608 857 821 915 latinos
838 857 961 915 sive
976 876 1225 931 graecos,
1246 860 1429 935 quiin
1448 855 1694 927 Galliae,
1715 856 2082 927 Germaniae,
2105 856 2314 914 Italiae
2331 856 2806 935 reliquarumque
2823 854 3065 929 Europae

607 962 1102 1019 Bibliothecarum
1147 961 1395 1020 cimeliis
1439 968 1846 1032 asservantur,
1903 981 2226 1039 quorumve
2282 961 2477 1035 plures
2527 980 2604 1017 ex
2665 961 2810 1017 Asia
2865 960 3065 1016 advecti

606 1068 769 1123 fuere
794 1065 829 1123 ³.
877 1067 1090 1124 Omnes
1110 1064 1214 1124 hi²
1245 1069 1310 1125 in
1340 1067 1644 1124 retinendo
1675 1066 1910 1124 laudato
1940 1068 2010 1123 de.
2041 1066 2271 1123 Christo
2303 1064 2637 1122 testimonio
2669 1064 2818 1120 mire
2849 1082 3061 1120 consen-

610 1170 786 1227 tiunt.
850 1170 1135 1229 Nonnulli
1170 1172 1405 1249 quidem
1436 1171 1674 1229 variant·
1703 1172 1854 1248 quod
1903 1172 1974 1228 ad
2017 1170 2208 1226 sedem
2254 1170 2361 1227 loci
2411 1170 2657 1240 attinet3
2713 1174 2776 1225 at.
2824 1188 2896 1224 ne
2937 1186 3068 1224 unus

611 1426 753 1497 ,,περὶ
786 1430 871 1479 τοῦ
908 1426 1118 1489 παντόςίί
1157 1436 1318 1497 negat
1362 1445 1478 1480 esse
1516 1431 1764 1497 Josephi,
1815 1430 1960 1496 quod
2007 1431 2083 1479 ibi
2127 1430 2193 1479 de
2233 1429 2442 1479 Christo
2493 1445 2619 1478 vero
2657 1429 2776 1477 Deo
2827 1430 3066 1495 aptissime

610 1516 861 1581 loquitur.
922 1517 1067 1581 Ergo
1104 1518 1352 1583 inquiunt
1387 1519 1783 1583 supposititium
1821 1518 2010 1566 habuit
2046 1518 2403 1567 testimonium
2439 1520 2546 1565 tam
2585 1516 2842 1565 disertum
2875 1514 3071 1579 Josephi

612 1604 670 1651 in
720 1602 931 1651 laudem
970 1602 1180 1653 Christi.
1240 1605 1340 1653 His
1381 1605 1789 1670 respondemus:
1840 1604 1931 1669 qui
1979 1602 2288 1653 desiderant
2335 1602 2633 1667 Scriptores
2682 1602 2914 1651 Eusebio
2959 1603 3070 1651 anti·

615 1691 853 1755 quiores,
901 1692 1259 1754 meminerint,
1298 1708 1355 1741 se
1395 1693 1591 1741 frustra
1638 1696 1949 1756 exspectare
1987 1692 2138 1740 citari
2183 1691 2539 1740 testimonium
2581 1705 2644 1739 eo
2689 1694 2948 1754 tempore,
2983 1705 3072 1753 quo

613 1776 763 1827 nulla
798 1779 911 1827 eius
959 1782 1076 1827 erat
1120 1780 1427 1829 necessitas.
1492 1778 1712 1829 Veteres
1749 1778 2080 1843 Apologetae
2129 1783 2316 1827 contra
2351 1775 2593 1825 Judaeos
2642 1775 2912 1826 efficacius
2947 1776 3072 1825 adhi-

614 1865 817 1913 bebant
870 1867 1125 1915 vaticinia
1176 1865 1585 1931 prophetarum,
1642 1881 1801 1931 quam
1857 1866 2032 1915 locum
2091 1864 2296 1927 Flavii3
2357 1864 2444 1914 cui
2499 1862 2732 1913 nondum
2789 1880 2913 1913 usus
2963 1864 3074 1911 satis

616 1953 985 2002 auctoritatem
1036 1952 1179 2018 apud
1228 1960 1471 2018 posteros
1526 1953 1923 2004 conciliaverat.
1999 1951 2156 2013 Quod
2205 1966 2330 1999 vero
2379 1950 2626 1999 Photium
2681 1952 2896 2011 attinet,
2943 1966 3072 2015 arg-u-

614 2043 849 2087 mentum
886 2056 949 2087 ex
988 2056 1051 2089 eo
1088 2046 1317 2089 sumtum
1356 2042 1410 2089 in
1449 2042 1592 2105 ipsos
1630 2040 1968 2089 adversarios
2011 2045 2395 2104 retorquemus.
2456 2038 2677 2087 Photius
2715 2044 2857 2087 reete
2895 2039 3077 2103 putavit

616 2125 837 2174 Librum
874 2125 1019 2175 illum
1058 2142 1107 2174 π.
1145 2142 1186 2175 τ.
1224 2142 1273 2175 π.
1312 2142 1419 2175 non
1458 2142 1575 2175 esse
1612 2126 1853 2191 Josephi,
1900 2142 2008 2175 non
2047 2142 2112 2175 ea
2149 2126 2265 2175 sola
2299 2127 2523 2187 ratione,
2567 2125 2710 2190 quod
2749 2126 2981 2174 Christus
3014 2126 3074 2173 ibi

617 2214 939 2276 nominetur3
986 2213 1081 2263 sed
1128 2214 1271 2279 quod
1310 2215 1475 2263 verba
1518 2213 1650 2263 fiant
1686 2213 1752 2263 de
1799 2212 2054 2262 ineffabili
2103 2215 2220 2262 eius
2265 2214 2636 2277 generatione,
2681 2218 2935 2279 tanquam
2969 2212 3074 2261 Filii

617 2300 734 2348 Dei.
796 2301 1009 2349 Etenim
1045 2302 1089 2349 si
1128 2316 1313 2350 verum
1350 2306 1429 2350 est
1467 2300 1609 2366 quod
1661 2300 1952 2351 adversarii
1992 2301 2200 2361 dicunt,
2249 2300 2498 2349 Phot'uun
2543 2300 2756 2350 silentio
2795 2316 2892 2349 suo
2925 2300 3079 2349 locum

620 2392 855 2436 nostrum
904 2387 1211 2452 damnasse;
1264 2404 1359 2437 cur
1404 2404 1510 2437 non
1558 2404 1682 2453 ergo
1722 2404 1838 2437 cum
1883 2392 1966 2438 tot
2001 2388 2135 2437 alios
2171 2388 2396 2451 legeret,
2445 2389 2536 2452 qui
2579 2387 2714 2436 illud
2749 2388 3078 2437 testimonium

618 2491 715 2539 pro
754 2490 879 2524 vero
918 2481 1270 2539 agnoscerent
1316 2475 1591 2525 confutat?
1653 2476 1884 2541 Dignum
1921 2490 2052 2525 sane
2091 2475 2253 2525 fuisse
2289 2474 2430 2524 hanc
2466 2474 2708 2524 fraudem
2746 2490 2846 2524 sua
2879 2488 3080 2523 censura

620 2562 992 2627 perstringere.
1030 2562 1099 2611 At
1136 2578 1263 2611 vero
1302 2578 1421 2611 cum
1456 2563 1557 2611 hoc
1593 2578 1883 2628 numquam
1919 2563 2112 2612 fecisse
2148 2564 2458 2627 repet-latur,
2497 2563 2704 2628 potiore
2739 2564 2854 2611 iure
2889 2562 3078 2611 conclu-

622 2648 811 2711 dimus,
852 2664 971 2699 eum
1007 2650 1365 2699 testimonium
1402 2650 1577 2699 Flavii
1614 2651 2007 2715 comprobasse.
2069 2651 2314 2713 Photius,
2353 2652 2506 2699 cuius
2541 2654 2780 2699 ceterum
2813 2650 3082 2709 auctoritas

622 2752 729 2785 non
764 2736 1159 2802 praeponderat
1194 2738 1498 2787 auctoritati
1534 2738 1784 2799 Eusehii,
1834 2738 2146 2802 Hieronymi
2185 2742 2237 2786 et
2275 2737 2524 2799 aliorum,
2572 2754 2710 2803 quos
2746 2737 3082 2788 laudavimus:

623 2824 675 2872 in
721 2823 1055 2873 Bibliotheca
1100 2838 1199 2874 sua
1246 2826 1571 2890 excerptoris
1618 2830 1799 2891 partes
1845 2830 2052 2874 tantum
2098 2825 2222 2890 egit.
2295 2824 2490 2874 Omnia
2533 2839 2592 2874 se
2630 2840 2906 2875 recensere
2945 2822 3084 2876 velle.

624 2909 813 2959 nullibi
852 2910 993 2959 dicit.
1045 2911 1183 2971 Quin
1224 2912 1327 2960 imo
1366 2916 1734 2976 excerptorum
1772 2928 1886 2962 mos
1924 2916 2022 2973 est,
2059 2918 2118 2961 ut
2149 2912 2315 2961 multa
2351 2914 2511 2961 etiam
2547 2918 2888 2977 praetereant
2919 2914 3086 2960 notam

626 2996 963 3063 dignissima3
1010 2999 1299 3063 praecipue
1336 3000 1382 3048 si
1418 3004 1547 3049 nota
1582 3004 1636 3048 et
1673 3000 1989 3065 pervulgata
2037 3004 2174 3049 sunt.
2237 3000 2370 3047 Cum
2419 3000 2602 3064 itaque
2649 2998 2870 3048 Photius
2903 2996 3086 3045 videret

622 3084 848 3155 Josephi
895 3086 1253 3135 testimonium
1298 3086 1543 3136 omnibus
1592 3093 1778 3137 notum
1824 3086 2112 3147 celebrari,
2156 3086 2329 3136 noluit
2371 3086 2458 3135 hic
2501 3102 2806 3151 excerpere.
2863 3085 3086 3147 Denique

624 3188 693 3221 ne
728 3177 911 3223 nostra
956 3173 1111 3221 nimis
1150 3178 1426 3222 excrescat
1462 3172 1751 3237 disputatio
1789 3174 1858 3223 ad
1894 3188 2056 3223 unam
2095 3173 2270 3223 adhuc
2307 3173 2585 3222 dubitandi
2630 3174 2886 3223 rationem
2929 3171 3086 3219 venia·

624 3276 755 3309 mus.
817 3260 1094 3324 Ingentem
1138 3260 1303 3309 edunt
1348 3260 1625 3325 strepitum
1661 3276 1778 3309 cum
1829 3260 2086 3324 Origene,
2134 3276 2290 3326 quem
2329 3288 2391 3295 —
2431 3277 2479 3309 ν.
2520 3260 2767 3310 Gerlach.
2805 3277 2854 3325 p.
2891 3261 2994 3308 150.
3029 3282 3086 3291 -

626 3346 959 3396 contendunt
1002 3351 1191 3396 contra
1238 3346 1565 3395 authentiam
1612 3347 1898 3411 periochae
1945 3346 2122 3395 Flavii
2167 3347 2512 3397 addubitatae
2557 3348 2862 3411 scripsisse,
2909 3345 3088 3393 Comm.

626 3432 681 3481 in
718 3432 819 3481 Ev.
854 3431 1041 3492 Matth.
1080 3438 1115 3481 t.
1152 3434 1216 3481 X.
1252 3434 1335 3481 46.
1387 3438 1575 3483 contra
1621 3433 1834 3483 Celsum
1873 3434 1923 3495 Ι,
1962 3435 2046 3483 47.
2093 3434 2299 3494 XVIII,
2335 3436 2418 3483 87.
2481 3434 2588 3483 Sed
2635 3450 2700 3482 ex
2745 3434 2828 3482 his
2871 3434 3086 3497 inspecto

626 3521 776 3567 textu
820 3534 1013 3583 graeco
1061 3516 1148 3579 ‚,‘O
1195 3517 1242 3567 δ’
1281 3513 1422 3577 αὐτὸς
1467 3516 1548 3567 καί
1582 3516 1659 3569 τοί
1700 3536 1756 3587 γε
1801 3513 2016 3569 ἀπιστῶν
2051 3522 2124 3587 τῷ
2170 3517 2311 3583 {noo-3
2357 3518 2426 3579 ὡς
2475 3520 2737 3587 λριστιζ)“;
2791 3520 2917 3570 nihil
2957 3516 3088 3567 alind

629 3603 769 3653 effici
806 3610 997 3670 potest,
1038 3621 1199 3671 quam
1236 3606 1520 3672 Origenem
1558 3608 1763 3656 mirari:
1803 3607 1946 3672 quod
1982 3622 2102 3657 curn
2126 3607 2390 3657 Jacobum
2415 3609 2584 3657 virum
2624 3614 2866 3657 sanetum
2893 3610 3087 3656 iustum-

628 3706 733 3757 que
779 3691 1087 3754 crediderit,
1136 3693 1321 3742 Jesum
1370 3694 1601 3743 noluerit
1650 3694 1865 3743 credere
1912 3710 2029 3745 esse
2075 3696 2344 3745 Messiam.
2405 3695 2680 3755 Quaecum
2717 3697 2794 3745 ita
2829 3697 2950 3756 sint,
2989 3700 3087 3741 tum

628 3777 839 3843 quidem
879 3778 1136 3844 Origenes
1174 3785 1354 3829 noster
1390 3784 1484 3829 est.
1539 3780 1726 3846 Apage
1773 3780 1904 3830 tales
1951 3782 2282 3846 suspiciones
2327 3780 2475 3830 nulla
2519 3781 2896 3847 probabilitate
2931 3781 3082 3837 nixas,

627 3866 756 3915 viris
792 3866 1035 3929 ingenuis
1072 3871 1231 3932 atque
1268 3867 1486 3917 eruditis
1522 3867 1786 3933 indignas.
1847 3869 1999 3919 Haec
2035 3866 2104 3926 ὡς
2143 3864 2189 3917 ἐν
2225 3863 2426 3935 παρόδω
2462 3870 2791 3929 notavimus,
2838 3869 2922 3933 qui
2945 3865 3086 3931 plura

630 3956 803 4005 adhuc
842 3954 1110 4005 desiderat
1146 3954 1306 4005 adeat
1342 3972 1406 4005 ex
1443 3956 1638 4005 nostris
1675 3962 1888 4021 praeter
1911 3956 2016 4005 iam
2041 3954 2288 4005 laudatos
2315 3956 2628 4020 scriptores:
2667 3956 2906 4005 Natalem
2938 3951 3088 4005 Alex..

566 4074 591 4092 .-
630 4044 766 4093 Hist.
793 4043 942 4093 Eccl.
980 4043 1051 4105 11,
1078 4045 1196 4093 410.
1224 4060 1266 4093 s.
1317 4043 1719 4106 Gravesonium‚
1757 4044 1822 4092 de
1859 4048 2013 4107 myst.
2053 4058 2102 4107 p.
2130 4044 2248 4091 226.
2275 4058 2320 4091 a.
2376 4040 2438 4091 G.
2475 4042 2727 4108 Lumper‚
2767 4043 2896 4091 Hist.
2927 4040 2988 4088 th.
3021 4054 3090 4085 cr.

632 4122 684 4179 S'.
722 4128 773 4179 S.
808 4126 869 4179 P.
904 4131 963 4180 P.
1010 4131 1037 4178 I
1086 4131 1203 4179 498.
1240 4146 1281 4179 s.
1336 4130 1398 4179 G.
1432 4130 1716 4193 Bonicour,
1757 4128 1880 4179 dial.
1915 4136 1950 4179 t.
1986 4134 2022 4177 t.
2063 4128 2128 4178 de
2165 4129 2386 4178 Canone
2423 4144 2464 4177 s.
2509 4130 2655 4178 Libr.
2695 4146 2740 4178 c.
2777 4130 2916 4177 Rom.
2953 4126 3088 4174 1704.

632 4218 993 4268 Cherubinum
1033 4217 1098 4267 de
1136 4236 1177 4267 s.
1204 4218 1458 4283 Josepho,
1497 4219 1694 4283 Appar.
1727 4217 1853 4266 bibl.
1891 4216 1990 4279 111,
2025 4218 2142 4265 325.
2183 4216 2264 4265 ed.
2303 4215 2462 4263 Brux.
2499 4217 2646 4263 1705.
2699 4214 2759 4264 C.
2786 4215 2844 4263 R.
2869 4212 3090 4269 Billnart,

633 4306 849 4356 Summa
884 4307 936 4355 S.
964 4304 1216 4356 Thomas.
1244 4305 1326 4354 ed.
1354 4306 1515 4353 Wirc.
1546 4306 1695 4353 1768.
1723 4304 1864 4365 XIV,
1893 4306 1973 4352 75.
1999 4317 2042 4352 8.
2071 4308 2123 4351 et
2149 4302 2298 4352 alios.

844 4395 881 4459 ¹)
922 4395 1041 4455 Quo
1091 4394 1365 4442 referimus
1416 4392 1670 4455 imprimis
1720 4391 2118 4439 celeberrimum
2167 4388 2418 4439 Codicem
2465 4404 2718 4453 graecum
2768 4388 2834 4437 ab
2881 4384 3092 4449 Augerio

631 4483 940 4551 Busbequio
988 4481 1112 4532 olim
1152 4478 1615 4543 Constantinopoli
1662 4482 2050 4542 comparatum,
2099 4482 2152 4525 et
2197 4478 2250 4525 in
2297 4476 2636 4525 Bibliotheca
2679 4476 2737 4525 C.
2777 4476 2834 4525 R.
2871 4472 3096 4524 Palatina

633 4570 1034 4621 vindobonensi
1074 4569 1376 4633 repositum.
1428 4566 1507 4614 Cf.
1544 4566 1601 4613 P.
1634 4564 1926 4624 Lambecii‚
1967 4563 2032 4613 de
2069 4562 2208 4613 Bibl.
2249 4562 2401 4612 Caes.
2443 4563 2586 4612 VIII.
2623 4579 2674 4613 n.
2711 4566 2759 4613 3.
2793 4562 2872 4613 ed.
2905 4553 3096 4614 Kollzir,

633 4674 684 4721 p.
715 4659 794 4705 10.
822 4672 864 4705 s.
940 4655 979 4718 2)
1019 4656 1121 4703 Per
1157 4652 1473 4702 Hudsonum
1513 4657 1566 4701 et
1603 4652 2032 4715 Havercampum
2071 4650 2472 4715 diligentissime
2511 4649 2709 4699 collati.
