3267 5259
544 424 667 490 166
1207 435 1323 477 mat.
1354 435 1460 477 sev.
1492 434 1579 477 div.
1611 434 1664 476 s.
1685 434 1737 475 ϊ.
1767 432 1937 476 Pax-iod.
1969 432 2006 475 1.
2026 445 2120 485 ap.
2151 433 2352 475 ntem.

542 611 868 677 Christum
924 611 1333 692 ammissum,
1392 610 1678 675 accurrit
1736 606 1822 671 ad
1881 606 2376 693 amplectendos
2429 606 2640 693 pedes
2685 608 2850 672 eius.
2921 606 3053 672 Oui

540 726 581 792 J
588 748 735 790 esus
779 724 1040 789 blande:
1087 746 1171 789 ne
1216 746 1321 787 me
1366 722 1656 807 tangito!
1715 721 1887 788 Unio
1931 730 2254 807 perpetua
2295 744 2430 785 non
2469 722 2538 783 in
2582 719 2712 785 hac
2757 720 3054 785 mortali-

540 847 675 903 tate
701 833 1044 923 speranda,
1069 837 1137 901 in
1162 834 1360 900 coelis
1384 836 1557 899 enim
1582 835 1864 920 primum
1894 833 2078 898 locus
2101 834 2224 897 erit
2243 832 2542 919 perfecte
2573 832 2702 895 frui
2735 833 3052 896 amicitia.

540 949 881 1015 Mandavit
937 946 1175 1013 deinde
1220 946 1470 1012 Mariae
1530 968 1699 1013 voce
1761 948 2180 1029 suavissima,
2243 955 2317 1011 ut
2373 944 2533 1010 nihil
2591 954 2856 1009 morata
2897 966 3054 1009 sese

540 1064 755 1129 statim
817 1064 883 1125 in
928 1062 1103 1126 viam
1164 1059 1375 1143 daret,
1432 1061 1894 1124 annuntiatura
1937 1061 2486 1123 resurrectionem
2531 1080 2744 1140 suam,
2791 1067 2868 1121 ut
2913 1056 3052 1121 dis-

544 1174 793 1262 cipulos
852 1174 1229 1260 perterritos
1274 1182 1622 1237 recrearet.
1683 1170 1882 1251 Quod
1934 1170 2314 1237 mandatum
2369 1192 2658 1257 propere
2725 1180 3054 1235 exsecuta

544 1296 641 1351 est
684 1285 1099 1371 Magdalene,
1146 1284 1265 1351 sed
1311 1286 1551 1371 exiguo
1599 1308 1750 1350 cum
1799 1275 2111 1350 successu
2135 1288 2176 1349 ¹.

749 1479 1001 1547 Diqressio
1048 1478 1118 1531 ad
1164 1478 1548 1549 Affaritionem
1590 1496 1626 1530 s.
1671 1476 1962 1530 mulieribus
1989 1478 2206 1544 saetam.
2267 1477 2352 1526 De
2405 1475 2826 1527 Resurrecfione
2871 1474 2946 1523 D.
2985 1475 3052 1525 N.

543 1566 596 1615 J.
634 1563 694 1615 C.
752 1579 912 1631 quam
967 1564 1227 1629 plurimae
1282 1570 1461 1615 essent
1516 1563 1832 1615 refutandae
1887 1564 2215 1614 obiectiones
2270 1563 2728 1625 adversariorum,
2785 1576 2930 1628 quas
2989 1562 3056 1611 de

545 1652 790 1717 primario
837 1650 939 1702 hoc
982 1650 1106 1701 fidei
1153 1652 1378 1702 articulo
1426 1656 1666 1713 movent,
1705 1649 1799 1701 sed
1835 1666 1933 1717 pro
1969 1650 2200 1700 instituti
2234 1651 2404 1701 nostri
2451 1651 2658 1699 ratione
2693 1650 3054 1715 gravissimas

544 1739 648 1789 uisi
686 1738 1040 1804 dispiciemus.
1090 1737 1392 1789 solvendae
1428 1752 1559 1804 prae
1596 1739 1788 1788 ceteris
1825 1742 1950 1787 suut
1984 1736 2328 1788 difficultates
2366 1736 2434 1787 de
2471 1738 2781 1806 Anyelorum
2813 1738 3056 1807 Appeti-

546 1826 760 1879 tionibus
804 1831 857 1876 et
904 1826 1235 1879 Ser-monibus.
1296 1825 1381 1875 De
1435 1826 1601 1892 priori
1655 1826 1992 1891 apparitione
2035 1824 2224 1875 Matth.
2261 1824 2345 1887 28,
2381 1826 2431 1874 2.
2485 1823 2678 1889 Angeli
2723 1822 3056 1873 custodibus

544 1913 814 1979 sepulchri
850 1912 1009 1975 facta,
1046 1912 1252 1963 nullum
1282 1917 1371 1979 ,est
1397 1912 1543 1979 apud
1566 1914 1883 1978 interpretes
1911 1911 2145 1961 dubium.
2184 1910 2289 1961 Sed
2323 1911 2390 1961 de
2415 1910 2844 1977 apparitionibus
2871 1910 3058 1976 Ange-

544 2000 739 2063 lorum,
790 2014 929 2065 quae
974 2017 1015 2051 s.
1050 1999 1362 2051 mulieribus
1401 1999 1729 2065 obtigerunt,
1768 2015 1877 2048 non
1913 2013 2300 2065 usquequaque
2337 2000 2677 2049 conveniunt.
2729 1996 3058 2047 Difficultas

545 2088 717 2153 prima
754 2088 921 2136 oritur
956 2102 987 2136 e
1024 2087 1074 2136 d.
1118 2086 1303 2138 Marco
1340 2087 1432 2149 16,
1458 2088 1507 2135 5.
1560 2087 1923 2146 „introeuntes
1969 2087 2024 2135 in
2071 2090 2472 2135 monumentum
2505 2084 2756 2135 viderunt
2789 2086 3058 2135 iuvenem

551 2173 827 2225 sedentem
862 2174 919 2223 in
955 2171 1169 2235 dextris,
1208 2178 1517 2238 coopertum
1554 2172 1694 2223 stola
1729 2171 2009 2223 candida“.
2049 2172 2218 2233 Quem
2249 2187 2290 2223 s.
2315 2171 2532 2222 Marcus
2555 2171 2683 2221 dicit
2703 2168 3056 2234 ,νεανία-κού,

546 2277 587 2311 s.
624 2258 928 2311 Matthaeus
980 2263 1143 2310 vocat
1188 2252 1490 2329 ,ἄγγελονῆ
1546 2274 1682 2325 quos
1729 2276 1770 2309 s.
1806 2258 2048 2309 Joaunes
2103 2258 2343 2324 adpellat
2391 2252 2725 2327 „cinaeo-:Q
2777 2273 2820 2307 s.
2859 2258 3058 2308 Lucas

547 2348 784 2397 nominat
822 2340 1085 2413 „Hvaag“.
1140 2346 1324 2396 Prouti
1372 2361 1500 2396 vero
1544 2344 1962 2411 Evangeliorum
2007 2346 2299 2412 scriptores
2346 2361 2464 2396 sese
2513 2352 2694 2395 mutuo
2731 2344 3055 2410 explieautg

544 2435 623 2483 ita
658 2448 871 2499 quoque
906 2434 1212 2482 iuvenem
1250 2438 1305 2483 et
1339 2434 1520 2482 viros
1556 2432 1792 2498 Angelos
1830 2448 1964 2494 esse,
2017 2434 2106 2497 qui
2141 2432 2376 2482 humana
2412 2432 2583 2481 forma
2616 2459 2683 2468 —
2717 2446 2868 2497 quae
2909 2434 3054 2482 viro-

547 2536 660 2569 rum
697 2519 919 2570 iuvenili
958 2524 1133 2569 aetate
1170 2520 1387 2585 propria
1423 2523 1506 2571 est
1558 2548 1625 2557 —
1682 2524 2072 2582 assumserunt,
2117 2518 2324 2570 nullum
2359 2519 2580 2569 dubium
2615 2522 2711 2569 est.
2773 2518 3056 2583 Imprimis

548 2608 675 2672 quia
718 2606 859 2657 idem
902 2606 995 2657 ille
1040 2623 1082 2658 s.
1116 2606 1296 2657 Lucas
1342 2608 1425 2670 24,
1462 2608 1547 2657 23.
1602 2612 1786 2656 narrat
1836 2606 2085 2656 mulieres
2136 2600 2402 2667 ,ὀπτασίαν
2453 2600 2708 2674 ἀγγέλων“
2766 2604 3054 2656 habuisse.

549 2693 795 2744 Secundo
834 2694 1109 2743 venientes
1145 2692 1393 2743 mulieres
1428 2694 1485 2743 in
1522 2693 1790 2759 sepulchri
1828 2692 2148 2745 vestibulum
2184 2694 2460 2759 ingressae
2485 2698 2630 2756 sunt;
2667 2691 2900 2741 stabant
2927 2709 3056 2758 ergo

549 2782 605 2830 in
644 2779 925 2846 sepulchro
963 2780 1225 2843 mulieres,
1262 2796 1372 2830 non
1410 2787 1560 2831 extra
1596 2786 2009 2833 monumentum.
2059 2780 2222 2846 Atqui
2270 2786 2422 2829 extra
2457 2780 2588 2830 illud
2624 2777 2832 2829 sedisse
2869 2780 3058 2845 Ange-

548 2866 658 2916 lum
693 2872 878 2917 narrat
913 2883 954 2917 s.
998 2866 1301 2917 Matthaeus
1338 2869 1423 2929 28,
1450 2869 1499 2917 2.
1525 2869 1575 2917 5.
1630 2868 1920 2917 Praeterea
1956 2866 2062 2917 duo
2099 2866 2155 2917 hi
2190 2866 2570 2931 Evangelistae
2605 2882 2770 2916 unum
2807 2872 3056 2917 tantum-

548 2952 705 3003 modo
741 2952 1001 3018 Angelum
1039 2959 1481 3017 commemorant3
1520 2971 1561 3005 s.
1594 2954 1774 3004 Lucas
1810 2968 1940 3003 vero
1977 2956 2068 3017 24,
2095 2955 2143 3003 3.
2183 2953 2250 3003 de
2286 2953 2496 3003 duobus
2533 2952 2663 3003 facit
2697 2954 3054 3015 mentionem,

548 3040 839 3105 itidemque
876 3056 917 3089 s.
944 3040 1184 3090 Joannes
1222 3042 1313 3102 20,
1353 3042 1434 3091 12.
1482 3040 1589 3091 Sed
1634 3040 1801 3090 multo
1847 3041 2016 3090 maior
2061 3040 2272 3090 videtur
2309 3039 2612 3089 adhucdum
2646 3042 2787 3089 inter
2823 3056 2868 3091 s.
2911 3041 3056 3090 Mat-

552 3126 765 3175 thaeum
802 3128 885 3189 28,
925 3128 973 3176 5.
1012 3132 1065 3176 et
1100 3142 1141 3177 s.
1187 3126 1453 3177 Joannem
1492 3130 1584 3190 20,
1621 3129 1670 3177 2.
1719 3126 2095 3193 discrepantia.
2147 3127 2340 3177 Narrat
2377 3128 2516 3177 enim
2553 3143 2595 3177 s.
2619 3126 2944 3178 Matthaeus
2983 3128 3054 3176 M.

550 3212 927 3278 Magdalenam
965 3213 1207 3279 aliasque
1246 3230 1287 3263 s.
1323 3214 1572 3265 mulieres
1608 3215 1824 3264 venisse
1861 3212 1930 3263 ad
1967 3213 2322 3279 sepulchrum,
2370 3229 2436 3264 ac
2473 3214 2772 3264 revolutum
2810 3214 3056 3279 lapidem

550 3300 834 3362 invenisse,
871 3299 1132 3364 Angelum
1168 3304 1348 3351 autem
1384 3300 1581 3352 dixisse
1618 3300 1690 3350 ad
1727 3314 1847 3351 eas:
1889 3302 2199 3361 „surrexit“.
2236 3301 2304 3350 At
2339 3302 2490 3351 iuxta
2526 3318 2569 3351 s.
2593 3301 2865 3351 Joannem
2903 3302 3054 3351 illico

551 3386 619 3435 ad
655 3386 871 3436 Petrum
907 3386 1236 3449 convolavit,
1288 3388 1443 3453 eique
1490 3388 1682 3452 ignara
1723 3387 2042 3438 Dominicae
2079 3388 2505 3438 Resurrectionis
2558 3387 2714 3436 dixit:
2776 3387 3056 3447 „tulerunt

550 3472 838 3522 Dominum
873 3471 940 3522 de
976 3478 1342 3537 monumentO,
1394 3478 1448 3523 et
1481 3476 1750 3525 nescimus
1786 3474 1882 3524 ubi
1917 3480 2216 3541 posuerunt
2251 3478 2432 3538 eum“;
2471 3474 2616 3540 quod
2665 3474 2885 3540 quidem
2947 3491 3054 3524 non

552 3558 788 3621 dixisset,
826 3560 871 3609 si
907 3559 1131 3609 vidisset
1165 3559 1445 3625 Angelum,
1484 3576 1714 3626 eumque
1749 3561 1898 3626 loqui
1934 3560 2222 3612 audiisset!
2270 3560 2468 3611 Verum
2507 3560 2674 3626 probe
2713 3560 3052 3611 animadver-

552 3644 769 3695 tendum
806 3649 913 3695 est:
952 3664 1001 3697 a.
1038 3645 1163 3697 Duo
1200 3646 1399 3697 diversi
1434 3648 1649 3698 fuerant
1683 3646 1878 3713 angeli,
1917 3647 2054 3699 alter
2090 3648 2218 3698 foris
2255 3646 2464 3709 sedens,
2504 3647 2640 3698 alter
2675 3648 2822 3697 intus
2859 3646 3052 3697 confir·

550 3746 702 3781 mans
740 3732 885 3781 dicta
919 3732 1126 3798 prioris.
1175 3734 1260 3783 Ex
1297 3734 1507 3784 diverso
1544 3736 1705 3800 igitur
1741 3750 1976 3797 numero,
2015 3750 2176 3800 quem
2213 3734 2392 3799 angeli
2429 3735 2486 3783 in
2524 3734 2866 3799 apparitione
2895 3734 3052 3783 muli-

552 3820 731 3869 eribus
768 3819 913 3869 facta
948 3818 1266 3881 habuerunt,
1302 3820 1437 3870 nihil
1472 3826 1874 3887 consequuntur
1910 3821 2220 3883 adversarii,
2266 3821 2358 3886 qui
2394 3824 2617 3885 propter
2651 3822 2862 3870 numeri
2899 3820 3052 3870 diffe-

554 3906 778 3955 rentiam
818 3910 981 3955 totam
1018 3922 1127 3955 rem
1164 3912 1375 3972 negant.
1425 3906 1503 3956 Cf.
1530 3907 1591 3956 A.
1620 3908 1690 3958 H.
1717 3907 2054 3971 Niemeyerii,
2095 3922 2280 3957 comm.
2308 3906 2374 3956 de
2398 3906 2609 3972 Evang.
2647 3907 2705 3955 in
2741 3921 2884 3956 narr.
2908 3906 2966 3957 J.
2995 3908 3052 3956 C.

554 3992 609 4041 in
646 3994 809 4042 vitam
849 3991 1023 4043 reditu
1060 3991 1407 4043 dissensione.
1444 3992 1571 4042 Hal.
1600 3993 1750 4042 1824.
1789 4008 1840 4057 p.
1868 3994 1915 4042 5.
1943 4008 1984 4043 s.
2033 3992 2096 4042 In
2143 4009 2206 4043 eo
2243 3993 2422 4059 lapide
2461 3995 2553 4059 qui
2591 3993 2660 4044 ab
2700 3994 2840 4045 ostio
2877 3994 3056 4045 fuerat

550 4248 814 4310 magister.
868 4246 953 4295 Ita
988 4250 1041 4295 et
1078 4260 1269 4295 caecus
1305 4246 1511 4295 Timaei
1546 4244 1688 4296 filius
1713 4244 1882 4295 Marci
1920 4248 2000 4307 10,
2028 4246 2110 4295 51.
2175 4244 2441 4296 Christum
2481 4252 2718 4296 vocarat.
2759 4246 2824 4297 V.
2865 4248 2934 4297 H.
2977 4248 3045 4297 N.

557 4332 617 4381 Τ.
695 4369 707 4382 .
745 4334 828 4383 81.

656 4350 690 4397 p
764 4418 802 4481 ¹)
842 4418 998 4480 Quod
1032 4418 1257 4485 legimus
1292 4418 1491 4469 Joann.
1530 4422 1614 4482 20,
1647 4421 1832 4469 1-18.
1881 4420 1943 4469 V.
1973 4418 2031 4469 C.
2057 4420 2129 4469 Μ.
2156 4418 2318 4481 Pfaff,
2368 4418 2493 4468 diss.
2532 4418 2600 4468 de
2638 4420 2822 4469 verbis
2857 4420 3056 4470 Christi

552 4504 755 4554 Mariae
790 4504 1145 4568 Magdalenae
1182 4505 1353 4555 dictis.
1392 4506 1528 4555 Tul).
1568 4507 1719 4555 1749.
1768 4506 1820 4555 J.
1859 4504 1916 4555 C.
1955 4505 2189 4567 Rodatz‚
2239 4506 2293 4554 in
2328 4503 2584 4555 Zeitschr.
2622 4504 2658 4556 f.
2695 4505 2830 4557 luth.
2867 4507 3054 4557 'rhet-1.

557 4592 705 4638 1846.
744 4590 834 4651 IV,
861 4592 943 4638 23.
970 4606 1013 4639 ε.
