3267 5259
1100 486 1384 529 Chronotaxis
1411 486 1679 538 Apostolica.
2387 472 2634 521 LXXXV

172 667 345 722 nendis
389 666 805 740 Apostolorum
850 666 1132 741 Epistolis
1177 672 1477 723 servatum
1522 685 1641 724 non
1695 666 1875 723 fuisse
1921 668 2097 741 probe
2145 672 2368 724 norunt
2417 687 2630 737 omnes,

172 790 313 845 penes
362 789 497 847 quos
550 772 666 827 hac
720 770 791 827 de
842 790 907 827 rc
958 770 1245 828 iudicium
1296 776 1400 828 est.
1472 769 1642 827 Unde
1695 770 2074 847 antiquorum
2130 773 2633 848 recentiorumque

170 876 521 949 interpretum
579 876 731 933 bene
784 875 959 932 multi
1008 873 1396 949 epistolam
1457 874 1543 931 ad
1602 874 1904 932 Galatas
1957 875 2234 950 Epheso
2295 880 2633 932 vertente

170 1000 212 1035 a.
242 984 328 1034 55.
360 978 643 1035 missam
689 979 871 1037 fuisse
902 978 1279 1049 contendunt,
1330 998 1581 1056 quorum
1620 978 1886 1055 opinioni
1927 978 2198 1036 lubenter
2243 980 2568 1037 accedimus
2597 979 2630 1037 ¹.

174 1083 375 1156 Ephesi,
428 1102 545 1160 quo
591 1083 811 1159 Apollo
864 1104 997 1140 cum
1048 1084 1373 1158 Stephana,
1433 1084 1756 1141 Fortunato
1805 1090 1864 1140 et
1911 1082 2192 1161 Achaim,
2228 1117 2312 1124 --
2343 1103 2448 1159 per
2491 1104 2632 1161 quos

173 1186 421 1243 Corinthii
448 1188 743 1244 miserunt
768 1186 1073 1262 epistolam
1091 1184 1216 1227 —2
1246 1187 1414 1246 venit
1438 1188 1511 1245 ad
1534 1199 1581 1245 s.
1601 1186 1882 1257 Paulum3
1915 1206 2070 1244 anno
2097 1192 2196 1245 56.
2224 1190 2379 1245 circa
2403 1193 2632 1264 tempus

174 1289 425 1346 Paschae-³
476 1291 719 1366 scripsit
773 1294 1099 1367 primam
1150 1293 1237 1349 ad
1294 1291 1762 1349 Corinthios
1814 1289 2255 1365 epistolam.
2335 1293 2632 1367 Ephesum

172 1392 463 1471 relinquens
524 1396 699 1453 venit
748 1397 813 1451 in
868 1396 1297 1466 Macedoniam,
1362 1396 1497 1453 inde
1552 1414 1684 1453 cum
1739 1396 1955 1452 transit
2006 1390 2106 1470 ,εἰς
2158 1392 2255 1467 τὴν
2309 1392 2585 1451 Ἑλλάδαί
2606 1395 2632 1435 4

174 1499 396 1555 —sorte
440 1500 701 1557 Athenis
730 1532 819 1541 --
850 1500 1013 1557 misit
1057 1499 1467 1558 Timothe'o
1521 1501 1863 1575 priorem
1911 1499 2331 1574 epistolam
2378 1521 2431 1558 a.
2484 1501 2632 1559 57.⁵

174 1602 383 1659 Interim
413 1623 531 1661 non
564 1602 757 1661 multo
788 1608 917 1679 post
965 1606 1128 1661 datas
1158 1604 1261 1661 has
1293 1603 1511 1675 literas,
1554 1608 1868 1682 antequam
1913 1624 1959 1659 s.
1993 1603 2212 1661 Paulus
2240 1606 2630 1683 Jerosolymas

174 1715 371 1779 peteret,
422 1707 771 1765 Timotheus
794 1706 821 1745 6
870 1710 1013 1765 urbe
1065 1709 1294 1783 Epheso
1347 1708 1552 1766 relicta
1612 1710 1683 1765 ad
1746 1730 1790 1767 s.
1839 1707 2092 1766 Paulum
2151 1710 2320 1767 venit
2371 1712 2630 1769 ibrtassis

172 1810 477 1868 Corinthum
500 1810 543 1868 ⁷.
601 1812 755 1869 Cum
787 1811 1006 1870 Paulus
1036 1814 1435 1870 Mace-doniam
1473 1820 1810 1889 peragraret
1841 1814 2038 1870 eodem
2068 1832 2222 1870 anno
2262 1820 2362 1873 57.
2395 1816 2630 1891 scripsit

170 1916 507 1973 secundam
557 1917 643 1973 ad
696 1916 1121 1974 Corinthios
1165 1917 1490 1993 epistolam.
1565 1919 1802 1975 Accidit
1849 1920 2007 1975 enim
2055 1921 2208 1995 quod
2253 1941 2297 1977 s.
2331 1920 2515 1977 Paulo
2564 1922 2628 1977 in

172 2020 526 2079 Macedoniam
560 2023 829 2079 venienti
865 2025 1186 2079 occurrerit
1214 2020 1401 2093 Titus,
1436 2041 1608 2099 quem
1632 2022 1982 2080 Corinthum
2015 2025 2409 2099 praemiserat.
2459 2025 2629 2082 Titus

170 2234 241 2272 aut
280 2226 492 2275 mediam
545 2243 643 2292 per
692 2226 918 2275 hiemem
969 2228 1069 2277 iter
1118 2228 1438 2293 peregisset,
1489 2236 1583 2277 aut
1630 2231 1756 2294 quia
1804 2244 1870 2279 ea
1919 2236 2232 2296 tempestate
2282 2232 2380 2279 iter
2427 2232 2627 2297 suscipi

170 2309 283 2361 haud
314 2319 533 2377 poterat,
574 2315 631 2363 in
668 2312 855 2378 aliquo
888 2314 1049 2363 Asiae
1080 2313 1303 2363 Minoris
1342 2314 1460 2364 loco
1499 2314 1722 2365 hiemem
1761 2317 1974 2381 egisset.
2029 2318 2190 2383 Atqui
2227 2334 2269 2367 s.
2295 2318 2475 2367 Lucas
2513 2318 2545 2367 l.
2581 2334 2625 2367 c.

172 2400 213 2445 in
241 2406 339 2449 tots
370 2402 807 2465 peregrinatione
842 2400 1183 2465 «ierosolyma
1228 2401 1517 2467 Ephesum,
1556 2403 1784 2453 Paulum
1823 2405 2035 2454 nonnisi
2070 2405 2384 2455 Antiochiae
2422 2405 2620 2454 diutius

170 2486 427 2536 substitisse
465 2492 880 2550 commemorat3
920 2472 1060 2537 'nihil
1099 2488 1261 2553 igitur
1296 2494 1565 2553 superest,
1612 2491 1716 2539 nisi
1753 2496 1812 2540 ut
1846 2490 2160 2555 Apostolum
2210 2508 2330 2541 sero
2369 2498 2624 2541 autumno

170 2570 401 2635 Ephesum
426 2574 734 2636 advenisse,
762 2574 991 2639 ideoque
1016 2574 1195 2640 plures
1224 2590 1381 2641 quam
1403 2578 1485 2624 27.
1512 2592 1722 2626 menses
1747 2576 1944 2626 ibidem
1971 2578 2223 2639 haesisse,
2251 2579 2623 2628 existimemus.

346 2661 379 2725 ¹)
418 2662 491 2712 Ut
527 2663 581 2710 in
622 2676 808 2711 eorum
845 2662 1193 2727 interpretum
1230 2666 1410 2726 partes
1448 2661 1806 2713 concedamus
1843 2664 1926 2713 his
1965 2664 2277 2714 adducimur
2311 2666 2624 2715 rationibus.

170 2758 207 2791 a.
238 2746 445 2797 Primum
484 2750 725 2798 omnium
766 2748 807 2797 1.
846 2746 967 2798 Cor.
1008 2750 1089 2810 16,
1130 2750 1177 2797 1.
1214 2748 1539 2808 mandatum,
1580 2748 1785 2800 Galatis
1823 2752 1870 2813 6,
1913 2753 1992 2800 10.
2033 2751 2210 2799 datum
2249 2752 2507 2801 ostendit:
2559 2752 2654 2801 de·

170 2835 401 2895 eroganda
442 2835 924 2900 Jerosolymitanis
974 2834 1331 2900 eleemosyna.
1395 2835 1528 2883 Cum
1568 2852 1694 2901 ergo
1733 2837 1799 2885 de
1848 2836 2129 2901 largitione
2166 2837 2267 2886 hac
2305 2840 2622 2888 mentionem

170 2920 209 2967 in
240 2923 445 2985 epistola
481 2922 555 2973 ad
582 2922 891 2972 Corinthios
929 2922 1057 2972 data
1092 2923 1305 2987 agitarit
1335 2922 1642 2987 Apostolus,
1681 2925 1770 2973 vix
1807 2926 1933 2989 poni
1971 2928 2148 2989 potest
2182 2926 2237 2974 in
2278 2925 2457 2985 dubio,
2499 2929 2626 2991 quin

170 3008 287 3067 prins
320 3008 383 3057 ad
408 3008 637 3058 Galatas
674 3010 965 3073 scripserit.
1022 3008 1072 3057 b.
1110 3010 1157 3057 E
1197 3010 1445 3073 querelis,
1486 3025 1618 3075 quas
1655 3012 1710 3058 in
1747 3009 2018 3059 levitatem
2056 3010 2367 3061 Galatarum
2407 3012 2626 3064 effundit

170 3092 415 3156 Apostolus
442 3098 489 3158 1,
518 3098 569 3145 6.
608 3097 869 3160 sequitur,
908 3094 977 3145 ad
1015 3112 1106 3145 eos
1145 3095 1426 3161 epistolam
1464 3112 1573 3145 non
1610 3096 1776 3148 multo
1813 3102 1934 3163 post
1971 3097 2196 3147 alterum
2233 3114 2386 3147 suum
2423 3102 2623 3149 abitum

170 3180 353 3243 misisse,
389 3188 443 3231 et
477 3182 698 3247 quidem
736 3182 971 3247 Epheso.
1033 3182 1097 3231 In
1134 3182 1237 3232 hac
1274 3183 1618 3233 celeberrima
1656 3184 1850 3233 Joniae
1888 3185 2168 3250 metropoli
2205 3186 2268 3234 V.
2306 3204 2357 3251 p.
2396 3188 2514 3237 375.
2554 3190 2620 3248 9.,

170 3264 239 3313 ubi
276 3284 515 3333 magnum
563 3272 757 3319 ostium
808 3274 1049 3334 apertum
1100 3276 1181 3320 est
1228 3270 1397 3319 Paulo
1448 3270 1490 3319 1.
1530 3270 1650 3320 Cor.
1703 3272 1783 3332 16,
1832 3272 1898 3333 9.,
1949 3276 2008 3321 ut
2057 3288 2121 3321 ex
2171 3273 2414 3322 omnibus
2463 3274 2622 3323 Asiae

170 3352 348 3403 Minoris
394 3357 641 3421 partibus
690 3355 933 3405 advenae
982 3355 1179 3406 Judaei
1227 3360 1428 3422 pariter
1473 3363 1526 3407 et
1574 3356 1765 3406 Graeci
1814 3358 2168 3423 Evangelium
2221 3361 2622 3409 annuntiantem

168 3440 399 3505 audirent3
435 3443 557 3493 Act.
600 3446 683 3505 19,
719 3446 801 3492 10.
842 3445 1178 3493 occasionem
1216 3444 1656 3509 quotiescumque
1693 3444 1870 3505 vellet,
1911 3460 2070 3509 quam
2105 3447 2332 3494 maxime
2369 3451 2620 3511 opportu—

168 3540 263 3575 nam
304 3527 535 3579 habebat
584 3528 929 3595 exquirendi,
980 3529 1105 3594 quid
1155 3531 1211 3578 in
1266 3529 1576 3579 Galatarum
1629 3530 1892 3581 Ecclesiis
1947 3536 2210 3596 ageretur.
2283 3532 2424 3593 Quid
2479 3534 2622 3597 quod

170 3626 203 3657 e.
232 3612 409 3665 Paulus
456 3618 577 3683 ipse
628 3614 774 3665 haud
818 3616 1043 3666 obscure
1080 3619 1127 3678 4,
1169 3619 1250 3665 12.
1299 3616 1565 3666 indicasse
1614 3617 1852 3681 videtur3
1903 3634 1960 3667 se
1997 3634 2117 3667 cum
2154 3617 2292 3667 hanc
2341 3619 2620 3684 epistolam

170 3696 303 3760 daret,
335 3702 412 3752 bis
448 3706 559 3753 iam
598 3704 740 3752 inter
776 3702 995 3753 Galatas
1032 3710 1301 3753 versatum
1339 3718 1473 3755 esse.
1522 3704 1770 3769 Denique
1809 3704 1857 3753 d.
1896 3704 2028 3754 illud
2066 3720 2278 3771 quoque
2317 3706 2620 3771 opinionem

170 3794 363 3838 nostram
398 3788 770 3853 commendat,
823 3788 966 3855 quod
1018 3795 1173 3841 tenor
1216 3790 1489 3839 literarum
1532 3791 1746 3855 prodat,
1796 3790 1956 3840 talem
1991 3791 2272 3841 Ecclesiae
2311 3792 2619 3842 Galatarum

170 3870 299 3923 fuisse
348 3878 739 3938 conditionem,
797 3890 935 3941 quae
989 3876 1219 3941 plurium
1270 3892 1528 3926 annorum
1584 3878 1816 3941 spatium
1862 3878 1988 3927 inde
2039 3894 2072 3927 a
2118 3880 2289 3943 prima
2335 3879 2620 3943 Evangelii

174 3964 546 4013 annunciatione
566 3967 854 4029 supponat.
884 3962 991 4011 cfr.
1010 3966 1060 4025 3,
1082 3965 1231 4011 3—5.
1249 3965 1298 4024 4,
1329 3964 1409 4012 15.
1435 3979 1476 4012 s.
1505 3964 1552 4024 5,
1582 3965 1627 4012 7.
1657 3966 1704 4027 6,
1731 3966 1778 4013 6.
1819 3963 1918 4028 ²)1.
1947 3964 2067 4013 Cor.
2097 3967 2143 4026 7,
2173 3968 2218 4013 1.
2249 3968 2328 4026 16,
2359 3968 2439 4013 12.
2468 3968 2548 4014 15.
2577 3981 2616 4013 s.

174 4042 199 4097 ³.
230 4046 344 4097 Coll.
366 4050 407 4098 1.
438 4054 488 4112 5,
520 4052 567 4099 7.
608 4052 691 4113 16,
720 4051 752 4099 8
830 4047 871 4114 ⁴)
896 4050 1011 4099 Act.
1039 4052 1123 4111 20,
1152 4052 1200 4098 2.
1264 4048 1303 4115 ⁵)
1332 4048 1594 4114 Scriptam
1618 4052 1783 4100 fuisse
1808 4056 2092 4115 postquam
2119 4050 2333 4117 Epheso
2373 4050 2620 4099 solvisset

173 4144 201 4177 s.
222 4132 411 4197 Paulus,
447 4138 663 4186 interim
700 4150 822 4185 cum
846 4130 1217 4185 Macedoniam
1242 4141 1567 4201 peragraret,
1604 4136 1777 4202 liquet
1801 4153 1866 4186 ex
1901 4137 1984 4185 his
2011 4137 2183 4187 verbis
2210 4138 2249 4186 Ι.
2286 4140 2332 4199 1,
2360 4140 2406 4186 3.
2449 4138 2619 4197 „sicut

173 4221 317 4281 rogavi
348 4228 399 4271 te
434 4228 496 4273 ut
532 4238 839 4272 remaneres
876 4222 1076 4288 Ephesi
1114 4238 1231 4272 cum
1270 4224 1398 4272 irem
1446 4222 1960 4281 in,Macedoniam.“
2025 4224 2160 4273 Nam
2210 4238 2306 4272 cur
2351 4222 2428 4271 illi
2465 4240 2616 4288 repo-

174 4312 287 4354 neret
316 4308 471 4371 illud,
513 4325 572 4359 se
610 4324 735 4358 eum
770 4308 975 4374 Ephesi
1009 4309 1316 4375 reliquisse,
1368 4326 1487 4359 cum
1524 4311 1579 4358 in
1615 4310 1988 4359 Macedoniam
2027 4309 2479 4375 proficisceretur,
2516 4312 2618 4361 nisi

173 4388 221 4437 tle
250 4408 297 4440 re
328 4410 493 4461 nuper
529 4400 685 4461 gesta
720 4394 1042 4459 loqueretur.
1104 4394 1146 4461 ὅ)
1184 4398 1519 4461 Quacunque
1554 4396 1768 4446 tandem
1809 4397 1875 4446 de
1912 4412 2078 4446 causa
2112 4396 2168 4444 id
2204 4396 2404 4447 factum
2442 4397 2616 4447 fuerit.

174 4474 325 4536 TJAct.
359 4483 442 4543 20,
477 4484 527 4532 4.
590 4481 751 4544 Quod
788 4486 965 4531 autem
1000 4481 1044 4531 Ι.
1082 4484 1130 4545 3,
1171 4484 1251 4531 14.
1292 4486 1443 4547 optat
1476 4483 1768 4549 Apostolus
1806 4484 1958 4533 brevi
1996 4484 2224 4533 revisere
2262 4484 2616 4546 Timotheum,

173 4565 493 4629 accipiendum
553 4576 637 4620 est
696 4566 764 4617 de
824 4567 997 4617 reditu
1056 4569 1324 4632 Miletum,
1388 4586 1495 4635 quo
1555 4572 1894 4636 presbyteros
1953 4570 2257 4636 Ephesinos
2319 4573 2614 4621 accersivit.

172 4647 263 4697 Aet.
278 4654 353 4717 2⁰,
372 4656 450 4703 17.
497 4655 559 4705 L.
585 4656 649 4705 A.
672 4655 916 4720 Bisping,
942 4654 1252 4722 Erkliirung
1278 4656 1371 4705 der
1395 4656 1939 4723 Apostelgeschichte.
1966 4658 2160 4707 Miinst.
2185 4660 2334 4708 1866.
2362 4676 2413 4724 p.
2436 4660 2552 4707 320.
2573 4672 2614 4706 s.
