3267 5259
2574 444 2699 495 CXI

941 684 1454 737 CHRONOTAXIS
1491 686 1975 737 EVANGELICA.

419 834 516 900 21,
550 831 854 888 Monitum
884 832 954 888 de
983 850 1128 891 vera
1157 830 1378 889 Christi
1409 836 1598 889 aetate
1627 830 1937 889 XXVIII.
2008 837 2106 903 22,
2142 832 2230 888 De
2260 851 2395 889 aera
2423 832 2697 909 Dionysii

225 940 278 991 et
317 953 446 991 vero
486 934 716 992 Christi
757 934 960 993 Natali
999 935 1308 993 XXVIII.
1387 940 1488 1008 23,
1535 936 1913 1012 Expenditur
1956 932 2241 1012 ἀπογραφὴ
2282 936 2489 1012 Syriae
2530 956 2697 1011 prae-

227 1038 334 1095 side
370 1038 588 1115 Cyrino
618 1039 766 1097 Luc.
804 1045 860 1109 2,
898 1045 956 1097 2.
1001 1039 1230 1116 ,πρώτηί
1271 1041 1566 1117 adpellata
1600 1040 1812 1098 XXX.
1892 1044 1990 1113 24,
2040 1040 2259 1098 Utrum
2300 1042 2699 1099 testimonium

228 1144 276 1200 d.
307 1142 488 1201 Lucae
522 1148 580 1214 3,
623 1149 682 1201 1.
720 1150 776 1202 2.
807 1165 853 1202 s.
900 1164 1014 1224 quo
1058 1147 1240 1203 refert
1283 1166 1338 1203 v.
1378 1151 1478 1203 23.
1527 1146 1827 1204 Christum
1868 1164 2001 1203 cum
2043 1146 2113 1203 ad
2152 1145 2509 1221 baptismum
2553 1147 2701 1203 adiit

231 1242 365 1321 ,ὡσεὶ
395 1243 528 1303 ἐτῶν
558 1248 873 1324 τριάκεὶντοιί
905 1250 1100 1323 fuisse,
1135 1250 1345 1325 prodat
1375 1250 1587 1307 Natale
1617 1249 1901 1308 Domini?
1941 1248 2185 1307 XXXI.
2252 1254 2351 1323 25,
2394 1250 2583 1307 Natus
2614 1254 2701 1307 est

229 1351 376 1409 sesua
415 1352 692 1411 christus
730 1358 868 1412 ante
907 1360 1156 1413 mortem
1195 1355 1446 1414 Herodis
1487 1356 1568 1413 M.
1600 1354 1887 1413 XXX11.
1967 1360 2066 1425 26,
2100 1332 2409 1412 ‘Herodem
2438 1374 2491 1412 a.
2526 1354 2599 1411 U.
2634 1354 2694 1411 e.

236 1459 360 1513 750.
383 1476 726 1533 supremum
751 1460 961 1517 obiisse
985 1459 1140 1517 diem
1163 1459 1296 1517 aliis
1319 1459 1703 1517 munimentis
1725 1459 1974 1517 fulcitur
1996 1456 2294 1517 XXXIV.
2330 1463 2431 1516 27.
2456 1459 2697 1537 Disqui-

231 1560 371 1617 ritur
415 1562 484 1618 de
527 1582 732 1621 mense
778 1568 836 1621 et
883 1564 975 1621 die
1022 1562 1210 1621 natali
1255 1563 1476 1621 Christi
1521 1562 1787 1621 XXXV.
1882 1568 1980 1634 28,
2037 1561 2166 1625 Quo
2211 1583 2363 1621 anno
2412 1564 2700 1621 Dominus

231 1666 630 1738 praedicationi
681 1686 916 1743 operam
961 1667 1352 1744 applicuerit?
1401 1668 1699 1725 XXXVI.
1765 1667 2147 1727 Convertitur
2200 1668 2386 1725 instar
2432 1667 2699 1742 digres-

233 1767 438 1827 sionis
487 1791 681 1829 sermo
727 1774 802 1831 ad
847 1772 1128 1845 Herodis,
1174 1773 1472 1850 Philippi,
1523 1772 1927 1850 Lysaniaeque
1974 1772 2319 1830 tetrarchias
2364 1772 2697 1832 XXXVII.

237 1878 324 1929 29.
355 1873 693 1951 Disputatio
717 1878 788 1935 de
813 1878 1004 1935 initiis
1033 1880 1270 1954 imperii
1295 1877 1518 1936 Tiberii
1548 1876 1923 1934 XXXVIII.
1981 1880 2081 1947 30,
2116 1875 2361 1938 Quando
2384 1898 2427 1933 s.
2450 1876 2701 1935 Joannes

235 1979 514 2053 baptizare
543 1988 604 2039 et
633 1982 974 2058 praedicare
1005 1980 1298 2059 coeperit?
1337 1980 1646 2040 XXXIX.
1726 1986 1826 2052 31,
1875 1980 2197 2042 Quaeritur
2226 1985 2517 2059 quantum
2548 1982 2702 2038 inter

239 2081 458 2143 initium
491 2087 945 2161 praedicat-ionis
973 2087 1009 2144 J
1012 2088 1218 2145 oannis
1253 2092 1314 2144 et
1355 2087 1715 2162 baptismum
1744 2084 1962 2142 Christi
2005 2089 2233 2159 tempus
2271 2084 2703 2142 intercesserit?

239 2185 420 2245 XLII.
507 2194 606 2261 32,
667 2192 1047 2268 Expenditur
1097 2194 1359 2270 quaestio
1411 2192 1482 2248 de
1535 2195 1794 2265 tempore
1847 2188 2189 2247 Dominicae
2241 2188 2703 2247 Praedicationis

241 2290 440 2351 XLIV.
533 2300 636 2366 33,
706 2295 836 2358 Quo
889 2316 1044 2355 anno
1096 2318 1141 2353 s.
1187 2296 1441 2353 Joannes
1487 2294 1554 2352 B.
1611 2296 1686 2351 ab
1738 2292 1971 2350 Herode
2020 2292 2085 2349 in
2146 2312 2435 2350 carcerem
2496 2296 2703 2350 missus

239 2397 436 2456 fuerit?
479 2398 672 2458 XLV.
735 2401 1130 2475 Digressionis
1169 2402 1242 2458 ad
1285 2402 1471 2458 instar
1511 2400 1890 2457 examinatur
1928 2397 2126 2473 opinio
2157 2397 2226 2454 de
2266 2397 2487 2473 duplici
2520 2397 2704 2473 capti-

241 2500 406 2558 vitate
449 2524 494 2561 s.
525 2504 778 2561 Joannis
817 2504 884 2562 B.
932 2505 1156 2563 XLVI.
1235 2508 1334 2575 34,
1385 2504 1634 2561 Uberior
1679 2501 1991 2576 vestigatio
2040 2500 2372 2572 intervalli,
2422 2502 2572 2580 quod
2620 2506 2707 2559 est

243 2606 536 2665 ministerii
563 2608 933 2667 Redemtoris
964 2608 1196 2667 XLIX.
1247 2614 1346 2681 35,
1374 2608 1532 2671 Quot
1559 2606 1847 2665 Paschata
1876 2606 2257 2664 celebraverit
2280 2604 2603 2663 Dominus?
2634 2606 2703 2664 L.

247 2712 333 2781 30,
374 2710 536 2775 Quod
579 2714 637 2771 d.
678 2714 926 2795 «Ioannis
957 2720 1016 2786 5,
1055 2719 1110 2772 1.
1159 2712 1214 2790 ,ἡ
1263 2710 1441 2791 ἑεῐρτὴί
1489 2713 1703 2789 pascha
1746 2712 1945 2781 fuerit,
1994 2712 2205 2785 probat
2248 2731 2295 2767 s.
2328 2710 2519 2767 Lucae
2554 2714 2609 2781 6,
2651 2717 2703 2768 1.

245 2810 514 2887 ,σάββατον
566 2814 1024 2895 Beotepbwpmtov‘
1077 2817 1254 2876 LIII.
1330 2817 1543 2875 Variae
1589 2821 1731 2874 sunt
1778 2816 1847 2873 de
1898 2816 2007 2871 hoc
2050 2816 2289 2873 sabbato
2342 2814 2706 2873 eruditorum

244 2922 539 2981 sententiae
596 2923 736 2993 LV;
811 2922 1215 2999 Respondetur
1275 2923 1348 2979 ad
1404 2923 1600 2981 varias
1667 2921 2017 2978 obiectiones
2083 2919 2243 2978 LVI.
2307 2924 2416 2991 37,
2486 2920 2707 2977 Rerum

246 3040 374 3099 quae
415 3046 566 3085 anno
596 3027 918 3085 ministerii
963 3028 1102 3085 Jesu
1133 3026 1354 3084 Christi
1401 3026 1576 3083 tertio
1624 3024 1761 3081 inde
1808 3044 1843 3081 a
1888 3023 2421 3082 Tabernaculorum
2459 3024 2605 3080 festo
2634 3024 2707 3081 ad

247 3126 498 3188 ultimum
549 3152 736 3211 usque
789 3133 1013 3190 Pascha
1071 3136 1398 3189 evenerunt
1455 3132 1631 3187 series
1691 3128 1889 3186 LVII.
1983 3134 2081 3200 38,
2146 3128 2461 3186 Stabilitur
2518 3147 2709 3185 annus

247 3234 428 3291 mortis
467 3236 540 3293 D.
573 3238 650 3294 N.
684 3236 741 3294 J.
774 3236 837 3294 C.
880 3235 1114 3294 LVIII.
1194 3240 1294 3308 39,
1344 3236 1392 3306 Ι,
1435 3236 1639 3292 Jesum
1682 3232 1982 3290 Christum
2020 3232 2385 3291 Salvatorem
2424 3233 2707 3289 Nostrum

249 3354 382 3393 anno
420 3340 626 3398 aetatis
663 3361 803 3399 suae
842 3339 1161 3412 XXXIV„
1205 3340 1278 3398 U.
1312 3339 1374 3397 C.
1413 3343 1575 3411 783„
1621 3342 1810 3396 Aerae
1842 3337 2116 3411 Vulgaris
2150 3342 2251 3395 30.
2294 3337 2358 3394 in
2398 3356 2565 3393 cruce
2603 3356 2707 3411 pro

251 3441 395 3499 nobis
431 3463 662 3519 passum
701 3450 762 3502 et
801 3451 1100 3503 mortuum
1137 3444 1407 3519 ponimus
1445 3442 1614 3501 LIX.
1678 3441 1765 3499 De
1804 3440 1939 3498 solis
1985 3440 2321 3498 admirabili
2366 3440 2704 3511 defectione,

252 3560 378 3619 quae
423 3548 578 3607 horis
635 3550 844 3607 mortis
897 3548 1238 3606 Dominicae
1289 3547 1540 3621 contigit
1589 3545 1769 3615 LX1;
1803 3578 1889 3587 -
1927 3545 1994 3602 ΙΙ
2040 3548 2252 3603 Annus
2297 3544 2371 3601 D.
2418 3544 2495 3601 N.
2538 3544 2595 3602 J.
2644 3544 2706 3600 C.

255 3650 634 3727 ,στοαιρὼσιμῡςί
691 3674 768 3711 ex
821 3652 1058 3711 indiciis
1117 3660 1444 3728 temporum
1500 3651 1707 3709 divina
1762 3650 2111 3707 auctoritate
2166 3650 2416 3707 firmatis
2462 3648 2707 3706 investi-

254 3754 450 3823 gandus
491 3758 733 3817 LXIII.

306 3956 672 4030 CQMPUTUS
711 3961 1213 4013 SEPTUAGINTA
1247 3960 1772 4012 HEBDOMADUM
1808 3956 2149 4009 DANIELIS
2186 3956 2640 4008 PROPHETAE.

441 4112 536 4180 40,
584 4110 938 4185 Prophetiac
983 4108 1392 4167 celeberrimae
1434 4104 1701 4162 Danielis
1735 4108 1791 4174 9,
1830 4109 1930 4161 20.
1963 4122 2008 4160 s.
2052 4100 2310 4176 dignitas
2347 4104 2520 4177 atque
2551 4099 2709 4157 diffi-

259 4208 420 4269 cultas
451 4216 792 4291 proponitur
821 4212 1010 4270 LXV.
1075 4216 1174 4283 41,
1208 4210 1430 4271 Textus
1459 4210 1835 4286 propheticus
1857 4208 1917 4264 in
1947 4208 2202 4264 medium
2228 4206 2491 4263 adfertur
2520 4204 2708 4263 LXV.

265 4314 348 4383 42,
391 4316 748 4377 vaticinium
781 4316 1047 4374 Danielis
1077 4318 1370 4391 exegetice
1400 4321 1460 4372 et
1488 4316 1691 4372 critice
1720 4312 2081 4370 dilucidatur
2110 4310 2332 4367 LXVI.
2403 4314 2501 4379 43,
2538 4310 2711 4367 Ratio

261 4418 499 4479 redditur
521 4422 795 4481 sectionis
819 4422 1246 4479 hebdomadum
1269 4422 1334 4477 in
1357 4424 1594 4496 septem,
1621 4418 1931 4491 sexaginta
1953 4416 2110 4483 duas,
2136 4420 2196 4471 et
2218 4433 2397 4471 unam
2415 4412 2709 4471 LXVIII.

267 4522 352 4593 44,
391 4524 480 4583 Ex
507 4526 992 4603 interpretatione
1022 4525 1372 4600 Prophetiae
1413 4543 1601 4581 annus
1631 4521 1973 4580 Dominicae
2004 4519 2295 4577 Passionis
2330 4520 2713 4577 confirmatur

269 4621 469 4688 LXIX.
539 4637 638 4703 45,
705 4630 1072 4689 Vaticinium
1119 4630 1383 4688 Danielis
1437 4647 1554 4685 non
1600 4633 1755 4685 recte
1804 4646 1839 4684 a
1886 4626 2237 4705 quibusdam
2289 4624 2711 4701 interpretibus
