3267 5259
1173 446 1373 489 christus
1398 448 1651 491 anconam.
2537 438 2568 502 1
2579 438 2660 504 77

215 617 351 681 latus
388 620 451 681 in
496 618 755 683 coelum
800 642 921 685 vos
964 620 1227 707 linquit3
1281 620 1430 686 talis
1474 624 1541 686 in
1589 630 1885 687 extremo
1935 622 2039 687 die
2085 621 2323 688 redibit
2367 623 2454 688 ad
2496 624 2661 689 iudi-

218 730 476 813 candum,
521 732 787 818 qualem
829 732 1081 797 vidistis
1125 735 1195 798 in
1242 733 1498 799 coelum
1542 734 2090 820 proficiscentem.
2162 734 2364 815 Queis
2425 735 2661 801 auditis

214 842 284 906 illi
320 843 661 909 Dominum
708 845 755 911 J
758 867 943 909 esum
985 846 1439 911 venerabundi
1484 844 1956 931 adoraverunt,
2014 857 2080 911 et
2125 870 2366 933 magna
2410 848 2660 913 laetitia

214 956 395 1020 affecti
458 960 705 1022 reversi
774 968 925 1023 sunt
982 959 1433 1045 Jerosolymas
1493 983 1534 1023 a
1590 969 1834 1043 monte,
1906 962 2014 1046 qui
2086 960 2321 1025 dicitur
2381 960 2658 1044 Oliveti3

216 1068 359 1153 quod
390 1068 745 1135 Christum¹
792 1072 880 1137 ad
909 1072 1175 1137 Patrem
1210 1072 1399 1137 evehi
1437 1072 1756 1137 vidissent
1773 1075 1816 1138 ².
1877 1074 2224 1157 Posthaec,
2259 1076 2370 1159 qui
2401 1072 2658 1139 Christo

215 1181 281 1244 ad
306 1182 507 1248 coelos
538 1188 789 1249 'evecto
836 1184 1168 1268 adstitere,
1216 1186 1658 1250 ascenderunt
1699 1188 1766 1250 in
1814 1186 2280 1270 coenaculum3
2325 1186 2438 1251 ubi
2485 1208 2660 1251 com-

212 1294 592 1360 morabantur
660 1320 783 1383 per
850 1320 963 1363 eos
1032 1297 1173 1362 dies
1238 1298 1458 1362 Deum
1523 1298 1780 1384 hymnis
1850 1322 1928 1362 ac
1987 1300 2342 1384 gratiarum
2401 1300 2659 1363 actione

214 1405 599 1473 celebrantes,
665 1410 771 1473 Ita
814 1410 1139 1475 Dominus
1187 1410 1451 1497 quidem
1498 1411 1692 1476 Jesus
1737 1412 1804 1475 in
1851 1410 2105 1476 coelum
2165 1413 2497 1497 ingressus
2544 1420 2660 1494 est,

384 1743 419 1808 ¹)
442 1744 515 1793 Ut
538 1744 813 1809 pollicitus
833 1749 965 1794 erat.
977 1745 1041 1795 V.
1056 1762 1108 1809 p.
1126 1746 1241 1794 121.
1256 1759 1297 1794 s.
1338 1742 1377 1810 ²)
1398 1745 1483 1794 Ita
1500 1745 1664 1795 tradit
1681 1762 1724 1796 s.
1744 1747 1922 1795 Lucas
1939 1745 2056 1795 Act.
2077 1748 2123 1808 1,
2148 1748 2228 1794 12.
2259 1746 2442 1805 „Tunc
2461 1746 2660 1795 reversi

212 1836 309 1877 sunt
326 1828 709 1895 Jerosolymam
736 1846 769 1881 a
793 1836 988 1893 monte,
1027 1832 1135 1896 qui
1172 1836 1448 1881 vocatur
1485 1831 1758 1895 Oliveti,
1785 1834 1996 1882 sabbati
2021 1832 2225 1883 habens
2261 1834 2410 1882 iter.“
2459 1832 2660 1881 Verum

212 1914 321 1963 ide-m
350 1916 696 1983 Evangelista
724 1919 823 1967 Ev.
852 1920 935 1979 24,
962 1921 1046 1968 50.
1083 1918 1248 1968 habet
1294 1918 1528 1979 „Eduxit
1564 1924 1740 1968 autem
1779 1934 1871 1969 eos
1907 1920 2084 1969 foras
2120 1920 2185 1968 in
2219 1919 2654 1968 Bethaniam.“

210 2000 417 2066 Magnam
436 2004 626 2054 exinde
648 2005 857 2055 faciunt
876 2004 1258 2066 difficultatem,
1274 2005 1415 2071 quod
1437 2005 1485 2055 d.
1502 2006 1680 2055 Lucas
1701 2006 1980 2071 perhibeat
1993 2006 2258 2055 Christum
2273 2020 2399 2057 suos
2412 2006 2660 2055 eduxisse

211 2088 263 2136 ad
284 2088 589 2153 Remmiam,
624 2106 767 2157 quae
800 2090 921 2141 coll.
951 2092 1145 2142 Joann.
1174 2094 1256 2154 11,
1286 2094 1367 2142 18.
1406 2092 1708 2157 quindecim
1745 2092 1920 2143 stadia
1947 2094 2102 2141 abest
2141 2091 2563 2157 aJerosolymi23
2607 2096 2662 2141 et

210 2179 355 2225 tamen
386 2178 627 2244 discipuli
669 2180 955 2228 redeuntes
994 2194 1059 2227 ex
1092 2184 1297 2239 monte,
1334 2182 1537 2227 tantum
1576 2180 1679 2228 iter
1713 2178 1923 2229 sabbati
1956 2178 2241 2228 habuerint
2277 2178 2662 2228 emetiendum?

212 2262 339 2312 Nulla
364 2271 533 2315 tamen
556 2267 701 2315 inter
726 2266 893 2316 Actus
919 2270 973 2315 et
1006 2265 1363 2331 Evangelium
1388 2270 1471 2314 est
1493 2280 1690 2331 pugna.
1723 2266 2008 2315 Enimvero
2029 2266 2160 2315 Luc.
2183 2268 2265 2328 24,
2287 2267 2370 2315 50.
2403 2282 2498 2331 pro
2533 2261 2657 2327 ,ἕως

210 2345 301 2410 ²3³⁸,
318 2352 501 2418 antiqui
523 2352 743 2403 codices
763 2353 947 2418 legunt
968 2348 1092 2415 ,ἕως
1111 2345 1289 2419 πρὸς“;
1314 2353 1399 2401 vel
1420 2350 1728 2417 simpliciter
1745 2346 1880 2419 πρὸς.
1907 2352 2124 2401 Priscae
2146 2367 2359 2417 quoque
2380 2353 2655 2401 versiones

213 2431 315 2493 ..335⁸
346 2446 549 2489 sumunt
582 2440 708 2490 loco
750 2433 959 2506 „vtp'o‹;“;
998 2440 1169 2489 altera
1204 2454 1329 2489 vero
1366 2440 1471 2489 ista
1506 2438 1772 2503 particula
1811 2435 1984 2501 „ngst‘
2026 2440 2130 2487 vim
2169 2438 2331 2487 habet
2353 2454 2491 2503 pene
2516 2453 2657 2487 eam-

210 2521 317 2571 dem.
346 2524 499 2575 Juxta
530 2526 771 2591 plurium
810 2527 1127 2575 sententiam
1164 2530 1245 2574 est
1280 2541 1401 2575 cum
1437 2526 1603 2575 attica
1636 2525 1899 2590 prosthesi
1935 2525 2090 2584 idem,
2131 2524 2275 2590 quod
2307 2524 2467 2586 istud,
2509 2523 2655 2589 pleo-

210 2610 369 2661 naamis
402 2613 829 2678 frequentissime
865 2614 1161 2663 inserviens
1198 2609 1283 2670 ὡς.
1339 2612 1401 2661 Id
1438 2610 1579 2677 quod
1617 2616 1728 2661 tum
1777 2626 1840 2660 ex
1891 2611 2132 2660 codicum
2182 2611 2322 2659 inter
2366 2606 2434 2667 ὡς
2474 2616 2528 2660 et
2563 2606 2655 2667 ἕως

206 2698 415 2761 tanquam
450 2700 693 2761 voculas,
734 2712 879 2748 mera.
914 2700 1349 2764 pronuntiatione
1376 2704 1471 2748 aut
1494 2697 1876 2763 orthographia
1901 2696 2138 2747 diversas
2175 2698 2563 2762 permutatione
2589 2726 2655 2734 —

208 2794 243 2827 e·
262 2798 301 2846 g.
333 2784 455 2834 Luc.
492 2788 540 2847 2,
566 2788 655 2835 37.
696 2785 813 2834 Aet.
843 2787 924 2846 17,
955 2787 1034 2834 14.
1072 2813 1139 2821 —-—
1178 2784 1545 2847 confirmatum
1596 2788 1703 2833 tum
1747 2784 1872 2833 inde
1924 2783 2066 2849 quod
2103 2800 2211 2833 non
2249 2783 2418 2834 solum
2457 2781 2550 2841 ἕως
2589 2798 2654 2832 ex

206 2865 459 2921 hebraismo
504 2872 843 2937 frequenter,
898 2872 993 2922 sed
1040 2872 1199 2921 etiam
1244 2868 1312 2929 ὡς
1358 2871 1444 2920 vel
1491 2870 1635 2935 apud
1671 2870 1876 2920 Atticos
1920 2870 2182 2935 significet
2215 2870 2480 2920 interdum
2516 2862 2652 2937 πρὸς.

205 2952 409 3021 Denique
462 2958 606 3023 apud
654 2959 820 3007 Lxx.
860 2962 1087 3024 utraque
1124 2958 1318 3008 vocula
1362 2954 1454 3016 ἕως
1502 2962 1557 3005 et
1598 2953 1664 3015 εἰς
1719 2962 1870 3006 notat
1915 2958 2297 3021 profectionem
2347 2956 2417 3005 ad
2471 2957 2649 3006 locum

204 3055 371 3105 versus,
405 3044 623 3095 itionem
664 3044 1062 3110 aliquoversum
1100 3044 1557 3110 qualemcumque,
1595 3059 1704 3092 non
1742 3058 1846 3108 quo
1883 3043 2132 3092 tendatur
2167 3044 2386 3106 indicat,
2424 3043 2519 3092 sed
2545 3058 2653 3109 qua

206 3125 371 3179 directa
404 3132 469 3180 sit
502 3134 609 3182 via.
649 3132 811 3181 Deut.
852 3134 898 3194 1,
924 3132 1008 3181 40.
1047 3134 1095 3193 3,
1125 3134 1171 3181 1.
1209 3132 1405 3181 Jerem.
1449 3134 1532 3192 50,
1560 3132 1607 3179 5.
1644 3130 1978 3191 Bethaniam‚
2015 3131 2194 3179 vicum
2228 3130 2387 3180 hodie
2413 3129 2654 3179 el-Aziri-

198 3209 292 3275 jeh,
324 3217 414 3266 sub
446 3219 564 3284 ipso
602 3224 785 3267 monte
823 3217 1023 3267 oliveti
1060 3219 1279 3283 eiusque
1318 3216 1566 3266 orientali
1602 3216 1830 3265 declivio
1879 3218 2039 3266 situm
2087 3232 2228 3279 esse,
2281 3216 2656 3266 animadvertit

206 3298 285 3348 Ed.
304 3302 581 3367 Robinson,
622 3305 919 3354 Palastina.
958 3303 1117 3354 Halle
1145 3306 1295 3354 1841.
1333 3303 1402 3352 11.
1430 3306 1547 3352 310.
1584 3304 1829 3353 Distasse
1857 3308 2032 3352 autem
2058 3319 2091 3352 a
2114 3303 2414 3353 Jerusalem
2439 3302 2654 3353 sabbati

202 3384 357 3435 iter—
381 3387 623 3456 σαββάτου
664 3386 777 3459 ἔχον
814 3385 925 3439 ὁδόν
951 3419 1017 3427 -
1042 3396 1273 3440 montem
1311 3389 1510 3439 Oliveti
1547 3388 1734 3439 sedulo
1773 3393 2038 3439 annotans
2074 3404 2116 3438 s.
2138 3390 2313 3439 Lucas
2349 3390 2465 3439 Act.
2495 3391 2540 3450 1,
2571 3391 2652 3438 12.

208 3474 335 3523 etiam
367 3492 467 3526 non
504 3478 830 3527 contradicit
876 3476 1102 3538 Joanni,
1127 3468 1135 3477 ’
1160 3476 1302 3542 apud
1352 3491 1509 3541 quem
1560 3477 1640 3537 11,
1671 3478 1751 3525 18.
1790 3475 2012 3540 legimus
2048 3476 2364 3525 Bethaniam
2401 3476 2468 3525 ab
2509 3476 2653 3526 Urbe

206 3556 447 3612 distantem
486 3562 587 3623 ,ὡς
629 3556 722 3613 ἀπὸ
760 3559 973 3612 σταδίων
1008 3560 1321 3626 δεκαπέντε“;
1368 3564 1529 3613 tertia
1572 3562 1810 3612 milliaris
1857 3562 2198 3628 geographici
2234 3568 2402 3629 parte.
2457 3563 2652 3613 Tribus

204 3642 335 3695 horae
365 3650 747 3713 quadrantibus
783 3649 923 3699 hanc
959 3650 1098 3699 viam
1126 3664 1183 3698 se
1216 3665 1487 3699 emensum
1525 3664 1642 3699 esse
1679 3650 1841 3698 refert
1876 3650 2170 3711 Robinson,
2204 3649 2241 3698 1.
2269 3665 2314 3699 c.
2351 3652 2433 3700 De
2460 3652 2651 3699 itinere

206 3732 319 3793 qnod
340 3734 417 3783 die
451 3737 669 3786 sabbati
692 3736 956 3786 Hebraeis
992 3736 1121 3785 licet
1156 3734 1434 3798 conficere,
1472 3736 1653 3785 variae
1692 3741 1816 3786 sunt
1851 3735 2203 3802 diversaeque
2241 3738 2555 3799 sententiae,
2583 3765 2651 3773 -——

206 3832 313 3879 quae
346 3826 717 3873 enumerantur
752 3824 809 3872 in
846 3823 1205 3888 singularibus
1243 3822 1704 3872 dissertationibus
1753 3822 1805 3871 J.
1842 3822 2177 3872 Frischmuth
2215 3828 2269 3871 et
2302 3822 2374 3872 M.
2412 3822 2650 3872 Walthe-

206 3916 289 3960 ffls,
321 3922 442 3971 quas
476 3924 699 3959 recusas
740 3908 955 3959 exhibet
980 3909 1139 3959 Thes.
1166 3908 1239 3958 th.
1266 3909 1353 3974 ph.
1391 3909 1461 3972 11,
1487 3910 1604 3958 417.
1632 3926 1674 3959 s.
1711 3911 1830 3958 424.
1857 3924 1899 3957 s.
1952 3909 2169 3974 Leyrer‚
2207 3911 2263 3959 in
2300 3910 2551 3973 Herzogii
2585 3910 2648 3958 R.

208 3986 255 4036 E.
278 3992 407 4057 xm,
438 3998 557 4045 213.
584 4010 626 4045 s.
654 4024 721 4033 —
748 3996 947 4063 passim
997 4001 1118 4045 octo
1158 3996 1359 4058 stadia,
1398 4012 1439 4046 s.
1466 3995 1609 4045 mille
1648 4011 1856 4061 passus,
1897 3997 1988 4061 qui
2025 3996 2374 4061 quadrantem
2409 3994 2649 4044 milliaris

208 4081 451 4137 germanici
486 4084 850 4144 constituunt,
889 4082 1137 4148 amplecti
1176 4082 1459 4132 affirmant.
1515 4082 1786 4148 Quidquid
1832 4084 1902 4132 sit
1938 4100 1978 4133 s.
2006 4084 2187 4132 Lucae
2233 4098 2340 4133 non
2379 4087 2494 4132 erat
2527 4097 2648 4146 pro-

212 4165 395 4223 positum
432 4171 648 4235 proprie
684 4169 923 4218 indicare
958 4170 1125 4230 viam,
1176 4184 1331 4233 quam
1371 4171 1571 4218 emensi
1606 4170 1715 4219 sint
1751 4168 2028 4233 discipuli,
2068 4168 2162 4219 sed
2199 4170 2428 4233 spatium
2466 4168 2648 4234 quale-

210 4262 389 4316 cumque
424 4254 635 4305 demum
670 4256 891 4305 montis:
934 4250 991 4316 ,,ὁ
1028 4283 1094 4291 -
1132 4271 1205 4305 sc.
1233 4250 1344 4322 ὅρος
1389 4284 1443 4291 -
1488 4252 1613 4304 ἐστιν
1659 4252 1833 4323 ἐγγὺς*
1871 4257 2060 4321 inquit.
2097 4256 2172 4305 Ut
2207 4261 2492 4321 propterea
2513 4255 2648 4305 nihil

211 4334 431 4389 s.Joanni
468 4346 756 4408 repugnet,
814 4344 905 4407 qui
952 4358 1070 4391 cum
1118 4342 1421 4407 quindecim
1467 4341 1563 4392 illa
1598 4343 1801 4405 stadia,
1850 4344 2050 4408 pariter
2092 4341 2396 4392 distantiam
2431 4344 2647 4407 propin-

212 4436 333 4483 quam
366 4436 533 4489 vocat,
572 4425 717 4497 ἐγγὺς
753 4428 851 4477 τῶν
888 4424 1275 4496 Ὶεροσολύμων;
1326 4434 1507 4478 notam
1555 4444 1727 4494 vagae
1777 4429 2148 4493 descriptionis
2185 4426 2252 4486 ὡς
2293 4430 2444 4494 quasi
2483 4429 2648 4479 addit.

212 4505 452 4564 Praeterea
482 4518 632 4566 vario
671 4520 921 4580 respectu
967 4515 1268 4566 huiusmodi
1316 4516 1629 4579 intervalla,
1687 4517 1833 4564 varie
1880 4515 2084 4565 definiri
2134 4516 2501 4580 quotidianum
2552 4522 2647 4567 est.

209 4590 393 4650 Videtur
422 4607 535 4651 tota
570 4602 709 4652 adeo
745 4604 836 4651 via
870 4602 1183 4652 Bethaniam
1224 4618 1409 4653 versus
1447 4602 1799 4652 ambulationi
1836 4602 2148 4652 sabbaticae
2185 4605 2438 4667 patuisse.

288 4688 477 4741 ano.
506 4693 623 4737 mat.
652 4693 955 4737 Bevelctionis
980 4695 1168 4736 divinae.
1198 4694 1253 4735 IL
2274 4692 2336 4739 12
