3267 5259
1209 459 1494 504 chronotaxis
1521 461 1802 514 Evangelia.
2567 449 2747 498 LXIII

247 637 412 687 etiam
457 641 652 687 testem
700 636 866 687 alium
913 638 1216 688 omissionis
1261 637 1541 703 plenilunii
1588 637 1848 688 habemus
1894 637 2184 703 Originem,
2222 640 2280 687 in
2313 638 2499 688 Matth.
2539 639 2741 690 Comm.

246 740 352 773 ser.
379 740 431 774 n.
459 726 580 774 134.
606 725 672 786 V,
699 726 781 774 53.
819 729 1136 774 testantem:
1195 725 1298 786 „Et
1332 725 1572 790 Phlegon
1609 725 1821 791 quidem
1858 727 1913 774 in
1952 724 2229 774 chronicis
2266 727 2375 777 suis
2414 728 2640 792 scripsit,
2689 728 2745 776 in

247 812 518 878 principio
537 812 742 862 Tiberii
764 811 1014 862 Caesaris
1035 812 1250 874 factum,
1279 811 1374 862 sed
1391 828 1500 862 non
1519 812 1842 878 significavit
1866 814 1933 862 in
1960 811 2073 861 lun
2088 829 2121 862 a
2144 829 2177 878 p
2194 812 2347 862 lena
2368 813 2469 863 hoc
2496 815 2741 863 factum.“

247 897 406 948 Adde
441 899 740 949 Eusebium
777 899 834 948 in
872 913 1014 948 anno
1051 899 1203 949 istius
1241 899 1517 964 eclypseos
1554 899 1828 948 recitando
1867 899 2151 948 admodum
2195 900 2423 961 variare,
2475 901 2743 950 enimvero

247 985 308 1033 in
347 984 572 1036 Canone
609 985 810 1036 Chron.
836 1001 1036 1036 annum
1060 987 1109 1034 4.
1137 985 1346 1052 Olymp.
1371 988 1489 1036 202.
1527 988 1740 1050 recitat3
1778 987 2262 1037 Demonstrationis
2302 1003 2426 1037 vero
2462 987 2671 1053 Evang.
2708 986 2743 1036 1.

249 1071 400 1134 vm,
426 1076 477 1122 2.
501 1089 554 1138 p.
581 1075 702 1122 390.
753 1072 1120 1139 „Olympiadis
1153 1074 1547 1123 ducentesimae
1584 1073 1855 1124 secundae
1892 1088 2062 1123 annus
2100 1073 2366 1124 secundus
2404 1077 2531 1124 est.“
2595 1073 2745 1123 Idem

247 1175 415 1225 porro
453 1175 628 1211 annus
665 1162 892 1210 recurrit
917 1165 970 1210 et
993 1160 1136 1227 apud
1171 1177 1213 1211 s.
1241 1161 1624 1224 Hieronymum
1654 1161 1709 1210 in
1745 1162 1885 1211 Dan.
1910 1161 2001 1209 IX.
2027 1176 2148 1226 pag.
2175 1163 2293 1212 685.
2332 1160 2467 1210 Cum
2492 1177 2617 1210 vero
2654 1177 2740 1210 res

249 1247 328 1295 ita
366 1263 426 1296 se
463 1246 678 1311 habeat,
716 1247 862 1297 haud
898 1249 1028 1298 satis
1065 1255 1312 1298 accurate
1350 1247 1564 1312 quidem
1599 1248 1877 1313 scripsisse
1914 1247 2123 1297 videtur
2158 1248 2461 1310 Africanus,
2512 1248 2605 1298 sed
2642 1262 2742 1298 sna

247 1335 426 1384 verba
449 1333 554 1384 illis
577 1334 892 1400 Phlegontis
916 1336 1206 1384 miscuisse.
1247 1335 1374 1394 „Sin
1397 1339 1574 1384 autem
1598 1332 1726 1383 licet
1748 1334 1889 1396 mihi,
1917 1349 2054 1400 quae
2080 1336 2269 1396 sentio,
2296 1336 2535 1401 proferre
2560 1337 2747 1385 scribit

249 1421 452 1484 Routh,
491 1427 671 1472 annot.
707 1423 766 1471 in
791 1420 1028 1472 Africani
1056 1421 1232 1471 Chron
1258 1421 1291 1470 l.
1319 1437 1363 1471 c.
1387 1437 1440 1486 p.
1467 1423 1602 1482 478„
1642 1421 1879 1484 dixerim,
1918 1437 2025 1471 non
2050 1428 2257 1472 tantum
2282 1423 2456 1472 famae
2481 1423 2736 1483 Africani,

249 1509 352 1558 sed
391 1509 552 1558 etiam
588 1509 831 1560 veritatis
869 1509 1135 1558 eruendae
1172 1523 1352 1570 causa,
1390 1513 1558 1557 totum
1591 1507 1735 1557 istud
1772 1508 1837 1558 de
1863 1508 2173 1574 Phlegontis
2208 1511 2510 1560 testimonio
2538 1509 2741 1560 addita-

251 1601 496 1646 mentum
531 1612 650 1646 esse
687 1611 724 1646 a
759 1595 993 1662 Georgio
1031 1595 1296 1660 Syncello,
1353 1600 1446 1645 aut
1480 1596 1550 1645 ab
1587 1595 1694 1646 alio
1734 1597 1985 1662 quopiam
2020 1596 2261 1646 Africani
2296 1598 2473 1647 verbis
2520 1597 2743 1660 illatum,

251 1684 458 1749 quippe
497 1683 642 1748 quod
677 1685 974 1733 orationem
1009 1684 1391 1749 interrumpere
1427 1684 1651 1744 videtur,
1702 1689 1795 1732 aut
1843 1682 2031 1733 saltem
2076 1685 2191 1734 sine
2227 1683 2506 1749 dispendio
2554 1700 2745 1735 sensus

251 1771 450 1821 abesse
485 1771 670 1836 possit.
742 1772 884 1832 Quin
921 1769 1052 1820 illud
1087 1772 1375 1836 praecipue
1414 1769 1823 1832 observandum,
1860 1770 2004 1820 haud
2042 1773 2326 1821 convenire
2362 1787 2481 1822 cum
2509 1772 2745 1821 Africani

250 1863 555 1923 temporum
581 1857 894 1920 rationibus,
922 1873 1058 1923 quae
1079 1873 1241 1906 unum
1265 1863 1468 1906 tantum
1491 1856 1906 1922 praedicationis
1926 1858 2241 1907 Dominicae
2267 1874 2463 1908 annum
2491 1863 2742 1920 statuunt,

251 1949 588 2010 mortemque
643 1944 840 1995 Christi
896 1959 1036 1994 anno
1092 1944 1344 2006 secundo,
1402 1943 1611 2010 Olymp.
1650 1947 1768 1994 202.
1814 1944 2053 2010 affigtmt,
2107 1944 2256 1994 illum
2308 1945 2547 2010 profecto
2602 1945 2745 2012 apud

251 2030 610 2098 Phlegontem
656 2047 857 2082 annum
907 2031 1333 2097 Olympiadicum
1369 2033 1488 2094 202,
1516 2033 1565 2080 4.
1604 2047 1763 2097 quem
1800 2037 1933 2082 teste
1970 2033 2208 2082 Eusebio
2248 2061 2311 2070 —
2352 2032 2655 2082 chronicon
2703 2047 2744 2082 s.
2789 2067 2797 2076 ·

253 2119 592 2184 Hieronymo
628 2120 724 2170 int.
761 2119 846 2170 ed.
881 2119 1021 2170 Vall.
1057 2120 1201 2181 VIII,
1241 2121 1342 2170 648
1378 2147 1444 2156 —
1483 2120 1790 2186 signaverat
1824 2119 2114 2185 Phlegon.“
2154 2120 2303 2169 Idem
2338 2121 2505 2170 sensit
2540 2121 2608 2169 D.
2646 2121 2744 2170 Pe-

255 2207 453 2268 tavius,
493 2207 560 2257 de
597 2206 736 2257 doct.
772 2207 958 2274 Temp.
995 2207 1118 2270 XII,
1157 2209 1240 2257 21.
1277 2224 1330 2273 p.
1356 2209 1475 2256 251.
1546 2207 1810 2270 Whiston,
1848 2208 1902 2256 in
1940 2207 2067 2258 diss.
2104 2207 2297 2273 anglic.
2335 2207 2401 2258 de
2436 2207 2747 2273 Phlegontis

253 2293 478 2360 eclypsi.
552 2294 646 2345 Six
684 2295 1070 2346 dissertations.
1107 2295 1280 2345 Lond.
1323 2297 1472 2345 1734.
1498 2312 1550 2345 n.
1577 2297 1625 2344 3.
1659 2296 1757 2346 sub
1784 2295 1965 2344 titulo:
2004 2296 2049 2344 A
2076 2295 2225 2362 reply
2260 2301 2315 2345 to
2353 2295 2419 2345 de
2446 2295 2617 2360 Sykes
2657 2295 2745 2346 de-

258 2383 418 2431 fence
457 2383 518 2432 of
548 2381 632 2434 his
670 2382 1011 2434 dissertation
1048 2400 1117 2433 on
1141 2384 1230 2434 the
1267 2383 1482 2450 eclypse
1519 2383 1823 2434 mentioned
1860 2385 1933 2448 by
1967 2381 2224 2449 Phlegon.
2262 2399 2312 2448 p.
2354 2384 2470 2433 177.
2540 2383 2743 2447 Mayer,

251 2470 311 2518 in
361 2468 500 2518 libro
547 2469 616 2520 de
667 2468 886 2537 Eclypsi
925 2471 1120 2521 Sinica.
1169 2471 1518 2537 Regiomonti.
1559 2474 1694 2521 1718
1727 2489 1777 2538 p.
1815 2473 1898 2520 33.
1945 2470 2125 2521 Missis
2160 2472 2324 2537 igitur
2360 2471 2605 2520 omnibus
2640 2469 2747 2520 loci

251 2555 592 2622 Phlegontei,
631 2557 802 2623 qualis
840 2559 895 2607 in
931 2558 1154 2609 Eusebii
1194 2557 1471 2610 Chronicis
1510 2564 1699 2620 exstat,
1738 2564 1848 2607 tum
1886 2559 2369 2623 interpretamentis
2406 2564 2515 2607 tum
2542 2573 2746 2607 correc-

251 2645 510 2706 tionibus,
567 2646 764 2710 quibus
814 2646 1026 2711 quidem
1076 2647 1450 2698 enumerandis
1499 2648 1667 2696 iustus
1717 2651 1975 2696 tractatus
2012 2661 2145 2711 opus
2183 2650 2351 2710 esset3
2406 2644 2508 2694 hoc
2542 2649 2749 2694 tantum

253 2731 520 2795 addimus,
550 2733 600 2782 si
618 2748 808 2783 revera
827 2732 1196 2801 chronologus
1217 2741 1396 2784 noster
1415 2734 1715 2796 Africanus,
1742 2734 1796 2783 id
1822 2734 1887 2783 de
1914 2731 2207 2799 Phlegonte
2232 2732 2524 2799 protulerit,
2552 2732 2749 2782 debere

251 2835 474 2883 omnes,
523 2821 664 2871 bene
713 2821 1166 2872 animadvertente
1211 2823 1422 2873 Routho
1478 2823 1568 2887 qui
1617 2822 1673 2870 in
1720 2822 1857 2870 hanc
1904 2837 2123 2871 arenam
2159 2821 2545 2882 descenderint,
2581 2821 2749 2888 probe

251 2911 470 2957 tenere:
509 2908 639 2974 quid
675 2907 742 2957 de
779 2910 933 2960 annis
969 2909 1284 2960 Dominicae
1321 2909 1734 2975 praedicationis
1770 2909 2059 2974 mortisque
2109 2909 2336 2959 senserit
2382 2908 2523 2958 idem
2570 2907 2748 2957 Julius

249 2994 546 3044 Africanus
581 2995 703 3045 Vid.
729 2996 823 3045 int.
852 2996 1012 3063 Sepp,
1037 2997 1101 3046 L.
1127 2997 1178 3046 J.
1205 2995 1264 3045 C.
1289 2997 1332 3045 I.
1355 2998 1402 3058 1,
1421 2998 1538 3046 300.
1564 2995 1616 3045 J.
1654 2995 1893 3060 Bucher;
1934 2995 2181 3045 Chronol.
2208 3013 2259 3061 p.
2286 2997 2369 3046 96.

471 3119 561 3179 II.
588 3125 798 3181 Annus
821 3123 894 3180 D.
912 3124 990 3182 N.
1006 3123 1060 3181 J.
1081 3124 1142 3182 C.
1173 3119 1580 3201 ,σ’τσιιῳιιῦσιμοςι
1605 3143 1681 3180 ex
1704 3121 1941 3180 indiciis
1965 3127 2294 3199 temporum
2317 3123 2524 3181 divina
2553 3127 2748 3181 aucto-

251 3226 440 3286 ritate
481 3227 732 3286 firmatis
763 3227 1206 3303 investigandus
1237 3230 1368 3288 erit.
1407 3229 1540 3286 Duo
1570 3248 1710 3288 vero
1740 3233 1879 3286 sunt
1908 3229 1971 3284 in
2002 3229 2219 3304 epocha
2246 3227 2540 3286 Passionis
2569 3229 2750 3285 stabi-

251 3331 462 3389 lienda
493 3332 857 3390 characteres
880 3334 943 3390 in
983 3334 1305 3409 Evangelio
1336 3336 1504 3393 nobis
1544 3335 1751 3392 traditi
1782 3336 2099 3392 necessario
2129 3333 2477 3392 observandi
2509 3353 2749 3408 nempe:

249 3435 642 3494 Paschalis
671 3438 1108 3497 Judaeorum
1139 3440 1310 3511 dies,
1343 3460 1444 3497 seu
1475 3439 1911 3516 decimaquarta
1940 3437 2061 3495 dies
2086 3439 2287 3496 Lunae
2311 3437 2527 3495 mensis
2550 3437 2746 3514 primi,

251 3561 380 3620 qua
423 3559 650 3599 necesse
705 3548 836 3601 erat
887 3563 1102 3617 agnum
1153 3543 1480 3614 immolari3
1536 3549 1594 3602 et
1648 3545 1843 3602 feria
1893 3545 2150 3622 quinta
2202 3563 2467 3601 coenae
2520 3541 2749 3600 Domi-

251 3645 484 3704 nicae
527 3651 774 3722 tempus,
825 3668 892 3706 ac
922 3649 1214 3706 Passionis
1259 3647 1518 3721 initium,
1568 3669 1716 3727 quae
1761 3651 1996 3707 demum
2038 3648 2427 3724 compleretur
2472 3647 2537 3705 in
2582 3665 2751 3706 cruce

255 3751 544 3827 postridie
575 3752 727 3810 feria
755 3757 940 3811 sexta.
1003 3754 1102 3811 Ita
1130 3755 1398 3831 quidem:
1449 3759 1516 3812 ut
1544 3755 1785 3812 sabbato
1814 3753 2001 3832 quieti
2032 3755 2193 3824 dat03
2245 3755 2423 3812 tertia
2460 3753 2570 3825 die,
2605 3772 2752 3831 quae

257 3861 396 3914 erat
424 3856 756 3928 Dominice„
806 3856 1075 3916 Christus
1122 3879 1158 3916 a
1201 3858 1449 3918 mortuis
1479 3865 1811 3934 resurgeret
1835 3857 1871 3917 ¹.
1932 3859 2047 3917 His
2077 3860 2299 3918 duobus
2330 3858 2566 3916 indiciis
2597 3857 2751 3933 apud

257 3959 518 4032 Veteres,
562 3963 677 4020 duo
725 3960 833 4019 alii
877 3963 1179 4021 arbitrarii
1225 3964 1532 4021 accedunt:
1579 3963 1962 4022 Geminorum
2004 3965 2172 4022 Fusii
2217 3969 2277 4020 et
2304 3962 2566 4021 Rubellii
2615 3981 2749 4019 con-

252 4065 486 4124 sulatus
507 4062 550 4138 ²,
586 4071 646 4124 et
690 4067 813 4124 dies
849 4067 1020 4126 VIII.
1054 4068 1347 4126 Kalendas
1381 4067 1605 4144 Aprilis
1629 4065 1673 4139 ³,
1717 4068 1980 4126 Passioni
2013 4067 2335 4126 dominicae
2366 4071 2747 4125 consecratus.

256 4169 342 4228 Ut
371 4171 449 4229 ab
480 4170 712 4229 ultimis
743 4171 1198 4247 disputationem
1229 4177 1488 4230 nostram
1534 4173 1938 4247 ingrediamur
1976 4171 2333 4230 notandum:
2386 4189 2607 4228 annum
2636 4190 2750 4249 quo

253 4295 484 4350 gessere
540 4275 951 4334 Consultatum
995 4277 1206 4334 Fusius
1251 4277 1532 4335 Geminus
1578 4283 1638 4335 et
1680 4276 1989 4336 Rubellius
2041 4277 2321 4334 Geminus
2368 4277 2521 4334 citra
2567 4275 2749 4336 ullam

253 4381 692 4440 dubitationem
738 4381 914 4439 fuisse
957 4401 1178 4440 annum
1212 4384 1402 4442 Aerae
1449 4381 1724 4456 vulgaris
1774 4387 1874 4440 29.
1895 4379 1952 4449 ⁴3
2001 4381 2065 4438 in
2109 4401 2281 4459 quem
2310 4381 2478 4442 nulla
2524 4383 2750 4440 ratione

475 4573 514 4637 ¹)
557 4573 622 4622 V.
659 4571 730 4621 Η.
767 4572 832 4620 N.
856 4572 918 4620 T.
944 4589 996 4638 p.
1023 4574 1106 4622 96.
1141 4589 1182 4622 s.
1212 4575 1330 4622 234.
1357 4589 1398 4623 s.
1473 4572 1512 4637 2)
1545 4561 1656 4633 'Qui
1694 4578 1775 4622 est
1812 4572 2010 4638 primus
2047 4571 2338 4624 character.
2412 4571 2453 4640 ³)
2489 4573 2534 4624 Ι.
2583 4590 2627 4623 e.
2666 4575 2749 4623 26.

249 4663 453 4712 mensis
491 4659 696 4720 Martii,
734 4657 824 4724 qui
860 4663 941 4708 est
976 4659 1244 4710 secundus
1280 4675 1446 4725 penes
1483 4659 1604 4710 illos
1642 4659 1933 4710 character.
2005 4659 2047 4726 ⁴)
2085 4659 2239 4711 Unus
2272 4661 2474 4712 Franc.
2498 4659 2747 4710 Blanchi-
