3267 5259
1196 423 1395 467 Christus
1422 424 1610 476 patiens.
2522 412 2646 477 133

380 594 521 661 Sole
568 598 839 679 oriente,
886 620 923 662 e
968 598 1244 683 vestigio
1290 597 1562 661 ministri
1608 598 1788 661 iussu
1833 606 2097 663 senatus
2144 597 2382 662 iudaici
2413 620 2644 685 appre-

210 708 527 773 henderunt
568 708 803 775 Jesum
846 709 1136 796 ligatum,
1193 720 1505 796 rectaque
1554 708 2034 774 contenderunt
2077 708 2164 775 ad
2206 712 2645 795 procuratoris

210 818 359 883 Pilati
400 824 790 907 praetorium
810 824 861 906 ¹3
918 834 991 888 ut
1052 825 1279 909 eapitis
1326 821 1716 909 supplicium
1763 820 2016 886 Christo
2079 820 2280 907 infligi
2339 825 2644 909 impetra-

208 942 337 997 rent.
378 930 563 1012 Quod
607 933 919 1019 singulari
965 934 1096 998 Dei
1139 933 1553 1020 providentia
1598 933 1876 1017 factum,
1941 934 2125 998 cuius
2172 934 2438 999 consilio
2487 934 2642 999 defi-

208 1046 371 1108 nitum
426 1054 587 1127 erat,
648 1054 723 1109 ut
766 1046 811 1110 J
814 1068 961 1111 esus
1016 1045 1431 1130 suffigeretur
1477 1048 1672 1123 cruci,
1725 1045 1902 1131 quod
1945 1046 2084 1131 ipse
2129 1045 2456 1131 praedixit
2499 1046 2644 1132 plus

208 1156 367 1221 semel
381 1159 421 1221 ².
476 1156 688 1222 Judas
734 1158 1029 1244 proditor
1058 1180 1209 1223 cum
1239 1158 1493 1223 videret
1537 1159 1582 1224 J
1584 1181 1770 1223 esum
1801 1158 2304 1223 condemnatum
2334 1181 2374 1222 a
2403 1168 2641 1243 magno

208 1267 415 1333 iudaice
461 1280 713 1353 senatu,
760 1272 923 1335 mitti
968 1271 1055 1335 ad
1099 1271 1477 1335 Pontium
1522 1270 1921 1335 Pilatum³
1965 1270 2198 1335 ductus
2243 1272 2644 1356 poenitentia

208 1380 379 1444 retulit
436 1392 786 1467 argenteos
854 1393 1163 1469 acceptos
1231 1383 1316 1447 ad
1380 1385 1712 1469 principes
1773 1383 2186 1448 sacerdotum
2241 1392 2306 1447 et
2351 1382 2634 1466 scribas3

207 1514 465 1576 peccasse
510 1518 579 1560 se
626 1494 950 1559 tradendo
983 1495 1215 1560 Jesum
1261 1497 1700 1579 innocentem,
1734 1497 1844 1582 qui
1889 1494 2045 1559 nihil
2092 1495 2360 1580 dignum
2405 1505 2634 1577 morte,

210 1606 286 1669 eui
322 1605 685 1691 destinatur,
735 1610 1036 1694 patravit.
1082 1608 1255 1672 Nihil
1316 1631 1434 1674 sua
1487 1609 1555 1673 id
1612 1608 1860 1673 referre
1920 1606 2010 1672 illi
2071 1608 2410 1690 dixerunt3
2481 1628 2520 1670 a
2570 1630 2640 1671 se

208 1738 385 1781 curam
428 1742 683 1785 omnem
732 1719 1129 1786 amoliuntur
1174 1731 1239 1785 et
1280 1722 1579 1785 reiiciunt
1622 1723 1692 1784 in
1736 1719 1998 1802 Judam,
2047 1721 2156 1806 qui
2204 1720 2640 1786 conscientiae

208 1828 423 1894 stimulis
480 1834 799 1917 agitatus,
862 1841 1208 1917 argenteos
1268 1833 1642 1899 mercedem
1698 1832 1963 1897 sceleris
2021 1832 2304 1896 retinere
2364 1830 2641 1917 amplius

206 1962 305 2003 non
354 1947 569 2027 potuit.
638 1945 875 2031 Itaque
936 1948 1230 2032 proiecta
1290 1948 1354 2010 in
1403 1944 1750 2032 Templum
1794 1946 2076 2032 pecunia
2121 1946 2187 2009 in
2230 1942 2449 2008 locum
2495 1942 2638 2007 soli·

212 2056 397 2118 tarium
441 2060 733 2139 secessit,
779 2056 889 2121 nbi
938 2080 1007 2122 se
1052 2060 1264 2143 ipsum
1309 2057 1545 2143 laqueo
1592 2058 1990 2123 suffocavit⁴.

208 2316 283 2364 ists
310 2317 533 2381 dicimus,
580 2322 815 2385 primum
850 2320 1226 2385 Apostolorum
1262 2336 1517 2371 accusare
1556 2320 1812 2383 delectat3
1860 2320 1953 2369 sed
1990 2320 2132 2370 hunc
2167 2320 2422 2371 intuendo
2461 2319 2639 2369 admo·

207 2402 289 2451 neri
318 2418 403 2453 nos
428 2412 649 2472 oportet,
688 2422 759 2455 ne
796 2406 953 2457 homo
992 2407 1273 2473 quisquam
1311 2407 1375 2457 de
1412 2407 1658 2457 humanis
1693 2408 1896 2457 viribus
1935 2406 2113 2457 fidam

370 2490 403 2556 ¹)
467 2493 633 2543 Notat
692 2494 1022 2559 praetorium
1090 2490 1467 2561 ι,τιςρικιτιιῦριον“,
1540 2494 1713 2559 prima
1779 2492 2166 2559 significatione
2237 2492 2640 2543 tabernaculum

208 2580 425 2627 castrense
460 2582 648 2629 summi
691 2578 847 2629 ducis
882 2580 995 2629 sive
1033 2581 1387 2645 imperatoris,
1414 2581 1502 2645 qui
1529 2580 1694 2629 latine
1721 2579 2095 2645 appellabatur
2117 2583 2357 2645 praetor-3
2395 2579 2491 2629 sed
2515 2580 2644 2644 quia

208 2661 411 2713 subactae
441 2668 687 2731 regiones
724 2665 1047 2731 permultae,
1096 2668 1153 2715 in
1190 2666 1411 2716 formam
1448 2666 1758 2732 provinciae
1795 2665 2044 2717 redactae
2081 2670 2244 2731 atque
2283 2665 2352 2717 ab
2389 2665 2456 2714 iis
2494 2664 2640 2715 duci-

208 2745 281 2795 bus
308 2750 685 2803 administratae
726 2752 947 2815 fuerint3
1004 2752 1215 2815 accidit,
1252 2758 1313 2803 ut
1348 2752 1706 2804 habitationes
1745 2753 1978 2818 ipsorum
2022 2753 2362 2817 praetoria
2403 2752 2640 2802 diceren-

208 2840 281 2895 tur,
310 2844 448 2901 prout
478 2840 579 2904 ipsi
616 2840 673 2888 in
712 2839 1005 2904 provinciis
1042 2853 1213 2904 aeque
1250 2853 1317 2888 ac
1351 2840 1407 2888 in
1444 2840 1633 2889 castris
1673 2838 1929 2904 appellati
1966 2842 2091 2889 sunt
2125 2844 2498 2904 praetores.
2559 2838 2639 2888 cf.

206 2918 243 2967 J.
273 2921 517 2987 Perizonii‚
553 2925 693 2990 disq.
735 2924 801 2974 de
837 2926 1123 2990 praetorio,
1166 2925 1341 2989 Lngd.
1372 2925 1493 2975 Bat.
1522 2928 1673 2976 1696.
1712 2942 1764 2991 p.
1793 2927 1839 2975 ’1.
1865 2940 1908 2975 s.
1947 2928 2030 2976 30.
2057 2940 2099 2976 s.
2161 2926 2202 2991 ²)
2240 2926 2361 2976 Hoc
2397 2930 2458 2976 ut
2491 2925 2644 2975 fieret

209 3020 287 3055 nou
314 3022 343 3057 a
368 3010 581 3061 Judaeis
616 3011 1007 3061 interimendus
1044 3015 1175 3074 erat,
1214 3011 1307 3061 sed
1346 3026 1381 3061 a
1414 3012 1686 3062 Romanis.
1739 3012 1899 3078 Apud
1933 3012 2174 3063 Judaeos
2213 3014 2351 3063 enim
2387 3028 2498 3063 non
2533 3013 2638 3062 usi—

208 3096 335 3143 tatum
354 3096 443 3145 fuit
462 3097 594 3148 illud
618 3097 963 3163 supplicium,
990 3097 1133 3163 quod
1159 3113 1369 3149 crucem
1395 3100 1609 3164 proprie
1636 3098 1912 3163 adpellant
1935 3098 2180 3149 Romani.
2217 3100 2338 3149 Non
2361 3114 2488 3164 ergo
2525 3100 2640 3149 sine

210 3180 485 3241 providentia
518 3184 769 3233 Numinis
806 3182 1025 3247 factum,
1064 3184 1209 3249 quod
1243 3184 1441 3235 Judaei
1476 3185 1664 3235 Jesum
1700 3185 2018 3236 tradiderint
2039 3186 2378 3236 Procurator-i
2401 3200 2640 3247 romano,

210 3271 249 3311 et
274 3282 393 3317 reum
426 3270 569 3321 illum
602 3271 917 3337 peregerint
952 3272 1210 3333 criminis,
1250 3270 1395 3337 qnod
1428 3272 1734 3337 pertinebat
1781 3271 1850 3321 ad
1886 3272 2120 3322 tribunal
2167 3286 2442 3322 romanum
2477 3276 2640 3337 atque

210 3352 415 3417 supplicio
448 3359 621 3407 crucis
661 3356 829 3423 plecti
866 3355 1091 3407 solebat.
1155 3356 1197 3421 ³)
1242 3358 1467 3407 Romani
1512 3374 1621 3408 non
1665 3357 1824 3408 modo
1873 3360 2110 3420 nomine,
2161 3358 2256 3407 sed
2291 3358 2636 3423 praenomine

209 3438 327 3487 ‘fiam
355 3448 768 3510 wgnomineque
804 3442 1063 3509 adpellati
1100 3444 1413 3509 plerumque
1449 3449 1588 3495 sunt.
1627 3444 1836 3495 Nomen
1871 3445 2106 3496 Pontii
2141 3445 2383 3506 latinum,
2423 3458 2488 3493 ac
2513 3446 2633 3495 noti

212 3520 345 3575 Pontii
366 3528 593 3581 Romani.
634 3530 904 3580 Pilatus
942 3546 1237 3595 cognomen
1273 3531 1473 3596 pariter
1508 3530 1735 3580 latinum
1761 3536 1842 3581 est
1867 3546 1900 3581 a
1922 3531 2034 3597 pilo
2071 3531 2284 3593 dictum,
2323 3531 2464 3596 quod
2501 3533 2642 3581 inter

210 3607 291 3657 tela
316 3612 651 3666 Romanorum
690 3616 811 3667 fnit.
870 3614 911 3681 ⁴)
948 3617 1101 3677 Quae
1138 3632 1257 3666 cum
1295 3622 1546 3667 accurate
1572 3618 1902 3667 recensuerit
1923 3631 1966 3667 s.
1990 3616 2294 3667 Matthaeus
2320 3618 2404 3680 27,
2431 3619 2637 3681 3-10„

210 3695 371 3747 minime
410 3706 579 3752 tamen
622 3704 711 3752 his
758 3704 1057 3753 consentire
1102 3704 1222 3752 visa
1266 3707 1407 3765 sunt,
1446 3718 1585 3768 quae
1632 3702 1798 3753 habet
1832 3704 2068 3753 narratio
2106 3719 2148 3753 s.
2187 3703 2332 3753 Petri
2379 3703 2446 3752 de
2481 3702 2640 3753 huius

212 3778 335 3843 ipsius
362 3785 525 3837 Judae
561 3790 711 3839 facto
748 3788 867 3839 Act.
896 3792 941 3851 1,
970 3789 1052 3839 18.
1106 3788 1409 3853 Ambigitur
1452 3788 1718 3854 quomodo
1763 3790 1826 3851 is,
1866 3789 1956 3855 qui
1994 3789 2188 3839 dicitur
2230 3788 2420 3839 Mattb.
2459 3791 2551 3852 27,
2588 3792 2638 3839 5.

213 3879 523 3937 offltpentuffl,
576 3876 753 3941 possit
805 3874 1065 3940 adpellari
1117 3875 1236 3925 Act.
1276 3878 1331 3937 l,
1370 3878 1451 3925 18.
1510 3871 1724 3942 ,πρηνὴς
1771 3870 2024 3943 γενόμενος
2071 3872 2284 3939 λακῆσαι
2327 3872 2526 3942 μέσος“,
2579 3880 2640 3924 ut

214 3950 487 4010 effundantur
519 3962 705 4011 omnia
740 3961 965 4011 viscera.
1012 3962 1095 4011 Ne
1130 3960 1310 4011 multis
1345 3977 1456 4011 rem
1482 3960 1850 4023 dilucidemus,
1889 3976 1931 4009 s.
1957 3961 2137 4011 Lucas
2171 3966 2354 4011 narrat
2385 3960 2418 4009 1.
2446 3976 2492 4009 c.
2515 3966 2640 4025 post

214 4046 393 4107 mrtem,
426 4062 579 4111 qnam
616 4047 889 4113 quomodo
933 4047 1161 4113 adeptus
1196 4048 1358 4098 fuerit
1392 4048 1632 4113 proditor
1669 4049 1726 4097 in
1760 4047 1936 4097 medio
1973 4046 2223 4113 relinquit
2253 4076 2318 4084 —
2343 4047 2638 4111 expositam

214 4124 405 4181 videlieet
436 4147 469 4182 a
500 4150 542 4183 s.
566 4132 848 4183 Matthaeo
902 4162 967 4171 —-
1022 4134 1220 4183 Judam
1258 4134 1483 4183 aliorum
1518 4133 1766 4184 manibus
1811 4134 2156 4199 praecipitem
2202 4133 2402 4182 factum
2453 4159 2520 4167 —
2575 4138 2636 4183 ut

215 4210 429 4267 tolleretur
460 4234 523 4269 ex
558 4234 693 4285 agro
742 4220 845 4269 iste
896 4219 1287 4270 abominandae
1334 4220 1607 4271 foeditatis
1655 4226 1999 4286 conspectus,
2057 4224 2111 4269 et
2154 4217 2522 4283 graveolentia
2571 4234 2636 4268 ex

216 4294 345 4351 futuro
376 4312 549 4368 putore
586 4308 771 4356 carnis
808 4332 875 4343 -——·
912 4308 1183 4373 crepuisse
1218 4307 1449 4357 medium
1484 4308 1588 4369 sic,
1639 4312 1700 4357 ut
1744 4307 1910 4356 effusa
1953 4306 2224 4371 patuerint
2257 4306 2372 4354 eius
2407 4305 2634 4355 viscera.

218 4380 267 4431 Et
292 4402 427 4451 quare
458 4393 512 4442 id
544 4394 779 4443 orationi
817 4407 948 4444 suae
983 4393 1209 4443 inseruit
1242 4408 1284 4443 s.
1310 4394 1535 4443 Petrus?
1575 4394 1698 4443 Non
1721 4398 1782 4443 ut
1805 4392 2054 4458 proderet
2077 4392 2335 4441 rationem
2369 4391 2637 4442 infaustae

218 4474 365 4535 mortis,
395 4492 542 4542 quam
577 4479 977 4529 infelicissimus
1010 4478 1099 4529 hic
1134 4484 1379 4529 natorum
1418 4496 1481 4528 ex
1518 4478 1828 4529 mulieribus
1865 4480 2082 4529 sortitus
2109 4482 2215 4541 θεὶς
2253 4478 2348 4527 sed
2373 4483 2432 4528 ut
2457 4478 2638 4528 omnia

218 4552 365 4609 indicia
394 4568 441 4613 et
472 4566 699 4630 pignora
735 4564 1015 4629 colligeret
1050 4581 1090 4616 s.
1119 4566 1325 4627 Petrus,
1360 4564 1503 4614 unde
1540 4569 1812 4615 constaret
1842 4564 2110 4629 Apostolis
2137 4564 2490 4613 necessariam
2517 4578 2635 4613 esse
