3267 5259
1229 437 1371 478 coena
1396 435 1584 478 nomini.
2535 425 2656 487 119

184 638 275 678 vos
302 637 435 676 vero
464 618 655 688 addit,
701 616 841 694 quia
870 617 936 674 in
965 615 1181 674 animis
1212 616 1424 674 vestris
1455 614 1587 685 erit,
1636 615 1959 688 agnoscetis
1988 635 2138 672 eum.
2194 616 2284 672 Ne
2315 633 2456 672 vero
2485 619 2655 689 puta-

184 730 301 780 rent
343 722 427 779 ita
469 721 662 779 alium
703 720 1065 778 Paraclitum
1110 720 1255 795 ipsis
1298 720 1557 776 dandum
1602 719 1900 793 promitti;
1948 738 2016 778 ac
2044 719 2095 776 si
2126 719 2394 776 Christus
2441 720 2654 776 exinde

186 828 247 884 ab
288 826 423 900 ipsis
462 844 701 900 semper
743 824 1055 882 abfuturus
1097 829 1273 894 esset,
1322 841 1509 900 neque
1552 842 1687 880 eum
1731 823 1846 898 ipsi
1889 841 2150 900 unquam
2195 827 2386 880 essent
2440 823 2652 893 visuri,

184 937 585 1006 proptereaque
634 947 891 985 moerore
937 926 1332 997 afficerentur,
1383 925 1653 984 Christus
1695 926 2010 984 subiunxit
2053 945 2113 982 se
2143 945 2202 982 se
2233 925 2450 983 iterum
2481 926 2654 983 disci-

185 1031 321 1108 pulis
360 1033 745 1108 spectandum
810 1031 1218 1107 praebiturum
1276 1049 1395 1087 esse
1414 1026 1456 1088 ¹.
1527 1029 1675 1088 Cum
1734 1031 1926 1088 victor
1987 1030 2192 1087 mortis
2252 1031 2540 1105 apparebo
2598 1033 2658 1088 et

186 1135 420 1209 Spiritus
453 1155 501 1193 s.
536 1135 709 1192 vobis
753 1137 922 1192 datus
966 1135 1099 1206 erit,
1146 1135 1255 1192 hoc
1298 1133 1716 1210 experiemini3
1764 1153 1856 1190 me
1900 1139 1962 1192 et
2003 1135 2242 1191 Patrem
2282 1153 2467 1191 unum
2516 1153 2652 1205 esse,

186 1246 233 1295 et
274 1257 367 1296 vos
410 1237 561 1295 mihi
619 1257 741 1295 esse
798 1237 1319 1296 coniunctissimos.
1389 1237 1546 1295 Vera
1588 1236 1824 1294 dilect-io
1868 1237 2139 1316 obsequio
2184 1257 2242 1294 se
2287 1239 2498 1313 probat
2539 1257 2656 1296 non

188 1340 457 1398 moestitia
468 1337 515 1400 ².
564 1341 719 1398 Cum
760 1340 1081 1398 Dominum
1126 1341 1407 1398 audiisset
1446 1341 1483 1398 J
1486 1342 1629 1398 udas
1675 1340 1794 1398 alio
1837 1341 2072 1398 nomine
2117 1341 2458 1398 Thaddaeus
2475 1386 2489 1411 ,
2538 1360 2657 1398 non

186 1445 516 1519 intelligens,
566 1446 715 1523 quid
758 1445 872 1502 sibi
918 1443 1097 1502 vellet
1142 1443 1430 1516 Christus,
1488 1463 1623 1502 cum
1666 1445 1739 1501 de
1783 1464 1842 1501 se
1886 1444 2210 1502 cultoribus
2257 1449 2490 1502 tantum
2535 1446 2656 1502 suis

184 1549 487 1607 exhibendo
532 1549 893 1628 loqueretur,
942 1550 1182 1624 optabat
1225 1567 1345 1606 non
1389 1548 1527 1606 solis
1572 1548 1876 1624 discipulis
1929 1549 2026 1606 sed
2072 1553 2194 1606 toto
2239 1549 2456 1606 mundo
2520 1569 2656 1606 con-

184 1653 425 1727 spicuum
463 1653 598 1711 fieri
644 1673 893 1728 regnum
936 1651 1187 1722 Christi3
1252 1653 1381 1709 ideo
1424 1652 1719 1730 quaesivit
1761 1652 1864 1730 qui
1907 1651 1994 1722 fit,
2043 1671 2150 1710 cur
2195 1671 2312 1710 non
2359 1673 2416 1710 es
2461 1655 2653 1710 mani-

186 1757 475 1814 festaturus
518 1764 579 1816 te
626 1757 880 1815 mundo?
946 1756 1191 1814 Causam
1238 1756 1431 1814 reddit
1473 1755 1778 1827 Dominus,
1847 1775 1964 1813 non
2007 1755 2226 1812 mirum
2271 1762 2374 1828 est,
2423 1757 2540 1829 ait,
2603 1758 2656 1815 si

186 1879 283 1916 non
346 1861 617 1919 omuibus
685 1881 747 1918 se
814 1860 1242 1928 manifestaret3
1312 1859 1588 1918 videlicet
1649 1859 1790 1937 quia
1855 1859 2214 1916 mansionem
2280 1860 2456 1918 faciet
2522 1881 2656 1918 cum

187 1963 341 2020 Patre
370 1966 779 2024 tantummodo
825 1965 887 2021 in
932 1964 1202 2022 cordibus
1246 1983 1464 2034 eorum,
1525 1963 1626 2040 qui
1674 1969 1981 2038 praecepta
2023 1982 2129 2020 sua
2180 1961 2486 2034 servant33
2535 1964 2656 2022 illis

189 2087 306 2124 vero
347 2069 589 2126 minime
635 2067 977 2126 manifestat
1018 2087 1097 2139 se,
1146 2067 1249 2145 qui
1293 2067 1617 2142 praeceptis
1664 2068 1765 2124 abs
1807 2087 1866 2124 se
1912 2067 2064 2125 datis
2108 2086 2226 2124 non
2272 2068 2652 2146 obsequeren-

188 2169 323 2229 tur⁸.
386 2171 549 2230 Haec
595 2173 921 2244 continuat,
969 2175 1252 2230 hactenus
1293 2170 1521 2229 locutus
1578 2190 1711 2228 sum
1755 2172 1920 2228 vobis
1965 2171 2119 2246 apud
2163 2190 2266 2228 vos
2309 2171 2374 2227 in
2420 2190 2656 2248 corpore

190 2293 427 2345 manens3
491 2282 807 2355 postquam
851 2277 915 2334 in
960 2277 1183 2334 coelum
1228 2275 1425 2333 abiero
1442 2319 1457 2346 ,
1520 2295 1638 2332 non
1699 2275 1959 2332 desinam
2002 2275 2162 2352 loqui
2207 2274 2507 2333 vobiscum
2552 2296 2657 2352 per

190 2377 454 2454 Spiritum
497 2402 543 2440 s.
603 2381 807 2439 omnia
849 2381 1013 2440 vobis
1058 2380 1183 2438 fuse
1227 2399 1554 2454 suggeram.
1601 2378 1896 2436 Valedicit
1955 2385 2152 2454 postea
2195 2398 2508 2458 pacemque
2553 2382 2656 2438 dat

191 2481 462 2558 discipulis
491 2484 881 2553 discessurus3
927 2489 1101 2562 atque
1143 2485 1302 2541 hunc
1346 2485 1419 2542 ab
1448 2483 1591 2559 ipsis
1638 2483 1950 2540 discessum
1979 2503 2166 2555 suum,
2211 2503 2328 2541 non
2372 2483 2654 2540 tristitiae

191 2587 275 2642 sed
300 2589 499 2659 gaudio
531 2589 998 2666 prosequendum
1027 2609 1147 2646 esse
1178 2591 1482 2647 monstrat.
1517 2587 1816 2662 Temporis
1847 2587 2150 2660 angustiae
2183 2587 2426 2662 rapiunt
2455 2589 2653 2657 verba,

191 2689 427 2748 diabolus
471 2693 593 2750 iam
640 2697 909 2750 extrema
952 2696 1159 2763 tentat,
1207 2693 1307 2748 sed
1351 2692 1423 2748 ad
1468 2691 1770 2766 propriam
1808 2691 2158 2765 perniciem3
2205 2689 2434 2747 nullam
2463 2690 2528 2747 in
2559 2711 2652 2748 me

192 2795 369 2851 mortis
412 2814 649 2854 causam
695 2797 872 2853 habet
913 2795 1194 2866 diabolus,
1242 2796 1341 2852 sed
1385 2800 1453 2852 ut
1496 2796 1716 2852 mundo
1761 2781 1890 2852 mea
1932 2815 2072 2869 erga
2125 2796 2363 2852 Patrem
2417 2794 2654 2852 dilectio

190 2897 419 2970 patefiat,
450 2900 674 2957 moriar
692 2897 735 2957 5.
760 2899 891 2957 Sur
908 2899 1016 2972 git
1044 2918 1081 2955 a
1110 2899 1372 2956 mensa!
1391 2895 1415 2934 θ
1446 2897 1847 2956 Surrexerunt
1869 2898 2092 2956 exituri
2118 2919 2332 2969 omnes,
2376 2903 2436 2956 et
2459 2903 2656 2956 tamen

192 3001 357 3058 adhuc
399 3003 461 3059 in
505 3002 817 3061 coenaculo
872 3004 1165 3062 stantibus
1226 3001 1529 3077 discipulis
1590 3002 1832 3060 iamiam
1890 3022 2223 3076 egressurus
2285 3002 2350 3059 in
2395 3003 2652 3074 hortum,

192 3101 457 3179 imprimis
498 3106 824 3181 imaginem
883 3106 1160 3182 proponit
1175 3103 1197 3142 ⁷
1260 3105 1423 3176 ‚vitis
1468 3109 1527 3162 et
1570 3104 1930 3181 palmitum‘3
2005 3125 2122 3184 qua
2165 3111 2362 3163 monet
2405 3109 2655 3182 Aposto-

192 3314 293 3348 esse
324 3301 486 3352 Filius
522 3317 589 3353 ac
626 3302 761 3352 nihil
797 3303 958 3352 aliud.
997 3301 1223 3368 Spiritus
1262 3303 1401 3351 enim
1426 3303 1541 3352 eius
1568 3307 1666 3352 est.
1703 3301 1860 3352 Unde
1896 3303 2136 3352 veritatis
2171 3301 2322 3350 illum
2347 3303 2655 3364 nominavit,

195 3386 399 3450 seipsum
431 3391 717 3439 veritatem
754 3404 871 3439 esse
908 3388 1140 3440 dicens.“
1182 3388 1235 3438 S.
1274 3387 1507 3452 Gyrillus
1541 3388 1643 3452 AL,
1680 3389 1736 3437 in
1771 3388 1968 3438 Joann.
2005 3389 2106 3436 Ev.
2141 3388 2177 3436 l.
2211 3388 2304 3438 IX.
2341 3389 2426 3438 ad.
2465 3390 2545 3450 14,
2576 3390 2656 3438 16.

196 3473 265 3520 17.
290 3473 363 3522 ed.
386 3474 581 3540 Migne.
622 3475 744 3537 VH,
772 3478 890 3526 253.

383 3561 419 3624 ¹)
456 3562 681 3612 Praeter
716 3561 870 3623 hanc,
910 3576 1071 3626 quam
1108 3561 1387 3611 vobiscum
1419 3561 1561 3624 vive,
1610 3561 1782 3612 altera
1823 3561 1950 3610 mihi
1986 3562 2099 3610 vita
2136 3565 2241 3623 est,
2287 3561 2532 3610 nimirum
2580 3560 2655 3610 di-

195 3643 329 3706 vina;
364 3662 519 3710 quam
557 3649 711 3698 obita
744 3653 913 3696 morte
951 3663 1061 3697 non
1098 3649 1361 3710 amittam3
1416 3647 1552 3697 haec
1588 3647 1785 3698 efficiet
1818 3653 1882 3697 ut
1917 3663 2109 3713 corpus
2147 3663 2321 3697 meum
2355 3651 2478 3712 post
2521 3663 2656 3697 mor-

197 3732 288 3778 tem
317 3734 611 3796 reviviscat,
654 3748 859 3798 vosque
893 3749 979 3782 me
1016 3735 1203 3782 iterum
1240 3735 1508 3784 viventem
1544 3734 1788 3784 videatis.
1827 3733 2008 3784 Utitur
2042 3734 2129 3783 hic
2165 3735 2244 3797 14,
2274 3736 2354 3784 18.
2395 3737 2474 3784 19.
2511 3739 2564 3782 et
2600 3735 2654 3784 in

202 3830 241 3862 c.
262 3833 361 3882 seq.
395 3823 483 3882 16,
518 3823 601 3870 22.
652 3820 1025 3884 praesentibus
1062 3836 1159 3885 pro
1194 3820 1405 3870 futuris.
1456 3819 1499 3884 2)
1540 3820 1892 3870 Sei-vantibus
1926 3821 2181 3870 mandata
2216 3821 2510 3885 praemium
2556 3821 2656 3870 erit

202 3901 292 3951 Dei
320 3907 693 3956 manifestatio.
739 3907 807 3954 Ei
852 3906 943 3970 qui
978 3919 1013 3954 a
1047 3906 1207 3955 Patre
1246 3912 1300 3954 et
1336 3906 1403 3956 ab
1440 3906 1557 3972 ipso
1605 3906 1882 3970 diligetur,
1939 3905 2179 3956 Christus
2229 3906 2560 3955 familiariter
2595 3921 2654 3955 se

201 4003 249 4035 se
280 3991 550 4042 videndum
588 3992 755 4041 dabit.
807 3990 847 4056 ³)
886 3991 1085 4052 Quales
1124 3996 1277 4042 erant
1310 3992 1573 4056 Apostoli.
1631 3992 1674 4058 ⁴)
1712 3993 1910 4054 Quales
1950 3999 2073 4043 sunt
2107 3992 2348 4042 homines
2385 3992 2656 4040 mundani.

202 4073 237 4131 ⁵}
268 4075 397 4126 Nihil
420 4079 473 4127 in
498 4078 767 4128 Christum
791 4079 922 4128 iuris
957 4077 1207 4141 habebat,
1246 4079 1373 4143 quia
1406 4077 1557 4128 nulla
1592 4079 1649 4126 in
1675 4095 1738 4128 eo
1765 4077 1928 4143 culpa
1949 4084 2118 4127 morte
2143 4077 2359 4126 luenda.
2396 4075 2435 4140 θ)
2461 4076 2654 4125 Joann,

206 4161 272 4220 14,
295 4163 369 4210 31.
426 4163 877 4215 Verisimillimum
914 4168 995 4213 est
1036 4169 1211 4214 totum
1248 4179 1544 4214 sermonem
1580 4181 1624 4213 c.
1653 4181 1696 4213 c.
1739 4167 1958 4214 14—-18,
1993 4166 2050 4213 in
2087 4163 2379 4213 coenaculo
2417 4162 2658 4212 habitum

204 4259 303 4295 csse
324 4249 436 4299 coll.
459 4250 655 4300 Joann.
687 4251 766 4311 18,
797 4252 843 4300 1.
882 4250 1239 4301 concedimus
1275 4252 1483 4300 interim
1510 4250 1781 4302 Christum
1818 4252 2110 4300 surrexisse
2135 4264 2170 4298 a
2205 4263 2405 4310 mensa,
2445 4249 2657 4313 iamque

207 4331 263 4378 ad
310 4334 677 4386 discedendum
724 4351 839 4386 sese
886 4337 1210 4398 accinxisse,
1265 4341 1549 4402 postquam
1604 4351 1672 4386 ea
1715 4336 1951 4402 protulit.
2013 4335 2186 4400 Saepe
2240 4337 2380 4384 enim
2435 4335 2656 4385 dicimus

210 4433 395 4472 „eamus
429 4421 601 4486 hinc“,
640 4427 693 4472 et
730 4427 905 4472 tamen
942 4439 1051 4472 non
1086 4425 1267 4474 statim
1302 4425 1456 4486 imus,
1496 4424 1590 4474 sed
1615 4423 2005 4488 aliquantulum
2031 4424 2383 4473 immoramur.
2429 4422 2657 4472 Aliunde

208 4501 343 4570 longe
376 4507 577 4574 dignior
613 4515 695 4560 est
731 4509 1049 4572 coenaculo,
1107 4525 1265 4575 quam
1300 4511 1391 4560 via
1426 4516 1522 4560 aut
1555 4511 1736 4576 aliquo
1774 4510 1881 4560 alio
1917 4509 2055 4572 loce,
2093 4509 2307 4560 divinus
2342 4509 2430 4558 ille
2469 4524 2656 4560 sermo.

212 4587 245 4653 ⁷)
275 4591 453 4646 Joann.
491 4598 572 4658 15,
612 4597 762 4646 1—8.
