3267 5259
1215 481 1501 524 Chronotaxis
1527 481 1805 534 Evangelio&
2600 463 2751 515 LVII

251 661 518 726 primum3
557 659 840 710 sabbatum
876 659 1226 710 Pentecosten
1263 653 1724 726 ,,δευτερόπρωτον“
1770 660 2057 724 primorum
2104 657 2424 708 secundumz
2470 657 2559 708 vel
2595 663 2753 708 sonat

251 746 556 798 secundum
595 751 648 797 et
682 746 928 813 duplum,
983 746 1240 812 duplici
1276 747 1532 796 nomine
1568 761 1851 796 sacrum:
1891 745 1979 795 vel
2013 745 2241 795 habetur
2276 742 2499 813 δεύτερον
2535 742 2749 812 πρώτου,

251 838 315 884 ut
371 835 442 883 sit
487 835 662 884 minus
707 834 1035 900 principale:
1091 833 1176 884 vel
1231 833 1464 899 denique
1518 834 1871 898 compositum
1926 847 2043 883 esse
2090 837 2269 898 potest
2323 848 2387 882 ex
2445 829 2644 901 δευτέρα
2698 839 2751 883 et

251 921 482 988 πρῶτονς
531 925 594 970 ut
637 922 706 970 sit
749 921 910 984 illud,
963 921 1106 986 quod
1152 922 1440 971 secundam
1490 920 1773 971 Paschatis
1820 921 2054 987 proxime
2102 923 2181 970 est
2232 927 2489 970 secutum.
2548 920 2752 970 Ultima

251 1008 398 1058 haec
443 1023 583 1074 quae
629 1008 888 1074 Scaligeri
931 1008 967 1058 l.
1005 1025 1050 1058 c.
1087 1008 1396 1075 explicatiO,
1443 1014 1504 1060 ut
1549 1009 1679 1058 dicit
1722 1009 1974 1058 Petavius
2011 1008 2045 1058 l.
2082 1008 2136 1069 l.,
2183 1006 2371 1073 procul
2422 1007 2583 1057 dubio
2621 1022 2751 1056 vera

253 1101 356 1146 est.
430 1095 584 1156 „Hac
619 1097 786 1160 enim,
837 1097 913 1146 ait
955 1096 1122 1158 idem,
1159 1087 1594 1162 interpretatione
1643 1095 1831 1145 melior
1866 1095 2039 1145 afferri
2076 1094 2226 1144 nulla
2261 1097 2484 1160 potest.“
2556 1095 2748 1156 Quam-

251 1199 492 1249 cumque
527 1199 652 1234 vero
687 1183 870 1234 foveat
905 1185 1024 1249 quis
1061 1183 1126 1232 de
1163 1184 1480 1234 formatione
1526 1185 1675 1234 vocis
1712 1178 2172 1251 ,,δευτερόπρωτον“
2210 1183 2552 1243 sententiam,
2604 1185 2749 1230 certe

233 1255 324 1320 ‘de
355 1276 596 1336 tempore
623 1275 746 1336 post
779 1270 984 1336 pascha
1019 1271 1364 1336 intelligenda
1402 1275 1510 1336 est3
1550 1271 1695 1336 quod
1732 1287 1906 1340 neque
1943 1270 2011 1320 ad
2048 1271 2275 1336 primum
2312 1269 2521 1319 Pascha
2556 1269 2752 1319 referre

255 1357 420 1421 licet3
465 1359 593 1423 quia
629 1372 763 1423 quae
800 1358 990 1407 Matth.
1031 1359 1110 1421 12,
1152 1361 1197 1408 1.
1235 1373 1277 1408 s.
1323 1359 1449 1408 item
1485 1359 1651 1408 Marc.
1691 1360 1739 1420 2,
1778 1360 1859 1407 23.
1899 1373 1939 1407 s.
1987 1358 2041 1407 in
2090 1357 2248 1408 simili
2298 1359 2549 1406 contextu
2599 1371 2749 1405 enar-

255 1450 466 1506 rantur,
505 1445 651 1494 facta
687 1450 813 1496 sunt
851 1461 970 1494 cum
1006 1447 1110 1496 iam
1148 1461 1188 1494 s.
1214 1445 1456 1496 Joannes
1492 1446 1554 1496 B.
1593 1447 1649 1494 in
1687 1461 1953 1495 carcerem
1990 1446 2183 1495 missus
2222 1449 2364 1495 esset
2398 1444 2519 1495 coll.
2558 1445 2629 1494 ib.
2670 1446 2751 1504 11,

255 1533 474 1594 2-19,,
510 1533 566 1581 in
593 1548 750 1597 quem
779 1539 1017 1597 tempore
1055 1534 1206 1598 primi
1243 1532 1522 1582 Paschatis
1559 1531 1796 1582 nondum
1834 1533 2008 1582 fuerat
2044 1534 2330 1582 coniectus.
2368 1532 2564 1583 Joanu.
2592 1535 2641 1594 2,
2670 1533 2751 1580 13.

255 1617 388 1667 coll.
415 1621 466 1680 3,
493 1619 576 1668 23.
625 1617 732 1668 Sed
755 1635 932 1684 neque
959 1619 1026 1668 ad
1052 1619 1146 1669 illa
1171 1633 1374 1684 azyma,
1407 1634 1544 1685 quae
1575 1620 1773 1669 Joann.
1799 1622 1847 1682 6,
1872 1621 1923 1669 4.
1949 1625 2441 1682 commemorantur,
2480 1623 2750 1686 spectant3

257 1708 536 1756 enimvero
563 1722 662 1768 res,
697 1702 832 1772 qua's
870 1723 910 1755 s.
937 1707 1240 1756 Matthaeus
1263 1705 1298 1756 l.
1324 1707 1359 1756 l.
1395 1707 1559 1757 habet
1595 1712 1925 1772 repugnant3
1964 1713 2151 1757 secuta
2175 1706 2367 1757 deinde
2400 1713 2481 1757 est
2516 1707 2751 1772 quinque

255 1792 492 1842 millium
517 1792 786 1844 hominum
811 1795 1025 1857 cibati0,
1049 1809 1204 1860 quam
1227 1811 1268 1844 s.
1283 1795 1522 1845 Joannes
1543 1799 1667 1844 ante
1688 1794 1898 1845 Pascha
1924 1797 1969 1857 6,
1986 1798 2036 1844 4.
2066 1794 2311 1844 collocat.
2348 1794 2486 1843 Nam
2512 1795 2753 1844 incessus

259 1895 363 1946 per
403 1886 538 1942 sata,
577 1896 696 1930 cum
736 1883 989 1931 continuo
1027 1887 1148 1947 post
1183 1881 1394 1932 Pascha
1431 1884 1683 1944 evenerit,
1722 1898 1829 1931 non
1866 1887 2042 1948 potest
2078 1882 2271 1932 subiici
2308 1881 2575 1942 Paschati,
2613 1881 2754 1946 quod

255 1967 466 2017 Joann.
503 1969 552 2030 6,
591 1968 638 2016 4.
691 1969 1005 2031 insinuatur,
1051 1970 1178 2034 quia
1221 1969 1460 2036 alioquin
1509 1971 1772 2035 posterior
1815 1976 1955 2020 esset
1996 1969 2254 2019 miraculo
2297 1968 2755 2034 multiplicationis

257 2070 484 2120 panum,
523 2055 666 2121 quod
701 2061 882 2106 tamen
916 2054 953 2105 1.
977 2055 1014 2106 l.
1041 2062 1163 2106 ante
1189 2057 1401 2107 Pascha
1437 2057 1700 2108 accidisse
1738 2062 2035 2107 narrantur.
2085 2057 2247 2122 Atqui
2283 2056 2384 2106 hoc
2422 2072 2530 2106 non
2556 2056 2756 2122 patitur

255 2143 626 2193 Historiarum
650 2143 938 2209 Evangelii
961 2145 1140 2194 series.
1179 2145 1366 2209 Neque
1393 2145 1552 2194 etiam
1572 2145 1723 2209 sequi
1744 2145 1917 2210 potuit
1939 2145 2183 2195 incessus
2208 2143 2515 2210 suprafatus
2534 2144 2755 2209 primum

255 2230 494 2294 Pascha,
529 2230 596 2281 de
633 2247 737 2297 quo
764 2231 961 2282 Joann.
987 2235 1036 2294 2,
1065 2234 1162 2296 13.,
1203 2232 1295 2298 qui
1319 2232 1540 2282 indubie
1565 2233 1745 2282 evenit
1778 2237 2061 2298 postquam
2096 2233 2321 2282 traditus
2349 2235 2430 2281 est
2452 2247 2494 2281 s.
2516 2230 2757 2280 Joannes

259 2319 358 2382 B.;
409 2320 454 2368 is
492 2323 667 2368 autem
715 2318 944 2369 traditus
995 2325 1075 2368 est
1110 2325 1234 2386 post
1279 2319 1492 2368 Pascha
1535 2321 1787 2386 primum:
1835 2333 1957 2370 uam
1998 2335 2059 2369 eo
2098 2323 2218 2369 acto
2266 2317 2439 2368 adhuc
2482 2317 2757 2382 baptizare

258 2407 457 2471 pergit.
495 2405 690 2456 Joann.
717 2408 766 2468 3,
794 2407 876 2456 23.
927 2406 1096 2471 Igitur
1121 2408 1438 2473 supponitur
1475 2407 1621 2457 aliud
1654 2407 1881 2469 Pascha,
1920 2408 2189 2458 secu-ndum
2225 2408 2409 2470 utique
2436 2419 2468 2454 a
2491 2405 2756 2469 baptismo

259 2492 484 2552 Christi,
521 2494 671 2542 cuius
709 2493 812 2542 hoc
850 2494 1132 2544 sabbatum
1169 2493 1657 2560 secundo-primum
1694 2493 1919 2559 sequela
1955 2499 2050 2544 est.
2112 2493 2215 2542 His
2252 2494 2327 2542 ita
2364 2491 2665 2542 constitutis
2702 2490 2755 2540 id

259 2579 417 2644 quod
454 2581 842 2644 quaerebamus
877 2581 1216 2630 manifestum
1253 2587 1362 2645 est3
1401 2581 1606 2631 scilicet
1639 2597 1704 2630 ex
1728 2581 1961 2631 historiis
1998 2597 2039 2630 s.
2066 2580 2251 2630 Lucae
2277 2581 2325 2642 6,
2355 2582 2399 2629 1.
2438 2579 2504 2628 de
2531 2578 2757 2629 sabbato

256 2666 702 2732 secundo-primo
739 2667 1082 2732 deprehendi,
1121 2667 1250 2733 quid
1286 2669 1356 2719 sit
1391 2666 1455 2732 ,,ἡ
1496 2664 1634 2735 ἑορτὴ
1678 2664 1962 2717 Ἰουδαίων“
1998 2683 2163 2734 penes
2212 2683 2255 2718 s.
2292 2667 2557 2716 Joannem
2594 2667 2643 2728 5,
2682 2667 2757 2728 1.;

257 2761 316 2804 et
355 2770 462 2820 quo
501 2754 620 2805 loco
657 2755 711 2803 in
750 2755 935 2805 ordine
970 2771 1145 2805 rerum
1181 2756 1326 2822 apud
1361 2755 1596 2822 reliquos
1633 2755 2011 2821 Evangelistas
2048 2755 2180 2805 illud
2221 2756 2293 2804 sit
2325 2753 2684 2804 inserendum.

477 2884 577 2939 37.
633 2882 848 2952 Rerum,
895 2901 1036 2953 quae
1081 2901 1222 2938 anno
1265 2883 1554 2939 ministerii
1597 2883 1736 2937 Jcsu
1788 2882 1989 2938 Christi
2034 2883 2190 2938 tertio
2232 2883 2356 2936 inde
2402 2881 2752 2935 Tabernacu·

260 2989 450 3041 lorum
465 2986 624 3055 sesto
655 2989 732 3042 ad
760 2988 1004 3042 ultimum
1033 3005 1203 3059 usque
1233 2989 1456 3042 Pascha
1485 2995 1789 3057 evenerunt,
1840 2990 2009 3042 sev-ies
2046 2991 2167 3044 tam
2214 2986 2438 3044 incerte
2467 2986 2759 3062 plerisque

258 3089 400 3149 visa
413 3095 516 3162 est,
541 3091 746 3149 utfere
767 3096 1065 3166 negarent,
1093 3092 1392 3167 probabile
1422 3091 1742 3170 quidquam
1775 3111 1843 3150 ea
1864 3093 1935 3150 de
1956 3093 2291 3170 quaestione
2315 3090 2550 3148 definiri
2576 3108 2753 3165 posse.

259 3197 324 3252 N
327 3216 364 3252 e
387 3215 526 3254 vero
549 3195 830 3254 fallamur
846 3197 906 3254 h.
925 3217 978 3254 a.
997 3201 1113 3254 tres
1137 3197 1378 3255 Domini
1403 3197 1608 3255 Nostri
1631 3197 2069 3275 Hierosolymas
2092 3197 2474 3273 profectiones
2496 3197 2761 3252 accurate

257 3305 410 3359 sunt
455 3301 882 3359 discernendae.
945 3301 1229 3359 Primae
1273 3304 1344 3360 ad
1391 3302 1805 3379 Scenopegiam
1852 3302 2125 3360 meminit
2159 3322 2204 3360 s.
2238 3301 2425 3358 Lucas
2450 3297 2489 3358 ¹.
2552 3301 2761 3377 Itaque

257 3407 372 3464 ubi
421 3404 574 3464 abiit
615 3405 908 3478 Galilaea,
965 3426 1085 3464 non
1135 3409 1338 3465 statim
1388 3408 1557 3465 venit
1608 3410 1676 3465 in
1722 3407 1867 3465 fines
1910 3407 2164 3465 Judaeae
2218 3409 2381 3463 trans
2423 3405 2756 3475 Jordanem,

257 3511 358 3568 uti
416 3529 492 3567 ex
537 3511 826 3568 Matthaei
862 3515 959 3582 19,
1001 3516 1054 3569 1.
1108 3511 1308 3586 colligi
1358 3517 1550 3588 posset
1578 3545 1663 3554 —-
1694 3513 1791 3568 sed
1835 3517 1965 3587 post
2009 3511 2240 3568 habitos
2284 3527 2573 3566 sermones
2620 3528 2761 3587 quos

263 3616 456 3674 refert
484 3615 542 3672 d.
574 3615 613 3672 J
613 3633 828 3674 oannes
847 3611 906 3685 2;
940 3635 1047 3674 nec
1075 3636 1195 3674 non
1225 3621 1355 3693 post
1383 3617 1640 3675 reditum
1676 3617 1739 3672 in
1772 3615 2097 3674 Galilaeam
2144 3615 2307 3691 prius
2338 3615 2410 3672 ab
2442 3615 2565 3690 ipso
2597 3633 2760 3688 repe-

259 3721 469 3778 titum.
531 3719 760 3777 Rursus
803 3721 1113 3779 secundo
1162 3720 1436 3778 itinere
1481 3721 1841 3779 celebrandis
1885 3721 2196 3778 Encaeniis
2243 3720 2313 3777 ad
2360 3719 2581 3777 Urbem
2625 3739 2670 3775 s.
2704 3739 2763 3776 se

260 3824 523 3883 contulit
544 3821 588 3882 3.
665 3823 814 3882 Gum
853 3844 993 3882 vero
1031 3825 1096 3882 in
1132 3825 1446 3883 Encaeniis
1487 3825 1522 3883 J
1525 3827 1693 3884 udaei
1738 3825 2037 3884 Christum
2068 3837 2283 3901 'capere
2319 3823 2558 3895 vellent,
2613 3820 2763 3880 abiit

260 3931 486 3987 iterum
536 3934 702 3986 trans
748 3929 1078 4002 Jordanem,
1131 3932 1196 3988 in
1243 3950 1376 3988 eum
1421 3931 1629 4001 locum,
1684 3930 1786 3988 ubi
1819 3934 1947 3988 erat
1974 3930 2228 3988 Joannes
2259 3930 2583 4004 baptizans,
2633 3928 2673 3984 i.
2708 3947 2758 3984 e.

261 4035 664 4092 Bethabaram
685 4031 730 4092 ⁴.
783 4033 906 4091 ‘Ex
953 4053 1020 4091 ea
1068 4037 1320 4108 regione,
1371 4040 1677 4110 peragrata
1726 4035 1945 4093 Peraea
1993 4035 2030 4092 J
2031 4035 2360 4110 ordaneque
2402 4031 2758 4096 transmissO,

259 4139 434 4197 venit
481 4143 552 4196 te
572 4158 603 4195 r
623 4139 736 4196 tio
780 4137 1218 4216 Hierosolymas
1265 4138 1491 4216 aliquot
1536 4139 1741 4196 diebus
1770 4144 1907 4197 ante
1936 4139 2175 4208 Pascha,
2224 4156 2281 4214 q.
2314 4137 2370 4194 d.
2404 4133 2699 4206 θανάσιμον
2719 4131 2759 4181 5·

267 4244 481 4321 Itaque
514 4244 674 4300 inter
705 4243 1127 4318 profectionem
1160 4243 1346 4314 illam,
1393 4262 1568 4321 quam
1611 4265 1659 4302 s.
1692 4245 2025 4301 Matthaeus
2056 4247 2115 4299 et
2160 4261 2204 4298 s.
2239 4241 2471 4299 Marcus
2512 4257 2759 4297 comme-

265 4351 501 4405 morant
519 4368 534 4418 ;
591 4351 653 4403 et
705 4345 889 4418 illam,
947 4347 1016 4403 de
1071 4365 1188 4424 qua
1241 4367 1284 4404 s,
1321 4347 1507 4405 Lucas
1556 4353 1611 4420 9,
1670 4352 1771 4406 51.
1822 4353 1882 4405 et
1924 4368 1971 4404 s.
2012 4346 2265 4404 Joannes
2319 4349 2371 4416 7,
2426 4349 2523 4403 10.
2572 4344 2759 4414 dixit3

477 4521 516 4583 ¹)
558 4517 619 4568 C.
647 4519 696 4580 9,
723 4520 806 4567 51.
842 4518 906 4566 V.
941 4534 991 4582 p.
1019 4517 1102 4566 74.
1175 4516 1216 4581 ²)
1254 4517 1356 4566 Ev.
1384 4532 1429 4566 c.
1460 4467 1506 4566 7.
1545 4521 1598 4567 et
1633 4519 1682 4567 8.
1758 4513 1801 4581 ⁸)
1841 4514 1975 4566 (3011.
2012 4516 2147 4566 Luc.
2187 4517 2269 4580 13,
2308 4517 2391 4565 22.
2439 4515 2635 4566 Joann.
2678 4517 2761 4577 10,

261 4611 346 4659 22.
395 4608 460 4657 V.
501 4623 555 4672 p.
597 4607 680 4655 77.
753 4606 800 4667 ⁴)
835 4605 1032 4654 Joann.
1073 4605 1156 4666 10,
1194 4605 1277 4654 40.
1329 4603 1450 4654 coll.
1493 4607 1538 4667 1,
1577 4605 1661 4654 28.
1696 4604 1761 4654 V.
1798 4619 1851 4670 p.
1890 4605 1973 4652 78.
2046 4603 2087 4664 ⁵)
2128 4601 2295 4655 Cuius
2331 4603 2537 4654 itineris
2572 4601 2761 4654 Matth.

269 4698 352 4758 19,
384 4697 430 4744 1.
479 4694 652 4744 Marc.
681 4694 762 4754 10,
791 4695 838 4741 1.
875 4692 1175 4741 meminere.
1213 4691 1277 4740 V.
1303 4707 1355 4756 p.
1384 4691 1465 4741 78.
