3267 5259
594 428 721 495 298
1340 440 1403 481 Do
1431 440 1629 481 fontibus
1657 440 1819 483 Hister.
1849 440 1899 481 D.
1931 440 1983 481 N.
2011 440 2054 483 J.
2085 440 2132 483 C.
2162 450 2315 481 comm.

594 622 876 681 orationis
906 621 1233 693 dialectica,
1278 622 1595 691 recondita,
1630 626 1692 679 et
1728 626 1994 695 augusta.
2057 623 2426 695 Argumenta
2465 620 2769 677 Parabolis
2807 620 3048 695 praebuit

595 732 813 785 natura
862 746 1085 797 rerum,
1142 726 1401 784 maxime
1448 745 1589 799 ager
1632 726 2031 795 Palaestinus3
2090 725 2188 783 vel
2239 726 2366 785 vita
2409 726 2720 785 hominum
2772 722 2957 782 civilis
3003 731 3050 781 et

593 830 856 908 publica,
902 832 1137 906 privata
1164 836 1225 887 et
1254 831 1591 902 domestica,
1639 832 1784 889 scito
1817 836 2012 889 tamen
2043 834 2306 907 respectu
2345 831 2420 889 ad
2461 830 2792 888 doctrinam
2821 828 3052 903 cumpri-

594 937 705 993 mis
756 954 983 993 morum
1008 934 1045 993 ¹.
1114 934 1419 993 Sermones
1474 940 1673 993 autem
1723 936 1916 994 habiti
1970 936 2032 993 in
2089 935 2300 993 ultimo
2354 934 2842 1009 Evangeliorum‚
2895 938 3054 991 meta-

594 1041 835 1117 physico
888 1040 1163 1116 inprimis
1216 1044 1415 1097 tenore
1466 1038 1786 1097 excellunt.
1864 1040 2025 1098 Haec
2077 1042 2128 1097 si
2182 1042 2268 1097 ita
2317 1039 2761 1113 intelligantur,
2819 1043 2884 1095 ut
2929 1056 3056 1115 quae

594 1145 827 1202 diversa
866 1145 1015 1213 sint,
1064 1146 1361 1202 contraria
1402 1162 1522 1201 esse
1566 1149 1883 1218 negentur,
1930 1144 2164 1201 concedi
2212 1144 2449 1222 quidem
2493 1150 2769 1219 possunt3
2822 1146 3056 1200 attamen

594 1250 953 1320 distinguere
990 1252 1219 1323 oportet
1248 1252 1528 1322 tempora,
1562 1253 1623 1304 et
1659 1248 2032 1305 concordabit
2067 1246 2391 1323 Scriptura.
2453 1248 2760 1305 Sermones
2790 1246 2991 1303 Christi
3029 1265 3057 1300 a

590 1352 627 1408 J
631 1370 817 1410 oanne
846 1352 1062 1409 redditi
1082 1348 1126 1422 2,
1171 1351 1313 1408 dicti
1344 1354 1485 1407 sunt
1514 1370 1583 1409 ea
1610 1356 1831 1423 aetate,
1881 1371 1998 1427 qua
2026 1352 2386 1409 sacerdotum
2403 1395 2418 1421 ‚
2465 1351 2778 1409 Seniorum
2811 1350 2984 1426 plebis
3010 1355 3056 1405 et

594 1456 1043 1512 Pharisaeorum
1076 1454 1337 1528 maligna
1366 1454 1611 1512 consilia
1641 1456 1872 1512 abunde
1903 1460 2179 1530 expertus
2208 1455 2404 1526 Jesus,
2445 1454 2684 1512 divinae
2714 1474 2852 1512 suae
2882 1472 3058 1511 causae

598 1562 751 1635 ipsos
794 1559 1054 1636 quotidie
1097 1558 1281 1633 magis
1312 1558 1551 1616 infestos
1590 1558 1764 1617 vidit.
1829 1558 2027 1633 Longe
2057 1566 2256 1617 autem
2295 1558 2414 1616 alia
2450 1580 2542 1617 res
2581 1565 2726 1629 erat,
2769 1562 2820 1616 si
2853 1559 2914 1616 in
2941 1576 3060 1631 agro

596 1661 880 1721 Galilaico
926 1664 1143 1721 Doetor
1186 1662 1448 1720 erudiret
1496 1664 1809 1739 populum,
1857 1684 1894 1722 a
1932 1663 2229 1737 magistris
2269 1683 2406 1721 suae
2449 1682 2621 1721 curae
2668 1663 2968 1721 relictum:
3012 1673 3062 1717 et-

592 1766 711 1824 alia
748 1768 797 1825 si
839 1787 943 1844 pro
980 1788 1040 1825 se.
1081 1768 1371 1827 vindicias
1418 1770 1628 1841 agebat
1665 1774 1870 1826 contra
1915 1768 2068 1826 filios
2107 1769 2482 1825 tenebrarum
2503 1814 2518 1839 ,
2565 1768 2666 1827 vel
2713 1768 2892 1825 etiam
2921 1767 3059 1825 inter

590 1891 721 1929 suos
764 1877 1031 1930 versatus
1076 1872 1359 1951 mysteria
1398 1893 1535 1929 suae
1577 1892 1710 1929 cum
1742 1872 1918 1931 Patre
1961 1872 2198 1929 unionis
2237 1878 2296 1929 et
2341 1874 2598 1929 eiusdem
2643 1873 2893 1945 originis
2933 1890 3056 1946 pan·

592 1977 755 2033 deret
773 1974 816 2034 ³.
866 1976 1025 2034 Talis
1054 1996 1187 2034 cum
1216 1978 1323 2047 sit,
1356 1976 1591 2053 qualem
1622 1977 1898 2045 vidimus,
1933 1998 1979 2033 s.
2003 1976 2290 2033 Joannem
2322 1978 2478 2034 inter
2507 1980 2568 2033 et
2597 1977 2858 2054 reliquos
2885 1976 3062 2032 Evan-

592 2081 829 2154 gelistas
858 2085 1144 2151 varietas,
1188 2082 1341 2139 hane
1380 2083 1722 2157 neutiquam
1767 2086 1868 2138 aut
1913 2083 2118 2139 horum
2161 2086 2264 2139 aut
2303 2082 2464 2138 illius
2495 2081 2633 2139 fidei
2673 2084 2871 2137 obesse
2913 2078 3066 2138 facile

804 2359 837 2423 ¹)
888 2333 969 2406 (js.
1016 2358 1078 2407 (ὶ.
1122 2358 1183 2406 Α.
1228 2373 1331 2406 van
1376 2358 1632 2422 liimburg
1680 2356 1963 2419 Brouwer,
2015 2358 2096 2407 de·
2126 2358 2402 2408 Pan-abelis
2446 2359 2578 2407 Jesu
2625 2358 2840 2408 Christi.
2911 2358 3062 2423 Lugd.

594 2444 783 2494 BataV.
824 2446 975 2493 1825.
1013 2462 1063 2509 p.
1103 2446 1186 2493 98.
1224 2461 1265 2493 s.
1325 2444 1376 2493 J.
1412 2444 1495 2493 W.
1530 2444 1813 2507 Rettberg,
1863 2445 1926 2493 de
1974 2444 2248 2509 parabolis
2293 2446 2345 2495 J.
2385 2445 2508 2495 Chr.
2545 2446 2690 2496 Gott.
2733 2448 2881 2495 1827.
2915 2463 2964 2511 p.
2995 2446 3068 2494 5⁴2.

590 2532 796 2596 Unger,
853 2530 917 2579 de
971 2529 1346 2595 parabolarum
1400 2532 1533 2582 Jesu
1588 2536 1799 2581 natura.
1873 2533 2019 2597 Lips.
2067 2534 2217 2583 1828.
2277 2550 2326 2598 p.
2377 2536 2461 2584 82.
2511 2536 2594 2583 83.
2663 2532 2726 2583 F.
2771 2532 2960 2592 Fleck,
3009 2532 3064 2579 de

589 2634 753 2683 regno
792 2618 971 2667 divino
1012 2618 1045 2667 l.
1078 2617 1227 2683 Lips.
1267 2620 1416 2668 1829.
1454 2636 1505 2684 p.
1544 2620 1659 2668 137.
1695 2636 1736 2669 s.
1772 2620 1890 2669 261.
1925 2634 1967 2667 s.
2008 2622 2126 2669 325.
2161 2634 2202 2669 s.
2236 2621 2354 2669 449.
2389 2638 2431 2670 s.
2480 2620 2552 2669 M.
2587 2621 2653 2670 N.
2689 2619 2979 2685 Rignalda,
3012 2619 3068 2667 de

591 2720 666 2753 or.
692 2711 854 2753 mont.
882 2705 980 2753 Ev.
1008 2704 1195 2754 Matth.
1224 2720 1269 2754 c.
1298 2706 1466 2754 5.—8.
1494 2705 1641 2755 Trai.
1677 2721 1724 2755 a.
1759 2705 1858 2755 Rh.
1898 2707 2049 2755 1858.
2086 2723 2134 2771 p.
2164 2708 2244 2755 25.
2271 2722 2313 2757 s.
2375 2706 2418 2769 ²)
2459 2705 2517 2755 Si
2555 2722 2758 2771 paucos
2793 2722 2842 2755 e.
2877 2723 2926 2771 g.
2963 2722 3070 2754 eum

589 2792 905 2853 NicodemO,
953 2793 1173 2841 muliere
1221 2791 1583 2854 Samaritana,
1636 2793 1792 2842 turba
1839 2791 2346 2857 Caphartiaumitiea
2391 2795 2644 2858 excipias.
2719 2794 2763 2857 ³)
2813 2792 3068 2858 Singulari

592 2878 781 2928 habitu
820 2880 1057 2943 insignes
1095 2894 1211 2929 esse
1250 2894 1519 2929 sennones
1557 2880 1700 2945 apud
1738 2880 2002 2930 Joannem
2051 2880 2190 2929 ultro
2229 2880 2432 2943 damus,
2469 2897 2579 2930 non
2626 2882 2870 2945 sequitur
2909 2886 3071 2929 tamen

591 2964 713 3013 hinc
760 2964 973 3013 eosdem
1010 2968 1102 3014 nni
1149 2968 1347 3015 oratori
1387 2982 1495 3015 non
1540 2981 1658 3016 esse
1697 2966 2094 3016 adscribendos.
2171 2968 2404 3016 Pone-unt
2441 2967 2582 3017 aliae
2619 2967 2832 3017 dicendi
2869 2982 3070 3025 causae,

590 3050 683 3100 alii
720 3050 990 3101 auditores
1028 3053 1189 3101 aliam
1226 3052 1449 3102 sormam
1496 3052 1737 3117 dicendi3
1787 3053 2036 3119 admittit,
2065 3054 2380 3103 ditissimum
2415 3054 2549 3103 Jesn
2595 3056 2872 3119 ingenium
2919 3054 3071 3103 varie—

590 3142 769 3187 tatem.
842 3138 1129 3187 Praeterea
1173 3154 1257 3188 res
1304 3140 1425 3204 ipsa
1470 3140 1707 3201 ferebat,
1755 3144 1816 3189 ut
1865 3138 1933 3188 ad
1983 3156 2075 3189 eos
2123 3141 2212 3205 qui
2261 3140 2316 3189 in
2361 3141 2602 3189 intimam
2651 3142 2769 3190 eius
2814 3140 3070 3190 familiari-

592 3231 753 3275 tatem
820 3232 1105 3288 venerant,
1160 3230 1256 3275 aut
1316 3226 1383 3275 ad
1442 3227 1686 3275 inimicos
1741 3226 1967 3290 loquens
2031 3227 2295 3277 Dominus
2351 3226 2416 3275 de
2479 3227 2746 3277 industria
2807 3232 2864 3277 et
2925 3227 3072 3277 altius

590 3312 839 3377 proderet
874 3304 969 3372 „rit
1014 3310 1317 3379 μυστήρια“;
1355 3328 1515 3378 quam
1551 3314 1595 3361 si
1634 3327 1814 3362 coram
1850 3313 2049 3377 populo
2086 3314 2253 3363 verba
2287 3314 2506 3363 faceret.
2562 3313 2756 3379 Itaque
2793 3314 3070 3364 dictionem

590 3412 741 3448 suam
789 3400 1055 3464 sapientia
1099 3399 1331 3449 doctoris
1373 3401 1633 3450 Dominus
1675 3404 1910 3449 mutasse
1950 3400 2224 3466 putandus
2272 3405 2375 3462 est,
2423 3406 2476 3449 et
2519 3415 2584 3449 ea
2627 3416 2768 3465 quae
2811 3402 3072 3451 hominum

592 3501 769 3535 rerum
814 3492 976 3551 atque
1021 3491 1317 3551 temporum
1364 3488 1599 3536 rationes
1645 3492 1955 3548 suaserunt,
2003 3488 2056 3537 in
2103 3502 2204 3536 usu
2251 3488 2460 3553 generis
2507 3487 2720 3537 dicendi
2759 3487 3069 3537 observarit.

592 3572 764 3621 Maior
810 3572 1083 3623 dissensus
1131 3572 1344 3622 videtur
1389 3573 1533 3637 quod
1570 3573 1812 3623 Christus
1858 3575 1912 3623 in
1949 3574 2231 3639 Evangelii
2270 3575 2497 3625 Joannis
2544 3575 2734 3624 crebro
2781 3575 2850 3625 ad
2895 3571 3070 3642 ,,ἔργα“

588 3664 861 3724 provocet,
888 3674 1009 3709 raro
1034 3660 1299 3724 perficiat3
1338 3676 1444 3709 non
1472 3662 1609 3709 enim
1634 3660 1777 3710 ultra
1801 3665 2004 3726 septem
2029 3660 2312 3711 traduntur
2337 3661 2553 3711 Domini
2577 3662 2854 3723 miracula,
2879 3661 3071 3711 nullum

588 3745 647 3793 in
669 3744 771 3794 hoc
796 3744 1095 3810 Evangelio
1133 3752 1378 3795 narratur
1402 3748 1748 3812 praeconium
1777 3748 2071 3813 Baptistae,
2109 3748 2257 3798 nulla
2292 3750 2548 3797 memoria
2584 3748 2784 3798 Christi
2809 3763 2843 3798 a
2866 3748 3070 3799 diabolo

590 3832 805 3895 tentati3
832 3830 899 3881 de
917 3832 953 3881 J
956 3847 1052 3881 esu
1070 3832 1122 3882 in
1144 3832 1295 3882 horto
1322 3833 1482 3895 lucta,
1504 3834 1569 3883 de
1590 3833 1769 3895 Urbis,
1790 3834 2014 3901 Templi,
2041 3834 2476 3900 reipublicaeque
2500 3836 2719 3887 interitu
2740 3852 2842 3885 nec
2861 3835 3070 3885 verbum

590 3918 867 3983 reperitur.
928 3916 1093 3967 Plura
1126 3919 1371 3969 Joannes
1414 3920 1577 3970 habet
1611 3922 1666 3970 in
1703 3917 1987 3989 λογολογία,
2036 3920 2102 3971 de
2137 3920 2274 3971 Filio
2311 3922 2416 3971 Dei
2454 3926 2694 3972 certante
2731 3938 2851 3973 cum
2887 3917 3068 3989 κόσμῳ,

592 4003 658 4055 de
706 4004 857 4055 cultu
906 4002 953 4053 ἐν
998 4003 1258 4073 πνεύματι,
1314 4004 1395 4055 καὶ
1438 4002 1667 4072 ἀληθείᾳ,
1717 4008 1784 4057 de
1837 4003 1954 4067 δόξα
1995 4008 2155 4071 Jesu,
2211 4008 2276 4057 de
2321 4008 2656 4059 sermonibus
2713 4014 3072 4074 argumentum

588 4086 905 4161 πνευματικὸν
932 4094 1342 4143 continentibus.
1364 4122 1430 4131 —-
1450 4095 1513 4143 V.
1534 4094 1601 4143 H.
1622 4095 1848 4155 Planck,
1875 4094 2006 4159 quid
2031 4110 2324 4145 consensus
2345 4100 2398 4145 et
2419 4094 2752 4145 differentiae
2779 4097 3074 4145 inveniatur

591 4180 734 4245 apud
779 4184 1027 4230 auctores
1064 4180 1129 4230 N.
1164 4181 1225 4230 Τ.
1272 4182 1326 4230 in
1372 4196 1603 4246 persona
1651 4180 1847 4232 Christi
1890 4182 1978 4232 τοῦ
2025 4184 2250 4249 σωτῆρος
2297 4182 2682 4231 adumbrantia.
2745 4182 2886 4233 Gott.
2925 4182 3072 4231 1823.

590 4266 649 4315 F.
676 4266 863 4330 Fleck,
902 4266 969 4316 de
1004 4267 1237 4333 imagine
1275 4266 1471 4318 Christi
1508 4268 1761 4319 Joannea
1795 4274 1850 4317 et
1885 4267 2193 4333 Synoptica.
2249 4268 2398 4333 Lips.
2434 4268 2586 4319 1831.
2625 4296 2690 4305 -
2727 4269 2830 4329 Qui
2867 4267 3074 4333 quidem

592 4352 863 4403 dissensus
900 4369 1009 4403 non
1044 4355 1293 4404 universe
1329 4355 1633 4420 negandus,
1673 4354 1769 4405 sed
1805 4354 2198 4405 hermeneutice
2235 4355 2584 4419 explicandus
2623 4360 2720 4405 ost.
2781 4356 3071 4416 Quominus

591 4442 768 4488 autem
804 4439 910 4503 his,
958 4455 1097 4506 quae
1132 4441 1491 4506 praetendunt
1526 4441 1800 4491 dissensus
1837 4442 2102 4506 capitibus
2139 4455 2473 4503 moveamur,
2519 4441 2575 4490 id
2611 4443 2936 4507 potissimum
2975 4456 3072 4491 nos

592 4524 831 4575 cohibet:
902 4528 1045 4592 quod
1108 4530 1185 4578 ita
1247 4530 1585 4578 sentientium
1649 4530 1856 4595 opinio,
1919 4542 2028 4578 non
2081 4532 2288 4577 tantum
2338 4532 2544 4593 pugnet
2595 4544 2720 4578 cum
2779 4529 3075 4577 reverentia

592 4612 804 4676 scriptis
840 4611 1171 4673 θεοπνεύστοις
1209 4613 1415 4678 debita3
1454 4614 1546 4665 sed
1572 4616 1734 4664 etiam
1761 4631 1878 4665 cum
1907 4619 2236 4680 argumento,
2275 4630 2380 4679 quo
2407 4614 2544 4664 duce
2573 4616 2817 4665 novimus
2843 4612 3076 4663 divinam
