3267 5259
971 478 1164 535 utraque
1193 482 1246 531 ad
1275 479 1684 526 Thessalonicenses
1714 479 1917 537 epistola.
2564 470 2689 538 371

205 655 484 743 Itaque¹
547 656 910 722 obtestatur
967 656 1616 741 Thessalonicenses,
1686 668 1757 722 ut
1816 681 1947 724 non
2009 669 2415 723 moveantur.
2495 659 2689 723 Hanc

206 768 470 855 quidem
497 772 812 852 παρουσίαν,
849 769 1078 835 bonis
1115 780 1268 835 tam
1305 768 1943 854 desiderabilem,
1984 771 2209 835 malis
2244 770 2692 837 formidabi-

202 881 346 946 lem
383 881 597 948 subito
631 882 948 966 futuram3
997 892 1286 947 attamen
1317 884 1492 970 ipsos
1524 906 1657 947 non
1694 882 1961 967 habere,
1997 882 2173 970 quod
2206 906 2351 948 eam
2380 894 2693 973 metuant,

205 996 256 1059 si
284 996 487 1061 modo
523 997 754 1081 quovis
785 1005 1082 1082 tempore
1117 999 1402 1061 animum
1435 999 1843 1061 servaverint
1887 997 2198 1061 adventui
2243 995 2473 1062 iudicis
2525 996 2694 1061 bene

201 1119 668 1193 praeparatum
687 1111 730 1171 ².
792 1108 1074 1195 Propter
1105 1132 1288 1196 spem
1319 1108 1584 1173 vivendi
1617 1108 1808 1173 simul
1841 1132 1987 1173 cum
2022 1108 2277 1174 Christo
2312 1119 2449 1173 tam
2495 1133 2692 1196 super

201 1230 414 1285 morte
463 1222 841 1304 amicorum,
899 1244 1094 1308 quam
1141 1245 1340 1308 super
1382 1224 1664 1308 propriis
1707 1223 1980 1286 miseriis
2029 1221 2364 1305 consolati,
2411 1245 2581 1286 unus
2626 1225 2693 1286 in

201 1332 410 1399 altero
472 1333 732 1399 studeat
784 1358 1174 1421 promovere
1235 1335 1606 1400 aedificium
1679 1336 2009 1421 spirituale
2056 1336 2209 1399 fidei
2230 1338 2272 1399 3.
2354 1334 2694 1400 Honorem

202 1454 266 1509 et
308 1448 686 1511 necessaria
729 1448 942 1512 victus
971 1450 1085 1512 .sui
1129 1450 1493 1512 ministrent
1537 1449 1634 1531 iis,
1684 1449 1793 1533 qui
1825 1448 2017 1513 enixe
2065 1450 2265 1513 saeris
2312 1447 2692 1533 funguntur.

197 1557 517 1624 Errantes
578 1570 642 1624 et
702 1558 950 1625 debiles
1005 1562 1072 1625 in
1125 1560 1254 1625 fide
1310 1583 1522 1647 nuper
1581 1571 1908 1646 suscepta,
1971 1563 2295 1647 patienter
2354 1560 2570 1625 ferant
2632 1570 2697 1625 et

199 1670 553 1738 sublevent
570 1675 614 1737 ⁴.
691 1672 858 1737 Tam
913 1675 980 1737 in
1043 1673 1333 1740 adversis
1396 1696 1592 1760 quam
1654 1676 1983 1760 prosperis
2042 1673 2195 1738 laeti
2254 1684 2319 1738 et
2370 1673 2697 1759 tranquilli

196 1786 556 1871 gaudeant,
601 1796 888 1852 mentem
935 1788 1112 1874 apud
1155 1788 1374 1853 Deum
1419 1787 1740 1870 habeant3
1790 1786 2071 1873 denique
2118 1787 2247 1851 alia
2291 1789 2695 1873 praecepta⁵

197 1900 480 1983 iniungit
523 1899 968 1983 saluberrima,
1017 1910 1083 1965 et
1120 1900 1204 1965 ad
1236 1922 1468 1987 preces
1507 1902 1738 1965 transit
1758 1904 1802 1983 ὅ,
1852 1899 2085 1985 quibus
2133 1902 2361 1964 animis
2406 1898 2694 1963 fidelium

197 2010 466 2097 plenam
513 2022 579 2076 et
611 2024 1126 2078 consummatam
1173 2037 1214 2077 a
1251 2015 1398 2080 Deo
1445 2023 1635 2099 rogat
1682 2012 2263 2078 sanctificationem
2281 2016 2323 2077 ⁷.
2387 2010 2697 2097 Sequitur

195 2124 460 2189 humilis
491 2124 840 2210 postulatio
865 2125 1186 2212 Apostoli,
1220 2137 1292 2191 ut
1320 2150 1438 2213 pro
1471 2127 1613 2213 ipso
1650 2128 1896 2212 pariter
1928 2136 2133 2191 orent.
2184 2124 2465 2190 Salutari
2495 2146 2690 2211 porro

194 2234 384 2300 iubet
451 2236 737 2322 sing-ulos
803 2240 871 2302 in
927 2238 1150 2304 osculo
1199 2239 1414 2303 indice
1461 2262 1510 2303 s.
1556 2240 1827 2323 amoris3
1892 2240 2343 2325 praecipitque
2397 2248 2469 2302 ut
2528 2237 2695 2301 haec

195 2349 479 2435 epistola
537 2350 792 2436 legatur
837 2350 1135 2417 omnibus
1181 2352 1486 2416 fratribus
1509 2356 1550 2415 ⁸.

194 2500 386 2549 iudicii
421 2502 654 2551 instante
691 2506 1014 2565 terreantur3
1069 2503 1251 2551 eximit
1297 2501 1402 2551 illis
1451 2502 1680 2550 sollicite
1719 2503 2021 2567 opinionem
2076 2501 2218 2551 illius
2266 2502 2515 2567 parusiae
2571 2516 2693 2550 mox

196 2586 612 2651 exspectandae.
638 2588 902 2637 Memorat
925 2586 1204 2653 quaedam,
1231 2602 1369 2653 quae
1389 2594 1550 2637 antea
1575 2594 1833 2637 eventura
1858 2593 2061 2652 essent3
2090 2588 2209 2637 coll.
2224 2588 2374 2637 Rom.
2394 2590 2474 2651 11,
2490 2590 2571 2637 25.
2588 2589 2692 2651 26.,

197 2672 266 2723 de
307 2673 500 2737 quibus
535 2672 688 2724 nulla
721 2676 926 2723 ratione
963 2672 1069 2723 dici
1093 2678 1271 2740 potest
1294 2674 1520 2723 Paulum
1545 2674 1837 2725 credidisse
1862 2690 1959 2725 suo
1987 2674 2161 2723 adhuc
2186 2679 2422 2740 tempore
2448 2674 2690 2723 accidere

197 2760 416 2809 debere.
454 2761 744 2811 Praeterea
768 2777 813 2811 c.
829 2760 950 2811 coll.
965 2761 1007 2810 1.
1025 2760 1145 2811 Cor.
1161 2761 1210 2823 6,
1229 2763 1308 2811 14.
1334 2762 1404 2810 II.
1419 2764 1470 2822 4,
1487 2764 1569 2811 14.
1585 2764 1633 2823 5,
1650 2764 1698 2811 2.
1737 2761 1963 2827 Philipp.
1988 2764 2035 2823 1,
2051 2763 2134 2811 23.
2173 2761 2241 2811 ΙΙ.
2257 2762 2389 2811 Tim.
2405 2762 2454 2823 4,
2476 2762 2523 2810 6.
2552 2763 2689 2811 eius-

195 2845 347 2897 modi
373 2846 440 2896 de
465 2850 576 2897 suis
601 2848 716 2914 ipse
741 2848 931 2897 futuris
958 2848 1117 2897 rebus
1143 2846 1319 2909 tradit,
1359 2862 1495 2913 quae
1522 2863 1643 2897 cum
1669 2848 1865 2913 placito
1904 2848 1977 2897 de
2017 2846 2265 2899 Christi
2303 2848 2694 2897 aevo'Pauli

195 2933 498 2984 redituro
523 2933 798 2983 conciliari
823 2934 1129 2983 nullatenus
1155 2940 1392 2999 possunt.
1429 2933 1514 2982 Ex
1537 2934 1620 2983 his
1647 2936 1885 2999 sequitur
1909 2949 1951 2983 s.
1968 2934 2195 2983 Paulum
2220 2934 2398 2983 verbis
2422 2934 2465 2982 I.
2480 2936 2529 2995 4,
2548 2936 2629 2985 16.
2645 2950 2687 2984 s.

195 3020 422 3069 docere:
455 3024 664 3087 tempus
689 3022 940 3087 parusiae
964 3022 1240 3083 incertum,
1275 3020 1362 3070 fac
1386 3022 1584 3087 inquit3
1623 3025 1683 3071 ut
1706 3036 1805 3071 nos
1834 3022 2080 3071 veniente
2109 3021 2317 3072 Christo
2344 3022 2685 3087 supersimus,

193 3106 406 3157 nullum
441 3109 722 3173 proveniet
757 3108 912 3159 nobis
949 3122 1080 3173 prae
1116 3108 1264 3172 prius
1303 3107 1567 3157 defunctis
1591 3108 1717 3157 inde
1744 3108 2092 3158 commodum.
2130 3108 2338 3173 Religio
2364 3108 2518 3158 nobis
2544 3113 2687 3157 esset

193 3194 288 3243 hie
322 3196 614 3259 praeterire
651 3194 890 3257 silentio,
947 3194 1091 3261 quod
1125 3195 1288 3244 fuerit
1324 3194 1390 3245 de
1427 3194 1529 3245 hac
1563 3211 1622 3245 re
1668 3210 1711 3245 s.
1748 3195 2031 3259 Augustini
2076 3193 2331 3244 iudicium
2367 3194 2402 3243 1.
2427 3196 2462 3243 i.
2487 3210 2533 3245 c.
2558 3210 2610 3243 n.
2636 3196 2685 3245 9.

195 3297 250 3345 p.
283 3282 400 3329 745.
465 3282 653 3341 „Nunc
689 3288 868 3332 autem
903 3297 1004 3331 nec
1041 3282 1147 3331 illis
1183 3281 1287 3332 hoc
1323 3296 1460 3347 opus
1499 3298 1618 3333 esse
1653 3284 1993 3344 monstravit,
2058 3282 2251 3347 quibus
2298 3281 2601 3332 sufficiebat
2634 3286 2695 3330 ut

201 3368 408 3416 scirent
455 3368 728 3433 imparatis
767 3372 928 3433 atque
965 3368 1348 3418 dormientibus
1384 3367 1567 3418 horam
1605 3369 1820 3419 Domini
1858 3370 1997 3420 sicut
2031 3370 2199 3419 furem
2240 3384 2356 3419 esse
2392 3373 2690 3431 venturum,

197 3460 366 3519 atque
402 3453 504 3504 hoc
539 3453 758 3504 sciendo
795 3459 976 3504 essent
1010 3456 1114 3520 ipsi
1148 3454 1434 3520 vigilanter
1469 3457 1645 3520 parati
1680 3460 1804 3521 post
1840 3456 2177 3522 quantalibet
2198 3457 2405 3505 veniret
2430 3460 2686 3521 tempora,

197 3548 256 3591 et
293 3556 448 3591 suum
485 3543 722 3592 servavit
765 3542 980 3592 modum
1015 3546 1078 3591 ut
1101 3541 1226 3591 licet
1248 3541 1557 3608 Apostolus,
1595 3559 1705 3593 non
1730 3548 1909 3593 tamen
1934 3548 2297 3609 praesumeret
2321 3542 2455 3593 alios
2482 3542 2689 3605 docere,

195 3627 346 3693 quod
382 3628 698 3693 Apostolum
735 3628 928 3679 dixisse
967 3634 1320 3694 cognoverat:
1375 3630 1497 3679 Non
1545 3636 1626 3679 est
1663 3634 1895 3680 vestrum
1932 3631 2115 3680 scire.“
2181 3630 2261 3679 Cf.
2298 3629 2689 3695 Burgerhoudt‚

195 3714 265 3763 de
303 3720 438 3764 eoet.
473 3712 661 3764 Thess.
700 3720 820 3765 ortu
853 3720 952 3765 ete.
991 3732 1044 3781 p.
1084 3718 1198 3765 152.
1233 3730 1274 3765 s.
1313 3714 1403 3765 Fr.
1441 3716 1503 3765 G.
1537 3716 1793 3779 Lindum,
1830 3715 1915 3766 die
1954 3716 2198 3782 Stellung
2230 3732 2271 3766 s.
2308 3716 2465 3766 Pauli
2498 3732 2563 3765 zu
2598 3715 2693 3765 der

191 3801 377 3866 Frage
411 3816 500 3850 um
539 3801 624 3851 die
663 3802 778 3851 Zeit
810 3802 904 3852 der
936 3802 1314 3852 Wiederkunft
1345 3802 1555 3853 Christi.
1592 3804 1778 3868 Leipz.
1808 3804 1958 3853 1858.
1997 3820 2047 3868 p.
2076 3806 2123 3853 7.
2150 3820 2191 3853 s.
2240 3804 2339 3853 Th.
2376 3802 2563 3866 Simar,
2603 3802 2689 3851 die

193 3888 491 3953 Theologie
516 3888 612 3938 des
637 3887 687 3937 h.
713 3888 932 3939 Paulus.
967 3890 1147 3941 Freib.
1177 3892 1328 3939 1864.
1365 3906 1417 3952 p.
1445 3890 1564 3941 228.
1590 3906 1632 3941 s.
1668 3890 1737 3939 H.
1764 3890 1828 3939 R.
1852 3890 1921 3939 D.
1947 3890 2013 3939 N.
2039 3891 2099 3942 Τ.
2126 3908 2178 3956 p.
2206 3892 2287 3939 92.
2314 3905 2355 3939 s.

411 3976 450 4041 ¹)
489 3974 546 4025 C.
584 3978 632 4038 5,
672 3978 822 4026 1—-3,
885 3977 924 4041 ²)
961 3978 1304 4043 vigilandum
1342 3992 1459 4027 esse
1497 3978 1551 4026 in
1589 3976 1879 4027 sobrietate
1917 3981 1970 4026 et
2006 3976 2160 4027 bonis
2199 3976 2467 4041 operibus.
2514 3975 2686 4024 Armis

194 4068 250 4112 et
289 4062 502 4127 quidem
540 4063 706 4113 lorica
741 4062 866 4113 fidei
905 4069 958 4114 et
994 4065 1259 4126 caritatis,
1310 4079 1420 4129 qua
1463 4068 1643 4130 partes
1690 4064 1879 4113 vitales
1928 4062 2358 4129 impenetrabiles
2394 4062 2689 4111 reddantur

193 4150 460 4200 adversus
507 4149 617 4199 tela
651 4151 822 4216 ignita
856 4150 1086 4214 diaboli3
1149 4150 1305 4216 galea
1341 4156 1518 4200 autem
1567 4152 1710 4217 spei,
1766 4165 1873 4216 qua
1922 4152 2101 4200 anima
2136 4152 2190 4199 in
2237 4150 2445 4199 coelum
2495 4155 2688 4211 erecta,

191 4238 444 4299 munitur,
479 4236 618 4287 bene
642 4238 904 4287 instructi.
941 4240 990 4299 5,
1017 4240 1170 4287 4-8,
1221 4238 1261 4302 3)
1291 4240 1338 4300 5,
1365 4240 1553 4287 9-11,
1605 4238 1647 4301 ¹⁸)
1674 4239 1723 4299 5,
1753 4238 1973 4287 12-15.
2036 4236 2077 4302 ⁵)
2102 4240 2151 4297 5,
2181 4238 2401 4285 16-22,
2452 4236 2493 4300 ⁶)
2521 4237 2570 4297 6,
2598 4237 2682 4285 23.

193 4326 280 4372 24.
343 4323 386 4388 Ἰ)
426 4322 585 4384 Quod
619 4325 667 4384 5,
701 4326 786 4373 23.
826 4323 1044 4391 ,,σῶμα“
1081 4328 1137 4373 et
1173 4324 1429 4392 ,,πνεῦμα“
1467 4328 1522 4372 et
1560 4319 1767 4391 ,,ψυχὴ“
1805 4324 2025 4373 seorsim
2065 4328 2530 4385 commemoratur,
2578 4338 2687 4371 non

193 4426 260 4459 ex
299 4409 608 4459 discrimine
647 4409 877 4475 quodam
915 4411 1194 4475 utriusque
1233 4410 1582 4460 derivandum
1617 4415 1714 4459 est.
1776 4410 1822 4460 A
1860 4426 1983 4461 vero
2042 4408 2297 4459 recedunt
2336 4438 2397 4446 —
2438 4426 2483 4459 e.
2512 4425 2561 4474 g.
2596 4408 2686 4458 Fr.

191 4496 485 4559 Delitzsch,
521 4496 734 4561 System
767 4495 861 4546 der
895 4495 1192 4547 biblischen
1230 4496 1602 4563 Psyehologie.
1648 4498 1833 4563 Leipz.
1872 4498 2023 4547 1855.
2069 4514 2120 4563 p.
2160 4498 2240 4547 70.
2276 4514 2319 4547 s.
2356 4497 2553 4562 aliique
2591 4524 2685 4558 ——-,

191 4585 288 4649 qui
323 4598 388 4633 ex
426 4583 509 4633 his
547 4582 724 4632 verbis
767 4588 874 4633 tres
909 4588 1092 4649 partes
1135 4583 1363 4634 hominis
1410 4584 1723 4634 essentiales
1772 4590 2087 4649 extorquere
2134 4589 2411 4634 conantur.
2474 4583 2514 4651 ²³)
2554 4584 2688 4633 Cum

191 4673 244 4719 in
283 4672 381 4722 illa
417 4673 526 4721 sint
562 4670 712 4732 talia,
751 4683 889 4735 quae
927 4670 1146 4735 expedit
1179 4686 1362 4721 omnes
1401 4672 1554 4722 scire.

2272 4761 2375 4807 24ἰ
