3267 5259
598 418 728 483 462
1340 430 1455 471 nist.
1484 429 1589 471 Rev.
1620 429 1708 471 div.
1741 429 1906 471 Pon-iod.
1937 429 1992 471 11.
2013 442 2108 481 cap.
2137 430 2338 471 alterum.

601 610 811 687 Itaque
841 610 906 667 in
937 608 1183 685 proclivi
1216 614 1303 668 est
1331 612 1467 667 inde
1496 610 1857 681 eoneludere,
1907 611 2062 689 quod
2091 611 2401 687 epistolam
2448 611 2602 668 hane
2645 608 2788 686 ipsis
2825 610 3046 677 missam,

597 714 915 774 vernacula
958 714 1205 773 dialecto
1247 715 1501 773 scribere
1531 715 1817 786 voluerit3
1869 721 1937 773 ut
1981 734 2110 773 eam
2158 734 2316 789 gens,
2363 713 2462 773 cui
2508 713 2794 790 inscripta
2841 718 2970 783 erat,
2999 718 3046 769 et

596 820 789 895 legere
828 824 887 877 et
930 818 997 877 in
1050 838 1222 877 usum
1267 840 1438 879 suum
1490 824 1832 879 convertere
1883 824 2092 895 posset.
2146 820 2364 877 Eadem
2413 820 2604 895 igitur
2653 838 2827 877 eausa
2869 816 3050 875 adduci

596 930 843 1001 poterat,
880 929 947 982 ut
969 927 1254 983 aramaioe
1284 924 1564 984 scriberet
1586 926 1661 983 ad
1691 925 2004 997 Hebraeos,
2038 944 2155 1002 qua
2183 930 2252 983 ut
2281 925 2482 983 eadem
2513 924 2718 999 lingua
2749 924 2824 981 ad
2853 922 3051 981 eosdem

596 1031 779 1087 verba
830 1030 1063 1101 feneret,
1116 1029 1154 1088 J
1156 1030 1494 1107 erosolymis
1545 1050 1605 1087 se
1659 1050 1856 1105 passus
1907 1035 1996 1087 est
2047 1030 2376 1105 permoveri
2403 1027 2442 1087 ¹.
2497 1029 2858 1087 Hebraicum
2905 1034 3048 1085 auto-

595 1135 887 1211 graphum
915 1136 1317 1193 demonstrant
1348 1130 1401 1206 β.
1434 1134 1609 1211 plura
1643 1135 1856 1193 harum
1887 1134 2198 1193 literarum
2225 1134 2352 1193 loca
2369 1131 2428 1204 2;
2471 1154 2619 1213 quae
2663 1133 2948 1192 commode
2989 1151 3051 1188 ex

598 1240 885 1297 aramaieo
918 1244 1089 1297 textu
1134 1240 1528 1317 explicantur.
1576 1238 1723 1297 Cum
1775 1259 1910 1314 ergo
1961 1240 2071 1297 hac
2119 1241 2183 1297 in
2229 1259 2293 1297 re
2335 1238 2490 1296 nihil
2541 1240 2620 1297 sit
2672 1237 2922 1308 absurdi,
2971 1235 3052 1293 vel

598 1342 1091 1403 inconvenientis:
1117 1346 1237 1403 imo
1266 1365 1406 1403 vero
1430 1345 1834 1403 Hebraeorum
1857 1344 1924 1402 in
1944 1344 1981 1401 J
1983 1344 2182 1411 udaea,
2217 1345 2288 1402 ad
2313 1363 2456 1423 quos
2485 1344 2794 1414 scribebat,
2821 1340 3054 1400 conditio

594 1466 650 1523 γ.
681 1448 1002 1525 postularet
1024 1454 1092 1507 ut
1114 1450 1397 1509 aramaice
1427 1452 1730 1521 scriberet;
1763 1449 1918 1507 nihil
1941 1468 2142 1508 causae
2166 1449 2420 1521 videtur,
2454 1468 2557 1507 cur
2579 1468 2700 1507 non
2722 1447 2870 1505 illud
2896 1446 3049 1505 Anti-

594 1553 839 1631 quitatis
860 1556 1278 1627 testimonium,
1306 1576 1341 1613 a
1356 1556 1591 1613 nemine
1614 1556 1680 1613 in
1703 1554 1949 1613 dubium
1972 1554 2114 1613 olim
2139 1560 2428 1626 vocat-um,
2454 1553 2822 1631 recipiamus.
2849 1548 2895 1608 δ.
2913 1550 3054 1613 Quae

595 1657 737 1717 huic
764 1659 1087 1717 sententiae
1118 1667 1511 1737 opponuntur,
1547 1660 1611 1718 in
1643 1660 1764 1717 illis
1796 1659 1962 1719 nulla
1989 1662 2118 1719 veri
2147 1659 2364 1736 speeies
2393 1659 2865 1735 deprehenditur.
2906 1655 3050 1719 Quod

597 1766 754 1821 enim
784 1764 957 1821 hodie
980 1764 1220 1841 plurimi
1246 1766 1595 1841 interpretes
1618 1784 1830 1840 magno
1861 1770 2072 1824 eonatu
2103 1766 2412 1842 probatum
2437 1768 2608 1822 eunt:
2633 1764 2868 1821 Veteres
2897 1780 2966 1819 ex
2993 1780 3050 1818 eo

601 1867 883 1927 iudicasse
912 1869 1181 1927 hebraice
1212 1890 1329 1927 esse
1358 1871 1638 1946 scriptam
1669 1868 1991 1947 epistolam,
2041 1870 2182 1948 quia
2224 1870 2296 1927 ad
2331 1869 2629 1928 Hebraeos
2657 1872 2788 1926 erat
2815 1868 2960 1937 data,
3001 1870 3051 1921 et

594 1972 678 2031 sic
709 1978 940 2047 gentem
974 1994 1105 2067 cum
1152 1957 1359 2049 lingua
1388 1974 1731 2047 confudisse,
1765 1974 1828 2033 in
1871 1994 1936 2032 eo
1981 1974 2162 2033 nullis
2209 1973 2380 2032 iustis
2411 1974 2480 2031 de
2519 1974 2706 2033 causis
2753 1972 3053 2047 suspicione

598 2083 927 2137 moventur.

798 2266 1063 2334 mgr-tassio,
1100 2285 1203 2335 qua
1236 2268 1555 2337 respondetur
1591 2269 1896 2335 aryumentis
1931 2268 2267 2336 interpretum,
2305 2266 2482 2336 quibus
2517 2266 2702 2325 ἀοσεηι,
2739 2264 2868 2335 quod
2898 2280 3052 2332 φασι

592 2358 828 2405 exaratae
862 2354 961 2404 sint
998 2354 1196 2406 Literae
1230 2354 1302 2406 ad
1324 2355 1586 2407 Hebraeos.
1624 2353 1880 2404 Rationes
1906 2360 2096 2403 contra
2118 2350 2354 2417 lingu'am
2379 2352 2704 2403 aramaieam
2729 2366 2856 2417 prae
2880 2350 3053 2399 ceteris

591 2444 715 2489 sunt
749 2444 1060 2504 sequentes:
1098 2438 1409 2488 Obvertitur
1447 2443 1491 2489 1.
1530 2454 1780 2505 graecum
1819 2444 2018 2489 textum
2053 2440 2289 2489 versioni
2333 2454 2442 2489 non
2493 2453 2611 2489 esse
2649 2436 2898 2501 similem3
2937 2434 3053 2485 alio-

591 2527 721 2591 quin
758 2526 897 2575 enim
934 2530 1219 2591 perpetuos
1246 2525 1600 2575 exhibiturum
1625 2540 1742 2576 esse
1768 2526 2129 2575 Hebraismos.
2167 2525 2369 2575 Facilis
2407 2530 2488 2575 est
2525 2523 2594 2575 ad
2619 2524 2756 2574 haec
2778 2523 3050 2589 responsio.

590 2612 858 2679 Inter-pres
906 2613 1044 2663 enim
1090 2612 1345 2678 epistolae
1396 2612 1465 2662 ad
1522 2613 1826 2675 Hebraeos,
1885 2612 2000 2663 sive
2045 2612 2094 2661 d.
2144 2612 2326 2661 Lucas
2370 2611 2461 2661 ille
2507 2612 2590 2674 sit,
2639 2613 2751 2660 sive
2796 2610 3052 2666 Clemeus3

590 2700 800 2765 seriptis
849 2700 961 2749 suis
1008 2714 1114 2748 non
1162 2698 1341 2749 dubiis
1394 2714 1620 2765 graecae
1675 2698 1892 2765 linguae
1941 2699 2183 2749 notitiam
2239 2697 2451 2748 abunde
2510 2702 2758 2748 testatam
2815 2697 3052 2747 fecerunt.

592 2784 1045 2847 Quemadmodum
1092 2802 1133 2837 s.
1182 2788 1363 2837 Lucas
1415 2802 1685 2837 sermones
1733 2786 1802 2836 D.
1839 2786 1903 2836 N.
1937 2786 1990 2837 J.
2028 2784 2104 2848 C.‚
2143 2784 2229 2835 vel
2267 2783 2320 2835 S.
2356 2785 2512 2835 Pauli
2561 2786 2828 2835 aramaiee
2867 2784 3050 2841 faetos3

592 2888 783 2938 graece
822 2873 1095 2939 eleganter
1132 2875 1415 2940 expressit:
1470 2876 1548 2923 ita
1582 2888 1767 2939 parem
1813 2889 1869 2924 se
1908 2872 2142 2923 ostendit
2176 2871 2435 2939 epistolae
2471 2888 2537 2923 ex
2575 2872 2760 2922 eadem
2797 2872 2974 2937 lingua
3003 2870 3052 2917 in

592 2974 837 3025 graecam
877 2974 1047 3025 aeque
1084 2960 1221 3011 bene
1258 2960 1666 3011 convertendae.
1705 2960 1970 3010 Obiicitur
2007 2962 2055 3009 2.
2094 2959 2239 3025 quod
2273 2960 2336 3009 V.
2373 2960 2436 3009 Τ.
2473 2975 2580 3010 non
2619 2958 2907 3009 secundum
2940 2972 3051 3006 eon-

592 3050 793 3095 textum
830 3046 1155 3111 hebraicum,
1192 3046 1289 3097 sed
1324 3046 1615 3099 secuudum
1653 3047 1801 3097 LXX
1839 3047 2040 3097 afferat.
2077 3048 2142 3097 E.
2169 3064 2218 3113 g.
2246 3046 2410 3098 Hebr.
2440 3049 2520 3111 10,
2547 3049 2596 3097 5.
2635 3046 2758 3097 coll.
2794 3047 2880 3097 Ρη.
2905 3046 2980 3105 40,
3006 3044 3048 3093 6.

591 3133 758 3183 Hebr.
788 3136 869 3195 11,
897 3136 979 3183 21.
1007 3134 1127 3184 coll.
1154 3134 1286 3184 Gen.
1313 3136 1396 3197 47,
1423 3136 1506 3184 31.
1546 3134 1654 3183 Sed
1687 3135 1742 3184 in
1779 3134 1860 3183 his
1885 3150 1952 3184 ne
1978 3135 2186 3201 species
2211 3133 2424 3201 quidem
2455 3134 2754 3201 argumenti
2789 3130 3050 3199 apparebit

588 3220 721 3283 illis,
772 3220 965 3287 quibus
1025 3226 1350 3287 compertum
1409 3226 1515 3287 est3
1570 3226 1772 3272 textum
1829 3236 2080 3287 graecum
2133 3236 2252 3271 esse
2311 3222 2635 3285 versionem,
2685 3221 2838 3271 cuius
2879 3224 3049 3269 auctor

591 3307 833 3373 exempla
868 3308 965 3357 illa
998 3308 1059 3357 V.
1085 3309 1151 3357 T.
1196 3308 1383 3358 eodem
1432 3304 1614 3371 modo,
1665 3324 1769 3373 quo
1816 3308 1932 3375 ipse
1969 3323 2036 3358 ea
2079 3309 2344 3371 excitavit,
2392 3308 2698 3358 exhibebat.
2752 3308 2868 3358 Hae
2901 3306 3045 3355 inter-

592 3395 916 3459 pretationes
962 3410 997 3444 a
1042 3394 1361 3445 translatore
1416 3410 1610 3460 graeco
1666 3395 1948 3461 profectae
1992 3400 2132 3445 sunt.
2189 3394 2420 3461 Urgetur
2477 3398 2525 3445 3.
2571 3396 2618 3445 si
2663 3394 2888 3461 epistola
2927 3392 3046 3441 haec

590 3482 855 3531 aramaice
879 3482 1069 3531 fuisset
1092 3482 1305 3547 scripta,
1344 3480 1458 3531 fieri
1482 3497 1591 3532 non
1614 3486 1826 3547 poterat
1850 3486 1910 3533 ut
1931 3481 2219 3547 Apostolus
2245 3481 2311 3531 de
2339 3482 2827 3543 „Testamento“
2861 3494 2923 3531 ea
2945 3478 3046 3545 qui-

590 3566 725 3631 dem,
763 3582 871 3634 qua
906 3567 961 3617 id
996 3569 1195 3619 factum
1226 3584 1344 3619 esse
1368 3567 1623 3630 videmus,
1662 3570 1868 3619 ratione
1895 3567 2204 3635 disputaret.
2245 3566 2378 3619 Cum
2415 3570 2555 3620 enim
2578 3569 2844 3635 inquiunt,
2879 3580 3044 3617 vocem

588 3651 861 3719 ,,διαθήκη“
898 3670 1040 3705 nunc
1074 3656 1131 3705 in
1168 3655 1465 3721 significatu
1510 3655 1770 3718 foederis,
1820 3671 1964 3706 nunc
2007 3656 2063 3705 in
2111 3654 2410 3722 significatu
2447 3656 2776 3707 Testamenti
2821 3654 2905 3706 vel
2937 3652 3042 3703 ulti-

588 3756 793 3792 marum
836 3740 1139 3792 tabularum
1188 3742 1405 3793 adhibet
1450 3744 1499 3805 9,
1534 3744 1641 3807 164
1689 3742 1812 3793 talis
1857 3746 2000 3793 certe
2045 3743 2368 3809 ambiguitas
2412 3757 2448 3793 a
2489 3758 2626 3794 voce
2663 3743 2912 3801 hebraica
2951 3745 3044 3805 ΠἮ

589 3838 783 3901 exulat,
822 3853 959 3904 quae
984 3852 1272 3904 numquam
1296 3839 1696 3909 Testamentum
1721 3838 1817 3889 sed
1849 3854 2058 3905 semper
2089 3839 2278 3890 foedus
2300 3839 2474 3889 infert.
2513 3836 2622 3889 Sed
2644 3840 2820 3907 potuit
2841 3838 3043 3903 scriptor

588 3924 843 3975 adhibere
888 3940 1076 3976 vocem
1110 3935 1227 3993 mi?
1261 3925 1348 3975 vel
1383 3936 1547 3989 ἐπ-Μ,
1592 3924 1714 3977 coll.
1751 3926 1882 3975 Lex.
1919 3925 2036 3993 Syr.
2075 3924 2158 3976 ed.
2197 3925 2262 3977 G.
2297 3925 2366 3975 Η.
2403 3925 2684 3977 Bernstein
2728 3926 2872 3994 Lips.
2909 3922 3039 3975 1836.

586 4188 851 4238 aramaice
878 4214 941 4223 —
969 4204 1087 4237 cum
1112 4186 1250 4239 hanc
1276 4186 1561 4239 dialectum
1584 4188 1682 4239 illa
1705 4193 1880 4240 aetate
1905 4190 2044 4241 inter
2065 4189 2306 4241 Judaeos
2337 4196 2608 4258 receptam
2631 4192 2796 4243 fuisse
2821 4208 2882 4242 ex
2903 4188 2962 4241 N.
2984 4183 3037 4237 '1'-

584 4274 781 4325 tabulis
818 4278 1003 4341 pateat
1039 4275 1121 4325 Cf.
1148 4278 1265 4327 217.
1292 4290 1335 4325 s.
1370 4304 1437 4313 —
1472 4290 1589 4326 eam
1619 4276 1854 4343 ling-uam
1890 4284 2144 4345 tanquam
2181 4278 2286 4330 sibi
2320 4280 2590 4346 propriam
2626 4284 2682 4331 et
2724 4277 3036 4331 vernaculam

584 4362 781 4426 optime
817 4361 1173 4427 intelligentes
1210 4362 1652 4428 assequebantur.
1681 4364 1798 4415 Act.
1839 4368 1886 4429 1,
1923 4369 2004 4416 19.

796 4448 833 4514 ¹)
870 4448 935 4499 V.
968 4465 1022 4515 p.
1058 4450 1178 4499 422.
1214 4466 1257 4501 s.
1330 4450 1371 4516 ²)
1407 4450 1473 4500 E.
1512 4466 1563 4517 g.
1600 4465 1718 4517 cap.
1755 4453 1812 4515 3,
1853 4454 1900 4503 1.
1935 4452 2032 4502 ubi
2067 4452 2308 4504 Christus
2346 4448 2690 4517 ,,ἄπόστολος“
2733 4452 3030 4522 adpellatur3

586 4534 731 4599 quod
764 4535 975 4601 egregie
1000 4537 1251 4587 convenit
1284 4538 1531 4604 scriptori
1565 4537 1814 4589 hebraice
1847 4540 2102 4591 scribenti
2135 4532 2308 4611 Q·
2348 4539 2430 4593 cf.
2452 4542 2778 4606 Biesentbal‚
2811 4548 2963 4589 nrm*
2982 4530 3032 4582 ἓν

582 4636 699 4674 mm
736 4644 819 4694 ep.
852 4630 1005 4680 Pauli
1042 4631 1113 4681 ad
1138 4633 1414 4684 Hebraeos
1453 4649 1572 4683 cum
1609 4634 1761 4685 rabb.
1787 4651 1972 4686 comm.
2009 4636 2187 4688 Berol.
2216 4638 2367 4690 1868.
2400 4656 2454 4705 p.
2479 4640 2564 4691 20.
2599 4638 2733 4691 Item
2757 4640 2832 4701 12,
2857 4637 2932 4685 22.
2955 4633 3027 4683 23.
