3267 5259
569 434 655 497 54
1243 444 1360 486 nint.
1390 444 1495 487 Rev.
1525 444 1615 485 div.
1645 444 1698 487 R.
1727 444 1776 485 Τ.
1809 408 1974 485 Perlod.
2003 442 2038 485 1.
2060 454 2154 495 cap.
2183 442 2384 493 primun.

572 625 907 683 coelestium
934 624 1297 685 suavitatum
1326 624 1449 681 fore
1478 624 1773 681 haeredes.
1807 622 2176 697 Lugentes
2205 622 2450 681 offensas
2481 622 2592 680 Dei
2639 627 2700 680 et
2727 622 3044 680 coecitatem

572 728 913 786 mortalium
957 728 1130 787 vitali
1176 746 1307 785 rore
1352 728 1708 801 rigabuntur
1727 725 1764 783 ¹.
1819 727 1988 784 Zelus
2019 728 2449 805 consequendae
2493 727 2721 799 salutis,
2767 726 2844 784 sit
2871 726 3046 783 instat

574 832 790 890 famis
835 840 907 890 et
950 832 1145 905 sitis,
1194 850 1341 909 quae
1370 831 1594 907 placari
1624 831 1743 889 nisi
1776 832 1904 890 cibo
1947 836 2008 889 et
2049 836 2192 907 potu
2235 851 2354 889 non
2397 838 2669 907 possunt-3
2717 832 2802 889 ita
2842 836 2902 889 et
2941 850 3048 887 non

574 938 737 995 decet
780 941 1079 995 contentos
1124 955 1243 993 esse
1289 934 1573 993 desiderio
1618 940 1678 993 et
1721 935 1894 1011 pigra
1937 934 2258 1007 voluntate,
2307 934 2370 991 in
2417 954 2543 992 rem
2587 936 2778 1011 ipsam
2817 935 3046 991 venien-

574 1042 737 1099 dum.
796 1040 1047 1116 Tempus
1091 1045 1287 1097 autem
1332 1040 1449 1097 erit
1492 1044 1559 1097 ut
1594 1040 1926 1098 huiusmodi
1986 1038 2297 1117 aliquando
2341 1039 2672 1115 experrecti
2703 1043 3044 1096 saturentur.

574 1144 688 1206 Qui
722 1144 1027 1203 animabus
1056 1149 1116 1201 et
1160 1144 1499 1219 corporibus
1544 1164 1647 1219 per
1677 1164 1852 1219 opera
1897 1142 2461 1201 misericordiae
2506 1144 2882 1213 subveniunt,
2929 1142 3050 1200 illos

574 1250 800 1325 pariter
860 1248 1319 1307 misericordiam
1377 1269 1496 1307 esse
1559 1254 1982 1320 consecuturos,
2029 1250 2286 1306 habeant
2329 1267 2428 1307 cor
2471 1249 2756 1305 mundum
2799 1247 3050 1324 placendi

574 1354 679 1411 uni
728 1353 867 1425 Deo,
918 1372 1133 1410 merces
1177 1353 1618 1411 munditiae
1663 1358 1752 1411 est
1794 1353 1944 1411 visio
1989 1354 2158 1411 beata
2201 1352 2500 1411 Numinis.
2589 1352 2880 1414 Quoniam
2923 1371 3049 1409 vero

578 1458 829 1515 mundus
861 1458 1121 1516 abundat
1150 1458 1317 1529 odiis,
1351 1457 1557 1516 lit-ibus
1587 1462 1647 1516 et
1676 1456 2162 1529 contentionibus,
2197 1457 2300 1535 qui
2329 1457 2492 1533 paci
2523 1457 2804 1516 fovendae
2833 1476 3054 1533 operam

576 1566 800 1619 navant
844 1562 957 1619 filii
1001 1561 1111 1619 Dei
1158 1566 1321 1633 sunt,
1385 1562 1599 1640 quippe
1645 1562 1749 1639 qui
1794 1566 1880 1619 est
1933 1562 2091 1619 Deus
2135 1561 2312 1637 pacis,
2403 1562 2714 1619 Beatitudo
2759 1562 2824 1619 in
2869 1561 3053 1619 animo

574 1666 807 1736 insidet,
842 1666 944 1743 qui
980 1684 1113 1723 cum
1142 1665 1393 1723 interius
1422 1666 1518 1738 sit,
1567 1667 1631 1723 in
1663 1686 1797 1723 eum
1842 1672 2186 1742 potestatem
2215 1686 2332 1724 non
2375 1668 2613 1737 habent,
2672 1665 2776 1743 qui
2807 1664 3052 1722 exterius

576 1772 657 1841 vi,
708 1771 886 1827 armis
932 1776 1036 1829 aut
1078 1790 1438 1849 quocumque
1485 1771 1650 1828 modo
1696 1770 1986 1829 saeviunt.
2051 1770 2358 1829 Certamen
2402 1770 2678 1828 videlicet
2721 1774 3054 1845 perpetuum

578 1878 667 1931 est
706 1874 865 1931 inter
892 1873 1018 1949 pios
1049 1879 1107 1931 et
1136 1874 1380 1950 impios;
1426 1874 1672 1932 interim
1716 1874 2046 1932 afflictis
2067 1870 2094 1911 ²
2135 1894 2264 1950 spes
2309 1874 2542 1948 integra
2586 1878 2784 1931 manet
2827 1872 3052 1948 amplis-

576 1977 757 2035 simae
802 1978 1083 2035 mercedis
1127 1977 1192 2035 in
1238 1977 1393 2035 coelo
1412 1974 1466 2035 ³!
1513 1978 1738 2036 Deinde
1783 1998 2092 2037 conversus
2147 1980 2220 2036 ad
2265 1978 2579 2053 discipulos
2609 1997 2702 2035 eos
2747 1978 2905 2035 dixit
2945 1996 3054 2033 effic

576 2080 757 2138 salem
800 2084 991 2139 terrae
1034 2086 1093 2139 et
1136 2081 1326 2139 lucem
1372 2082 1595 2153 mundi,
1643 2082 1736 2139 his
1783 2083 2068 2140 nimirum
2107 2082 2331 2157 figuris,
2388 2081 2588 2161 quales
2633 2102 2752 2140 esse
2795 2082 3056 2141 deberent

793 2270 831 2335 ¹)
868 2270 1053 2319 Tertia
1095 2269 1231 2319 haec
1274 2270 1550 2320 beatitudo
1596 2271 1654 2321 in
1692 2276 1838 2321 textu
1875 2286 2069 2336 graeco
2107 2270 2343 2321 secundo
2381 2271 2501 2321 loco
2537 2272 2714 2337 posita
2749 2274 2845 2319 est.
2907 2268 2948 2333 ²)
2983 2269 3058 2317 Ex

578 2372 723 2406 mero
770 2356 919 2419 odio,
967 2356 1109 2422 quod
1156 2357 1329 2422 impiis
1377 2362 1459 2407 est
1504 2363 1692 2407 contra
1735 2358 1868 2423 pios.
1933 2358 2014 2407 Cf.
2049 2358 2311 2419 Vriemot,
2359 2358 2490 2407 Obs.
2529 2360 2584 2407 111
2619 2357 2816 2417 Matth,
2863 2374 2916 2421 p.
2957 2356 3058 2404 105.

581 2444 621 2507 ³)
669 2444 900 2494 Laxiore
951 2444 1267 2510 paraphrasi
1320 2443 1459 2493 hanc
1508 2448 1715 2509 partem
1769 2446 2026 2495 orationis
2073 2450 2358 2495 montanae
2413 2444 2780 2511 exponendam
2829 2444 3060 2493 duximus

580 2536 857 2596 sperantes
912 2533 1000 2597 pio
1049 2531 1237 2581 lectori
1285 2546 1503 2595 operam
1550 2547 1662 2581 non
1710 2533 1974 2597 ingratam
2021 2548 2119 2581 nos
2169 2533 2440 2598 posuisse,
2489 2532 2646 2597 plura
2691 2532 2894 2581 volenti
2941 2530 3061 2578 haee

578 2616 758 2681 legere
794 2618 979 2668 licebit
1015 2618 1161 2682 apud
1192 2634 1233 2667 s.
1260 2617 1528 2667 Joannem
1566 2618 2019 2683 chrysostomum,
2059 2618 2197 2669 hom.
2231 2619 2592 2667 xv—XXIV.
2629 2621 2684 2667 in
2721 2616 2908 2667 Matth.
2947 2615 3054 2670 vll,

582 2705 891 2767 184-306,,
946 2709 1000 2753 et
1052 2706 1143 2769 qui
1192 2704 1335 2754 hunc
1388 2707 1631 2769 sequitur
1677 2705 2162 2771 Theophylactum‚
2217 2722 2404 2755 comm.
2439 2707 2496 2755 in
2531 2705 2720 2757 Matth.
2761 2722 2812 2769 p.
2851 2704 3060 2755 25-42.

578 2790 929 2856 Euthymium
984 2791 1329 2855 Zigabenum,
1369 2790 1469 2857 Op.
1496 2792 1581 2841 ed.
1606 2793 1800 2857 Migne.
1827 2790 1948 2842 Par.
1988 2795 2140 2843 1864.
2175 2793 2247 2855 11,
2276 2796 2392 2843 190.
2418 2810 2460 2842 s.
2496 2794 2614 2843 923.
2641 2809 2682 2842 s.
2733 2791 2784 2841 S.
2809 2792 3063 2841 Isidorum

580 2877 923 2940 Pelusiotam‚
962 2894 1046 2944 ep.
1082 2878 1123 2940 1,
1159 2880 1277 2927 375.
1316 2878 1423 2939 ΠΙ,
1462 2881 1542 2928 13.
1580 2879 1674 2940 IV,
1714 2881 1828 2929 169.
1867 2880 1958 2941 IV,
1997 2882 2112 2929 190.
2145 2897 2198 2945 p.
2233 2881 2349 2929 395.
2387 2881 2503 2929 742.
2543 2880 2692 2928 1262.
2730 2880 2881 2929 1279.
2941 2878 3062 2925 Item

580 2964 725 3029 apud
764 2962 815 3014 S.
844 2964 897 3013 S.
930 2966 990 3014 P.
1016 2966 1076 3014 P.
1113 2969 1165 3013 et
1198 2964 1249 3014 S.
1275 2965 1341 3013 E.
1402 2964 1626 3015 Latinos
1663 2966 1832 3015 veluti
1869 2982 1910 3015 s.
1937 2966 2201 3015 Hilarium
2247 2966 2664 3027 Pictaviensem,
2705 2970 2980 3014 comment.
3015 2965 3062 3011 111

582 3050 770 3100 Matth.
795 3051 889 3113 IV,
918 3052 998 3099 17.
1024 3068 1066 3101 s.
1103 3052 1345 3117 inprimis
1375 3066 1415 3100 s.
1442 3052 1814 3115 Augustinum,
1840 3052 1906 3101 de
1937 3068 2180 3102 sermone
2211 3053 2428 3102 Domini
2457 3054 2514 3101 in
2546 3058 2724 3101 monte
2757 3066 2864 3101 sec.
2889 3050 3062 3099 Matth.

584 3138 619 3186 l.
654 3138 726 3187 11.
764 3138 935 3199 Quem
972 3137 1185 3202 quidem
1227 3140 1304 3187 sic
1350 3139 1755 3203 interpretatur,
1793 3144 1854 3187 ut
1897 3140 2075 3188 omnia
2119 3140 2262 3189 vitae
2307 3139 2630 3189 christianae
2674 3144 2964 3203 praecepta
3005 3136 3064 3185 ad

584 3226 874 3274 sententias
921 3224 988 3273 de
1032 3224 1214 3273 Beatis
1260 3225 1315 3273 in
1361 3225 1531 3289 ipsius
1578 3227 1836 3275 sermonis
1887 3226 2104 3275 exordio
2155 3227 2548 3290 pronuntiatas,
2589 3227 2858 3292 pertinere
2906 3226 3064 3287 iisque

582 3326 647 3359 ex
675 3310 864 3361 ordine
888 3310 1213 3375 respondere
1250 3310 1587 3360 demonstret.
1614 3311 1713 3373 ΠΙ,
1744 3312 1858 3361 165.
1885 3328 1927 3361 s.
1956 3292 2052 3361 Cf:
2064 3316 2119 3361 et
2139 3312 2596 3362 Retractafionum
2621 3312 2664 3374 1,
2695 3313 2777 3361 19.
2809 3326 2852 3360 s.
2889 3312 3064 3359 Hiero-

580 3412 811 3461 nymum,
848 3413 1037 3447 comm.
1072 3399 1127 3445 in
1158 3396 1343 3446 Matth.
1380 3397 1501 3458 VII,
1536 3400 1620 3446 22.
1657 3414 1697 3447 s.
1747 3398 1809 3447 V.
1835 3397 2053 3460 Bedam‚
2087 3399 2142 3447 in
2175 3398 2362 3448 Μαι-111.
2397 3400 2496 3447 Ev.
2529 3399 2592 3459 V,
2624 3402 2706 3449 11.
2733 3413 2774 3447 s.
2823 3397 2876 3447 S.
2901 3397 3064 3447 Bona·

583 3492 878 3547 venturam,
916 3484 1127 3533 diaetae
1164 3482 1352 3535 salutis
1389 3487 1451 3532 tr.
1476 3484 1596 3533 VII.
1630 3484 1696 3533 de
1733 3484 2173 3547 beatitudinibus,
2207 3485 2368 3551 Oper.
2393 3486 2486 3547 vl,
2513 3488 2633 3537 307.
2687 3487 2846 3536 Vitae
2881 3484 3066 3533 Christi

586 3591 631 3623 0.
660 3572 813 3633 XXI,
839 3572 957 3621 353.
984 3588 1025 3621 s.
1062 3570 1321 3620 Thomam
1352 3570 1477 3635 Aq.,
1505 3572 1559 3619 in
1598 3572 1821 3636 exposit.
1850 3585 2016 3621 aurea
2038 3574 2094 3621 in
2118 3574 2219 3622 Ev.
2245 3573 2433 3622 Matth.
2469 3576 2517 3623 5.
2553 3590 2594 3623 s.
2639 3572 2801 3638 Oper.
2838 3571 2918 3621 ed.
2957 3571 3066 3619 Par.

584 3662 734 3711 1660.
763 3658 907 3719 XVI,
936 3660 1020 3708 42.
1048 3675 1088 3707 s.
1136 3658 1198 3707 A.
1227 3656 1518 3717 Salmeron,
1547 3657 1750 3707 Comm.
1775 3659 1830 3707 in
1864 3658 2003 3707 Hist.
2029 3674 2111 3709 ev,
2134 3665 2174 3708 t.
2199 3660 2263 3709 V.
2301 3660 2368 3709 de
2399 3674 2642 3709 sermone
2667 3659 2882 3709 Domini
2908 3656 3067 3707 nostri

580 3748 615 3796 J
620 3763 715 3797 esu
734 3746 931 3795 Christi
954 3746 1011 3794 in
1034 3744 1233 3793 Monte.
1255 3743 1443 3793 Colon.
1466 3746 1615 3793 1612.
1651 3742 1772 3793 Seb.
1793 3744 2134 3808 Schmidium,
2167 3746 2300 3811 disp.
2320 3746 2538 3811 Argent.
2561 3748 2714 3797 1684.
2747 3746 2842 3795 Ch.
2861 3746 2922 3795 A.
2949 3744 3064 3793 Cru-

581 3836 733 3895 sium,
752 3833 903 3899 prob.
925 3831 1069 3897 quod
1088 3846 1281 3895 scopus
1302 3830 1441 3880 hom.
1460 3834 1623 3880 mont.
1645 3832 1728 3881 sit.
1751 3846 1832 3879 ev.
1854 3832 2001 3895 Lips.
2025 3833 2174 3881 1759.
2197 3832 2256 3881 C.
2277 3832 2341 3882 G.
2361 3832 2424 3881 L.
2445 3832 2750 3893 Frotscher,
2773 3832 2838 3883 de
2858 3847 3000 3881 cons.
3019 3829 3064 3877 J.

578 3926 636 3973 in
660 3936 734 3970 or.
755 3922 919 3970 mont.
937 3919 1045 3967 vit.
1068 3919 1217 3967 1788.
1253 3917 1321 3966 D.
1341 3916 1393 3965 J.
1413 3916 1552 3979 Pott,
1580 3916 1646 3965 de
1670 3916 1848 3966 indole
1877 3933 1952 3967 or.
1973 3924 2134 3967 mont.
2155 3918 2380 3968 Helmst.
2403 3920 2553 3969 1788.
2585 3919 2636 3968 J.
2659 3919 2711 3968 J.
2733 3920 2980 3984 Wagner,
3000 3932 3065 3964 or.

580 4006 632 4056 J.
658 4011 821 4057 mont.
855 4023 907 4071 p.
932 4006 1034 4055 ins.
1060 4003 1246 4053 Bamb.
1286 4004 1432 4053 1790.
1483 4002 1820 4053 Bonifaeium
1857 4018 1891 4053 a
1927 4019 1970 4053 s.
1995 4004 2338 4065 Wunibaldo,
2375 4020 2562 4054 comm.
2587 4006 2644 4055 in
2675 4020 2830 4055 serm.
2854 4004 2920 4053 D.
2949 4006 2982 4053 i.
3004 4022 3066 4053 m.

582 4093 832 4142 Heidelb.
853 4093 1005 4141 1794.
1044 4082 1105 4139 G.
1129 4088 1187 4138 C.
1208 4090 1419 4154 Knapp,
1447 4090 1755 4154 explanatio
1779 4090 1887 4139 1001
1909 4089 2098 4139 Matth.
2125 4094 2173 4151 5,
2201 4092 2250 4140 3.
2275 4107 2318 4141 s.
2356 4091 2479 4141 Hal.
2503 4094 2655 4141 1801.
2680 4094 2740 4141 in
2763 4094 2941 4157 script.
2966 4106 3067 4139 var.

581 4195 689 4245 arg.
706 4180 789 4229 ed.
804 4179 873 4229 Π.
888 4178 1012 4229 Hal.
1033 4179 1185 4227 1823.
1218 4193 1271 4226 n.
1292 4176 1385 4225 XI.
1407 4193 1459 4241 p.
1479 4178 1598 4226 351.
1631 4192 1672 4226 s.
1694 4176 1746 4225 J.
1767 4175 1830 4225 G.
1853 4175 2050 4237 Oertel,
2075 4177 2142 4226 de
2161 4180 2403 4227 oratione
2421 4178 2474 4227 J.
2489 4182 2746 4228 montana
2763 4178 2908 4227 Witt.
2929 4178 3068 4229 1802.

583 4266 643 4315 G.
670 4266 915 4327 Jentzen,
955 4265 1021 4314 de
1058 4264 1166 4313 ind.
1206 4279 1281 4313 or.
1318 4267 1478 4313 mont.
1518 4262 1656 4312 Lub.
1698 4264 1847 4312 1819.
1897 4264 1960 4313 Α.
1997 4263 2268 4326 Tholuck,
2305 4264 2394 4329 ph.
2433 4263 2595 4314 theol.
2631 4266 2942 4330 Auslegung
2985 4264 3069 4312 der

580 4352 931 4417 Bergpredigt
977 4350 1191 4400 Christi.
1250 4350 1444 4399 Hamb.
1484 4352 1634 4400 1813.
1674 4350 1755 4399 ed.
1794 4350 1886 4399 IV.
1928 4350 2079 4400 1856.
2132 4350 2378 4412 Kienlen,
2415 4355 2468 4400 fi.
2507 4350 2560 4399 d.
2596 4351 2984 4411 Modiin-ismara,
3020 4352 3068 4397 111

582 4452 705 4487 ann.
734 4437 883 4488 Stud.
908 4454 962 4488 u.
988 4437 1181 4487 Kritik.
1212 4437 1361 4487 1848.
1389 4436 1491 4486 111.
1554 4436 1660 4486 Sed
1698 4437 1764 4487 de
1800 4436 1882 4487 his
1918 4436 2022 4486 1100
2057 4437 2178 4487 1000
2217 4438 2374 4499 satis,
2411 4453 2480 4487 ne
2516 4437 2780 4487 lectorum
2824 4437 3070 4503 patientia

582 4524 892 4584 abutamur,
930 4523 1039 4572 alia
1075 4523 1377 4571 adhucdum
1422 4522 1563 4571 infra
1598 4524 1698 4573 sub
1747 4525 2001 4573 orationis
2048 4524 2346 4574 dominicae
2393 4526 2918 4587 commemoratione,
2953 4526 3067 4572 item

582 4615 811 4660 tractatu
849 4611 905 4659 in
944 4609 1143 4659 Christi
1180 4611 1499 4661 sententiam
1537 4610 1602 4659 de
1641 4609 1786 4675 Lege
1823 4610 2066 4661 Moesica
2103 4610 2295 4660 daturi.
