3267 5259
1302 440 1345 479 S.
1373 438 1490 479 Petri
1520 438 1743 489 epistolae.
2363 474 2370 485 .
2629 424 2758 491 475

804 721 846 799 ἓ
890 721 993 786 96.
1041 716 1460 782 Posterior
1504 717 1566 782 d.
1613 718 1828 784 Petri
1877 718 2234 805 epistola.

492 910 748 975 Certior
788 930 908 995 per
954 907 1239 973 divinam
1284 909 1751 974 revelationem
1794 910 1876 975 de
1906 912 2124 975 vicina
2165 920 2372 976 morte
2406 912 2469 976 d.
2501 912 2755 995 Petrus,

282 1022 513 1087 iisdem
576 1020 932 1087 lectoribus
1002 1021 1237 1107 quibus
1303 1024 1614 1108 primam,
1685 1024 1855 1088 misit
1921 1022 2261 1111 epistolam
2337 1024 2694 1091 secundam
2718 1029 2754 1089 ¹.

282 1137 671 1223 Prospicere
716 1134 921 1201 voluit
981 1158 1323 1222 supremus
1382 1145 1606 1223 pastor
1667 1139 2048 1221 animarum,
2093 1160 2176 1203 ne
2221 1136 2448 1203 fideles
2493 1160 2534 1201 a
2579 1137 2758 1202 falsis

286 1247 663 1314 doctoribus
718 1251 887 1314 inter
941 1271 1055 1313 eos
1113 1248 1493 1335 latentibus,
1556 1274 1830 1337 quorum
1877 1254 2029 1328 „vita
2087 1274 2296 1340 aeque
2361 1249 2758 1315 detestabilis

286 1371 425 1427 erat
470 1384 550 1427 ac
598 1360 923 1446 doctrina,
985 1361 1465 1449 abriperentur3
1526 1375 1662 1431 tum
1710 1364 1795 1430 ad
1843 1387 2094 1430 errores
2155 1366 2757 1452 perniciosissimos,

282 1484 423 1541 tum
482 1475 569 1541 ad
634 1474 879 1561 flagitia
938 1477 1285 1543 christiano
1352 1477 1614 1544 homine
1679 1478 1968 1564 indigna.
2043 1479 2120 1543 In
2181 1478 2308 1543 hoc
2373 1487 2756 1563 argumento

286 1588 746 1676 amplificando
811 1594 904 1656 sic
965 1567 1305 1657 versatur:¹
1353 1592 1724 1658 Praemissa
1791 1592 2146 1680 epigraphe
2166 1595 2220 1675 ²,
2278 1590 2579 1658 conciliat
2637 1589 2760 1655 sibi

282 1702 595 1788 lectores3
646 1726 793 1769 cum
838 1727 950 1769 eos
982 1727 1174 1792 pares
1205 1708 1269 1770 in
1304 1705 1535 1771 eadem
1566 1705 1717 1771 fidei
1752 1728 1829 1770 ac
1859 1708 2138 1771 iustitiae
2171 1706 2756 1771 communicatione

286 1816 464 1899 facit,
512 1816 631 1881 sub
675 1817 908 1883 eodem
942 1820 1153 1904 capite
1188 1818 1478 1902 Christ03
1527 1820 1708 1884 cuius
1739 1821 1966 1885 intima
1997 1818 2465 1885 consuetudine
2497 1820 2758 1904 gavisus

286 1930 501 1995 fuerit.
564 1929 886 2016 Loquitur
932 1930 1013 1996 de
1059 1931 1189 1996 fide
1236 1930 1472 1996 Christi
1518 1955 1557 1996 a
1599 1932 1943 2021 Prophetis
1998 1934 2482 2019 praenuntiata3
2539 1941 2762 1996 monet

283 2054 357 2107 ut
386 2043 453 2106 in
484 2053 762 2129 accepta
788 2043 920 2108 fide
950 2056 1429 2131 permanerent,
1478 2055 1542 2109 et
1582 2068 1704 2132 per
1744 2046 1921 2111 bona
1953 2068 2156 2133 opera
2187 2055 2430 2110 certam
2463 2044 2760 2109 facerent

285 2178 469 2221 suam
514 2158 927 2221 vocationem
974 2168 1039 2221 et
1084 2157 1469 2223 electionem
1489 2162 1531 2223 ³.
1602 2158 1765 2223 Inde
1814 2158 1990 2245 quod
2038 2158 2440 2246 Scripturam
2488 2156 2756 2221 Sacram

284 2306 367 2317 —
398 2270 642 2356 quippe
690 2292 858 2355 quae
904 2293 945 2334 a
990 2274 1141 2335 viris
1188 2270 1430 2358 Spiritu
1474 2272 1716 2337 Divino
1771 2270 2009 2337 afflatis
2067 2282 2336 2337 exarata
2393 2274 2474 2336 sit
2502 2309 2586 2318 —
2618 2292 2752 2335 non

284 2383 792 2469 uniuscuiusque
852 2382 1059 2450 lubitu
1122 2384 1433 2471 explicari
1496 2408 1689 2472 posse
1737 2384 2191 2468 affirmaverit3
2248 2384 2334 2449 ad
2381 2406 2603 2449 eorum
2651 2384 2758 2470 qui

497 2639 533 2707 ¹)
572 2642 655 2691 Ex
692 2640 879 2691 eadem
904 2641 1047 2693 Urbe
1086 2642 1226 2692 unde
1251 2645 1397 2708 prior
1428 2642 1555 2693 data
1580 2642 1769 2693 fuerat.
1831 2642 1872 2707 2)
1908 2644 2028 2703 Qua
2063 2658 2255 2692 nomen
2293 2648 2346 2691 et
2377 2656 2568 2691 munus
2605 2657 2758 2692 suum

285 2728 514 2779 exhibet.
590 2728 631 2793 ³)
680 2728 894 2778 Initium
939 2728 1010 2779 11.
1052 2732 1097 2791 1,
1137 2732 1184 2779 2.
1227 2746 1269 2781 s.
1320 2729 1469 2779 ducit
1516 2745 1549 2779 a
1592 2729 1956 2779 cohortatione
2007 2730 2076 2780 ad
2127 2729 2436 2794 obsequium
2487 2728 2758 2778 doctrinae

284 2815 481 2866 Christi
538 2816 931 2881 praestandum.
1002 2816 1241 2882 Exponit
1292 2818 1525 2866 rationes
1590 2832 1685 2865 cur
1742 2817 1872 2881 ipsis
1925 2816 2026 2865 hoc
2081 2820 2356 2881 tantopere
2410 2814 2758 2877 commendet,

286 2918 423 2969 quae
460 2907 611 2953 sunt:
650 2903 777 2969 quia
800 2918 939 2953 mors
977 2904 1079 2953 sibi
1116 2904 1263 2953 brevi
1288 2904 1469 2953 futura
1492 2904 1585 2968 sit3
1623 2908 1678 2952 et
1702 2902 1944 2953 doctrina
1979 2916 2014 2951 a
2037 2917 2094 2951 se
2120 2903 2393 2967 proposita
2429 2915 2558 2951 vera
2593 2907 2756 2967 atque

286 3006 320 3041 a
355 2989 567 3040 Christo
604 2989 800 3040 tradita
836 2996 991 3041 esset.
1041 2990 1102 3040 Id
1137 2989 1279 3055 quod
1316 2988 1590 3040 confirmat
1626 3004 1725 3040 sua
1762 2990 2024 3055 autopsia.
2071 2988 2253 3054 Exigit
2283 2993 2342 3038 ut
2365 2989 2468 3038 sibi
2505 2994 2758 3054 tauquam

286 3080 409 3128 testi
448 3077 661 3127 oculato
700 3078 971 3141 credatur,
1011 3082 1193 3143 utpote
1221 3078 1311 3143 qui
1336 3078 1392 3126 in
1415 3076 1880 3142 transfiguratione
1917 3076 2306 3142 contemplatus
2341 3074 2502 3126 fuerit
2536 3075 2758 3141 gloriam

288 3164 501 3227 Christi,
541 3178 715 3231 neque
765 3166 993 3230 supponi
1038 3180 1195 3230 posse
1235 3179 1352 3213 eum
1403 3164 1689 3214 allaturum
1734 3166 1789 3214 in
1825 3164 2055 3215 medium
2091 3165 2194 3214 nisi
2231 3179 2316 3214 res
2354 3165 2566 3214 omnino
2602 3177 2759 3213 veras

289 3257 340 3301 et
377 3256 569 3302 certas.
618 3251 865 3301 Ostendit
902 3268 1008 3301 non
1046 3252 1201 3301 modo
1240 3265 1397 3317 quam
1434 3250 1684 3301 tradebat
1719 3252 1850 3317 ipse,
1900 3252 2210 3301 Doctrinam
2247 3251 2486 3301 roborari
2531 3250 2759 3300 mirabili

286 3339 378 3389 illa
414 3340 639 3401 visione,
678 3338 745 3388 de
784 3353 889 3404 qua
925 3340 1159 3405 proxime
1198 3340 1455 3402 meminit3
1494 3338 1588 3388 sed
1625 3340 1873 3405 quoniam
1911 3338 2095 3389 eodem
2135 3337 2508 3404 comprobetur
2543 3338 2758 3403 publico

289 3426 676 3493 Prophetarum
715 3428 1047 3492 antiquorum
1087 3426 1388 3477 testimonio
1426 3425 1747 3489 firmissim03
1787 3427 1840 3475 in
1867 3426 2014 3477 cuius
2054 3427 2144 3492 qui
2181 3424 2414 3475 studium
2450 3425 2760 3492 incumbant

252 3518 432 3563 .recte
482 3514 697 3563 omnino
720 3558 723 3561 .
747 3513 974 3577 faciant3
1028 3518 1213 3580 utpote
1262 3513 1438 3563 lumen
1487 3513 1611 3563 inde
1661 3514 1984 3579 accipientes
2031 3514 2087 3563 in
2135 3512 2290 3563 huius
2341 3513 2482 3562 vitae
2532 3511 2760 3563 obscura

290 3599 535 3665 caligine,
574 3600 743 3650 donec
780 3602 1095 3666 perveniant
1132 3600 1199 3650 ad
1236 3601 1339 3650 Dei
1376 3601 1631 3649 visionem
1671 3599 1883 3650 claram.
1931 3600 2277 3649 Utilissimam
2315 3604 2490 3649 autem
2527 3598 2758 3663 Prophe-

289 3693 461 3738 tarum
499 3687 781 3737 lectionem
808 3703 941 3751 esse,
979 3686 1073 3737 sed
1100 3694 1158 3738 ut
1184 3689 1273 3753 qui
1300 3702 1391 3737 eos
1415 3688 1600 3753 legunt
1627 3686 1940 3753 intelligant,
1979 3687 2161 3737 divina
2185 3688 2357 3753 gratia
2383 3702 2517 3751 opus
2543 3685 2758 3735 habent.

290 3774 423 3825 Nam
460 3776 598 3824 sicut
633 3780 848 3825 anctore
885 3780 1009 3825 sunt
1043 3775 1178 3837 Deo,
1224 3790 1289 3824 ac
1334 3776 1649 3840 inspiratore
1695 3788 1878 3824 sacrae
1929 3773 2176 3824 conditae
2214 3773 2542 3839 Scripturas,
2587 3774 2665 3822 ita
2703 3777 2763 3821 ut

292 3861 759 3927 apprehendantur
805 3862 987 3912 divina
1034 3863 1336 3913 necessaria
1383 3866 1463 3912 est
1510 3862 1697 3927 gratia.
1767 3860 2080 3927 Opportune
2125 3861 2174 3911 d.
2218 3861 2408 3911 Petrus
2460 3861 2514 3921 1,
2553 3860 2635 3909 20.
2675 3860 2757 3907 21.

292 3950 511 4011 monuit,
550 3954 832 4015 postquam
871 3951 1031 4005 v.„19.
1076 3948 1128 3999 S.
1155 3946 1455 4016 Scripturas
1496 3947 1872 4009 „lucernae“
1911 3950 2124 3999 nomine
2162 3946 2508 4014 adpellasset3
2547 3962 2616 3996 ne
2640 3947 2760 4012 quis

291 4036 344 4085 id
386 4038 465 4086 ita
487 4036 850 4101 intelligeret,
902 4038 1053 4103 quasi
1101 4040 1241 4087 certe
1290 4036 1634 4097 illuminaret,
1685 4037 1842 4085 etiam
1888 4035 2178 4085 secundum
2225 4035 2484 4101 privatam
2527 4034 2760 4084 cuiusvis

292 4124 793 4190 interpretationem.
848 4123 977 4173 Ideo
1016 4122 1221 4173 addidit
1256 4125 1512 4189 graviter:
1550 4126 1611 4171 ut
1646 4122 1748 4173 hoc
1783 4123 2008 4188 primum
2044 4138 2225 4172 omnes
2263 4120 2758 4182 animadverterent,

292 4212 727 4277 interpretatione
773 4212 988 4277 propria
1026 4209 1077 4261 S.
1114 4208 1166 4260 S.
1202 4226 1309 4261 non
1345 4210 1577 4276 percipi3
1613 4209 1707 4259 sed
1743 4209 1838 4259 illa
1870 4210 1992 4275 ipsa
2027 4210 2358 4271 auctoritate,
2399 4223 2506 4275 qua
2542 4208 2762 4259 condita

294 4303 386 4361 est,
428 4304 481 4349 et
516 4298 569 4347 in
606 4296 853 4348 Ecclesia
888 4300 1171 4363 reperitur3
1211 4312 1347 4364 quae
1385 4297 1559 4347 dictae
1594 4297 1846 4347 lucernae
1884 4297 2122 4347 ministra
2159 4301 2254 4359 est,
2292 4301 2347 4346 et
2373 4296 2552 4345 lumen
2587 4296 2760 4361 ipsum

290 4385 429 4436 illius
467 4386 792 4435 demonstrat
827 4390 881 4435 et
914 4387 1175 4451 proponit.
1234 4385 1387 4435 Haec
1421 4400 1537 4447 nos,
1574 4388 1633 4433 ut
1671 4384 1884 4433 omnino
1917 4382 2057 4433 Sess.
2083 4383 2172 4433 1v.
2201 4382 2426 4433 Concilii
2461 4382 2759 4449 Tridentini

292 4472 521 4535 decreta,
570 4473 757 4537 paucis
805 4486 1213 4523 commemorare
1256 4471 1536 4522 voluimus.
1610 4469 1842 4536 Copiose
1891 4475 2101 4535 praeter
2145 4469 2422 4537 theologos
2471 4470 2760 4535 polemicos

292 4558 390 4609 hac
441 4559 506 4609 de
555 4574 611 4609 re
658 4556 895 4625 disputat
940 4558 992 4608 J.
1028 4558 1258 4608 Lorinus
1306 4557 1357 4607 S.
1394 4558 1462 4619 J.,
1506 4560 1560 4607 in
1606 4557 1743 4608 cath.
1791 4562 1852 4609 tr.
1893 4558 1942 4609 b.
1980 4556 2207 4608 Joannis
2256 4563 2308 4607 et
2345 4557 2478 4609 duas
2527 4558 2578 4607 b.
2616 4557 2760 4607 Petri

294 4646 545 4715 epistolas
583 4649 859 4697 comment.
910 4645 1079 4712 Lugd.
1120 4648 1269 4696 1609.
1306 4662 1356 4715 p.
1396 4646 1511 4697 358.
