3267 5259
1200 1604 1669 1703 CAPUT
1749 1604 2524 1705 SECUNDUM

801 1778 1243 1857 HISTORIAS
1288 1780 1880 1858 APOSTOLORUM
1921 1784 1982 1857 A
2025 1780 2458 1858 MARTYRIO
2501 1780 2562 1857 s.
2595 1780 2657 1857 s.
2689 1781 2930 1857 PETRI

1665 1938 1766 2013 ET
1810 1936 2075 2015 PAULI

1548 2089 1768 2145 USQUB
1805 2090 1892 2139 An
1925 2071 2181 2141 oni‘ruit

1302 2217 1377 2292 D.
1422 2214 1866 2292 JOANNIS
1925 2214 2422 2293 ENARRAT.

625 2524 665 2603 ξ
709 2524 813 2590 90.
862 2521 1085 2588 Ultimi
1130 2546 1179 2587 s.
1228 2546 1277 2587 s.
1324 2521 1794 2609 Apostolorum
1838 2522 2016 2587 Petri
2063 2532 2128 2587 et
2171 2522 2358 2588 Pauli
2402 2523 2686 2607 labore3‚
2747 2542 3075 2608 eorumque

1659 2636 2062 2721 Martyrium.

833 2850 1026 2909 Annis
1068 2852 1189 2910 fere
1238 2852 1678 2929 quatuordecim
1721 2848 1930 2909 antea¹
1981 2850 2260 2909 convenit
2299 2872 2346 2909 a.
2389 2852 2602 2909 Petrus
2646 2870 2782 2909 cum
2823 2872 2867 2908 s.
2897 2848 3073 2915 Paulo,

624 2960 694 3013 ut
727 2956 954 3027 Petrus,
1002 2956 1249 3015 Jacobus
1294 2962 1353 3013 et
1394 2955 1647 3014 Joannes
1685 2955 1970 3013 Hebraeis
2018 2955 2384 3031 potissimum
2406 2952 2460 3025 ‘23
2508 2956 2730 3013 Paulus
2773 2974 2902 3013 cum
2943 2954 3070 3011 Bar·

626 3061 781 3119 naba
832 3067 1029 3117 aut-em
1082 3060 1445 3137 potissimum
1500 3057 1810 3134 gentibus³
1881 3058 2272 3135 Evangelium
2333 3060 2722 3137 praedicaret:
2778 3065 2835 3117 et
2883 3058 3076 3116 idcirco

628 3168 896 3222 nascente
943 3164 1201 3223 Ecclesia
1219 3164 1261 3238 ⁴,
1319 3164 1728 3241 Apostolorum
1771 3164 2063 3241 principes
2109 3170 2312 3241 sponte
2357 3163 2514 3223 inter
2557 3186 2618 3222 se
2666 3166 2910 3242 partitos
2951 3181 3070 3229 esse,

626 3290 742 3327 non
802 3269 1037 3347 quidem
1098 3274 1441 3345 potestatem
1500 3268 1866 3327 auctoritatis
1883 3314 1898 3341 ‚
1974 3270 2074 3327 sed
2133 3289 2334 3345 operas
2393 3270 2825 3339 tantummodO,
2886 3268 2966 3325 ita
3017 3270 3074 3323 ut

628 3374 836 3431 Petrus
879 3374 916 3431 J
919 3374 1134 3447 udaeis,
1188 3374 1398 3453 quibus
1444 3394 1611 3433 carus
1658 3379 1784 3433 erat
1825 3375 2247 3445 convertendis,
2303 3373 2523 3441 Paulus
2570 3373 2714 3452 quia
2755 3374 2828 3431 iis
2868 3371 3076 3429 invisus

626 3479 933 3553 praecipue
985 3479 1235 3537 ethnicis
1285 3480 1359 3537 ad
1404 3480 1706 3537 Christum
1749 3479 2102 3537 adducendis
2145 3498 2378 3554 operam
2425 3480 2580 3563 dare*
2610 3482 2892 3554 pergeret.
2945 3477 3078 3533 Sane

624 3584 903 3661 quamdiu
926 3584 1143 3642 Doctor
1170 3586 1435 3658 gentium
1466 3584 1738 3643 libertate
1760 3584 2083 3655 fruebatur,
2117 3583 2225 3641 hoc
2253 3588 2488 3659 pactum
2518 3582 2801 3661 utrinque
2831 3584 3080 3639 observa-

624 3690 818 3746 batur.
851 3688 963 3745 Sed
994 3694 1299 3766 postquam
1330 3689 1386 3746 d.
1418 3688 1638 3746 Paulus
1667 3690 1732 3745 in
1762 3687 2003 3746 vincula
2031 3687 2320 3746 coniectus
2364 3688 2564 3757 fuerit,
2611 3694 2672 3745 et
2711 3683 3082 3760 Evangelium

627 3792 913 3851 Hebraeis
966 3792 1136 3867 longe
1188 3792 1419 3871 lateque
1471 3794 1895 3851 annunciatum
1946 3812 1982 3849 a
2025 3792 2316 3870 plerisque
2367 3812 2569 3849 eorum
2621 3792 2895 3850 reiectum
2943 3796 3080 3846 erat:

625 3903 853 3974 tempus
902 3898 1118 3968 aderat,
1171 3918 1285 3976 quo
1326 3920 1371 3955 s.
1412 3898 1621 3955 Petrus
1661 3903 1720 3955 et
1760 3919 1805 3955 s.
1837 3897 2089 3955 «Ioannes
2120 3897 2176 3954 d.
2215 3895 2399 3954 Paulo
2443 3898 2776 3966 subvenire,
2811 3900 2864 3953 et
2893 3910 3082 3951 curam

626 4001 1019 4061 Ecclesiamm
1050 4004 1122 4059 ab
1152 4001 1257 4060 illo
1287 4003 1656 4061 conditarum
1687 4024 1762 4061 ex
1791 4007 1959 4079 parte
1991 4000 2276 4077 suscipere
2307 4001 2602 4058 deberent.
2635 4000 2766 4057 Etsi
2787 4018 2919 4057 vero
2949 4014 3085 4075 quae

624 4126 661 4163 a
688 4107 745 4164 d.
772 4104 949 4165 Petro
976 4106 1135 4163 hisce
1165 4108 1338 4164 annis
1370 4110 1531 4181 gesta
1560 4112 1700 4164 sunt
1729 4105 1793 4163 in
1824 4106 2047 4165 Divino
2077 4106 2281 4163 Codice
2311 4105 2388 4162 N.
2421 4103 2487 4163 Τ.
2521 4124 2641 4163 non
2671 4110 3082 4162 memorenturz

626 4229 696 4267 ea
747 4216 947 4269 tamen
996 4211 1195 4285 paucis
1240 4231 1315 4268 ex
1352 4211 1466 4269 fide
1512 4212 1870 4269 sincerorum
1919 4212 2159 4269 testium
2209 4209 2606 4286 perstringere
2667 4226 2976 4285 possumus.
3039 4201 3086 4259 E

624 4320 845 4391 septem
875 4320 935 4373 et
964 4314 1215 4391 triginta
1244 4316 1431 4388 anniS,
1466 4336 1606 4394 quos
1639 4314 1802 4374 Petri
1833 4315 2218 4374 Pontificatus
2249 4313 2542 4391 implevit,
2575 4326 2802 4390 partem
2841 4311 3086 4387 aliquam

836 4576 875 4641 ¹)
914 4576 1046 4625 Cum
1082 4572 1431 4639 sen-osolymis
1469 4573 1757 4625 haberetur
1793 4574 2088 4624 concilium.
2113 4574 2178 4625 V.
2211 4590 2264 4639 p.
2291 4576 2410 4623 351.
2457 4573 2498 4639 ²)
2537 4574 2679 4634 Quin
2715 4578 2890 4639 gentes
2929 4562 3088 4631 negli-

626 4668 787 4729 geret.
862 4662 903 4726 ³)
942 4664 1083 4723 Quin
1118 4662 1344 4712 «ludaeis
1382 4663 1606 4712 deesset.
1676 4662 1716 4727 ⁴)
1756 4662 1890 4712 Cum
1927 4661 2102 4712 adhue
2137 4661 2334 4712 Judaei
2373 4676 2407 4710 a
2442 4661 2690 4727 gentibus
2726 4656 3088 4709 abhorrebant.
