3267 5259
1058 506 1121 547 De
1148 506 1427 547 Bthnicorum
1454 505 1698 557 Religione.
2475 488 2624 539 CVII

180 682 485 731 sacrificia
520 682 801 733 humana
836 682 1103 733 horrenda
1126 684 1485 748 immaniaque
1510 682 1693 744 fuisse,
1720 682 1856 732 adeo
1883 687 1942 731 ut
1966 698 2032 733 ea
2053 682 2368 749 plerumque
2395 680 2622 731 detesta-

180 776 326 817 rentur
366 774 711 835 spectatores,
766 770 983 835 damus3
1033 770 1099 820 de
1135 772 1302 821 veteri
1344 776 1519 821 autem
1570 772 1839 837 opinione,
1879 786 2017 836 quae
2058 769 2332 819 hominum
2367 768 2624 818 insederit

182 856 355 916 animis,
410 857 639 905 iratum
696 858 907 907 Deum
960 857 1131 907 haud
1184 857 1381 909 aliter
1437 874 1623 925 quam
1679 862 1980 919 cruenta,
2045 858 2169 907 imo
2226 862 2287 905 et
2340 856 2624 905 humana

180 958 585 1007 nonnunquam
637 946 919 994 victima
966 945 1221 1011 placari
1266 962 1459 1011 posse
1507 945 1810 995 luculenter
1855 950 2134 995 testantur.
2209 942 2433 993 Sensum
2483 944 2624 991 enim

182 1037 467 1093 peecatorum
500 1046 727 1081 suorum
766 1031 1019 1082 habuisse
1056 1032 1310 1096 gentiles,
1348 1032 1605 1082 hodierno
1646 1032 1732 1081 die
1769 1031 1900 1081 nulli
1937 1031 2156 1081 dubium
2194 1046 2311 1079 esse
2359 1031 2624 1079 existima-

182 1132 284 1165 mus.
324 1116 511 1167 Eadem
542 1119 759 1167 ratione
785 1121 945 1169 etiam
982 1119 1281 1181 oracula,
1320 1122 1621 1185 auguria,
1663 1119 1862 1181 festa,
1895 1134 2111 1179 sacra,
2144 1119 2419 1178 somnia,
2457 1116 2623 1177 ludi,

182 1203 687 1268 supplicationeS,
748 1209 1197 1271 expiationes,
1265 1210 1433 1257 ritus
1488 1208 1721 1272 denique
1776 1213 1830 1255 et
1877 1206 2324 1256 caerimoniae
2380 1203 2624 1253 ethnicae

184 1293 363 1339 reserari
384 1298 629 1357 possunt;
670 1300 727 1342 et
752 1293 881 1358 quid
907 1294 1035 1344 boni
1064 1293 1259 1344 malive
1286 1294 1635 1358 religionibus
1674 1293 1962 1343 Gentilium
2001 1295 2217 1353 inesset,
2255 1292 2415 1341 misso
2441 1292 2624 1355 inepto

183 1380 461 1442 antiquitatis
494 1380 833 1446 praeiudicio
870 1380 1094 1431 ulterius
1134 1380 1415 1431 diiudicari
1451 1386 1642 1447 potest.

345 1466 544 1516 Revera
596 1468 851 1532 quamvis
910 1470 1235 1533 impurorum
1296 1468 1565 1519 hominum
1627 1469 1894 1535 flagitiosa
1953 1468 2276 1533 perversitas
2329 1467 2624 1531 posteriore

184 1556 335 1613 aetate,
368 1551 493 1602 haec
530 1570 755 1619 quoque
786 1556 1031 1605 instituta
1056 1554 1123 1605 ad
1157 1571 1365 1605 omnem
1390 1557 1680 1622 nequitiam
1719 1555 2005 1616 deflexerit,
2045 1554 2457 1618 detorseritque:
2493 1552 2626 1602 illud

183 1648 321 1687 tamen
362 1656 549 1705 negare
599 1642 817 1707 nequit,
868 1642 933 1691 iis
969 1642 1244 1707 praeclare
1280 1648 1620 1709 prospectum
1659 1643 1850 1705 fuisse3
1899 1647 1958 1691 ut
1993 1640 2095 1703 illi,
2142 1642 2230 1706 qui
2281 1639 2506 1701 vellent,
2558 1640 2623 1689 de

184 1726 423 1775 maximis
460 1730 657 1778 rebus
696 1729 977 1779 meliora
1004 1729 1371 1781 edocerentur.
1424 1732 1575 1781 Haec
1602 1746 1666 1779 eo
1691 1731 1861 1793 magis
1885 1731 2118 1779 tenenda
2143 1734 2310 1789 erunt,
2338 1744 2454 1777 cum
2482 1727 2626 1777 haud

184 1810 303 1860 aliter
338 1815 455 1863 satis
500 1816 961 1881 perspiceremus,
1010 1817 1277 1881 quomodo
1314 1817 1659 1867 Providentia
1702 1818 1902 1867 Divina
1945 1816 2262 1867 universalis
2307 1817 2382 1865 ita
2426 1813 2624 1864 salvari

186 1908 347 1961 possen
386 1906 443 1949 ut
476 1902 655 1951 media
694 1902 881 1968 aliqua
916 1902 1129 1966 saltem,
1178 1904 1319 1953 unde
1356 1904 1423 1953 ad
1460 1906 1633 1953 Deum
1673 1906 2037 1969 pervenirent,
2086 1904 2288 1953 cunctis
2322 1902 2626 1951 homiuibus

184 1986 674 2051 subministrarentur,
704 1991 855 2039 iuxta
881 1996 1065 2039 notum
1092 1990 1223 2039 illud
1250 1992 1488 2040 axioma:
1526 1992 1939 2041 facientibus
1966 1989 2134 2055 quod
2159 1990 2222 2038 in
2247 2005 2311 2039 se
2339 1994 2462 2051 est,
2501 2003 2626 2038 non

184 2070 371 2121 deesse
412 2077 693 2139 gratiam
744 2076 1124 2127 salutarem.
1196 2078 1269 2127 Et
1306 2078 1517 2142 quidem
1556 2095 1676 2127 cum
1713 2078 1892 2128 media
1926 2078 1994 2127 acl
2031 2079 2226 2127 victum
2269 2078 2626 2140 vestitumque

185 2156 274 2207 heic
304 2163 563 2212 commoda
597 2163 962 2229 suppeditat-it
996 2165 1203 2213 cunctis
1238 2165 1610 2229 Providentia3
1651 2166 1860 2231 concipi
1899 2181 2004 2214 non
2039 2168 2218 2230 potest
2253 2162 2476 2213 eandem
2513 2163 2626 2212 sive

186 2258 233 2292 ex
260 2252 447 2308 natura,
482 2252 595 2299 sive
622 2266 693 2299 ex
726 2252 916 2315 gratia,
955 2250 1179 2301 ethnicis
1218 2251 1405 2301 deesse
1442 2252 1706 2302 voluisse:
1743 2254 1798 2301 in
1835 2250 2240 2317 suppeditandis
2277 2250 2464 2300 mediis
2501 2265 2626 2298 con-

164 2330 469 2385 'venientibus
504 2336 575 2386 ad
612 2338 979 2402 cognitionem
1019 2338 1251 2403 aliquam
1290 2354 1463 2388 rerum
1502 2340 1830 2403 divinarum3
1869 2345 1929 2388 ut
1953 2338 2080 2388 licet
2115 2337 2220 2387 illis
2255 2352 2442 2403 parum
2484 2340 2626 2385 recte

185 2419 249 2467 vel
286 2419 487 2473 feliciter
530 2426 619 2475 usi
668 2426 775 2475 sint
824 2425 1075 2489 gentiles,
1125 2425 1267 2475 haud
1314 2428 1393 2475 ita
1438 2431 1617 2476 tamen
1667 2442 1762 2491 per
1797 2427 1972 2475 Deum
2021 2426 2252 2487 steterit,
2301 2439 2408 2489 quo
2451 2424 2626 2472 minus

186 2504 289 2555 salvi
330 2508 515 2560 fierent.
578 2512 736 2561 Rom.
776 2514 825 2573 2,
866 2513 946 2561 14.
1008 2512 1091 2561 Ad
1135 2512 1313 2563 media
1356 2512 1491 2562 haec
1529 2528 1668 2579 quae
1707 2513 1776 2563 ad
1813 2514 2194 2563 oeconomiam
2231 2512 2460 2561 Divinae
2498 2510 2626 2558 Pro-

188 2592 405 2645 videntiae
452 2600 599 2648 circa
634 2598 987 2649 Ethnicorum
1034 2599 1365 2664 Religionem
1412 2604 1746 2665 spectarunt,
1799 2604 2029 2665 quatuor
2073 2600 2261 2648 merito
2311 2597 2627 2647 referuntur.

188 2692 225 2725 a.
260 2678 441 2743 Leges
476 2685 545 2734 ab
585 2686 743 2735 initio
781 2686 967 2735 mundi
1004 2686 1203 2747 editae,
1242 2686 1327 2735 vel
1364 2688 1421 2735 in
1456 2689 1573 2752 ipso
1613 2686 1773 2736 corde
1817 2686 2143 2751 descriptae3
2190 2700 2308 2734 cum
2347 2685 2485 2733 enim
2521 2681 2628 2733 illis

189 2772 335 2817 auctor
366 2770 517 2821 fuerit
552 2772 727 2834 Deus,
766 2776 827 2821 ut
852 2774 991 2821 vitae
1028 2774 1283 2823 beatioris
1306 2772 1625 2823 desiderium
1667 2774 1872 2823 cunctis
1907 2774 2182 2822 inderetur
2215 2771 2532 2829 hominibus,
2569 2785 2628 2819 se

189 2853 321 2917 ipsum
345 2872 457 2919 una,
496 2860 593 2923 qui
620 2864 675 2908 et
700 2859 813 2907 vita
834 2858 931 2908 illa
956 2866 1177 2909 aeterna
1206 2865 1303 2922 est,
1342 2861 1503 2909 tacite
1540 2860 1814 2909 indicavit.
1861 2862 1912 2909 b.
1952 2860 1986 2909 J
1997 2859 2216 2908 udicia
2253 2862 2318 2907 et
2352 2858 2628 2922 castiga-

190 2942 387 3003 tiones,
420 2946 617 3009 quibus
654 2960 753 3009 pro
792 2946 1141 3010 amplitudine
1179 2946 1393 2995 divinae
1430 2948 1726 3011 sapientiae
1763 2947 1998 3011 gentium
2036 2961 2248 3011 quoque
2293 2945 2408 2994 sata
2451 2945 2628 2994 mode-

192 3028 364 3079 rabatur
384 3032 661 3082 Dominus.
698 3033 801 3083 His
828 3032 1027 3082 factum
1055 3038 1150 3094 est,
1176 3038 1235 3082 ut
1260 3032 1531 3083 hominnm
1556 3033 1718 3083 animi
1743 3032 2175 3099 expergefierent,
2203 3036 2256 3081 et
2279 3032 2348 3082 ad
2374 3032 2632 3082 coelestia

192 3115 487 3183 erigereumr3
524 3134 641 3169 una
680 3134 805 3169 vero
844 3124 1059 3169 cautum
1096 3126 1191 3181 est,
1230 3136 1299 3170 ne
1334 3120 1543 3185 Religio
1577 3121 1816 3170 funditus
1855 3126 2194 3169 everteretur.
2247 3134 2291 3168 c.
2329 3118 2630 3168 Benefici

192 3198 353 3267 heroes,
384 3222 571 3272 reges
618 3212 682 3255 et
726 3206 1183 3271 legislatores,
1232 3209 1321 3273 qui
1360 3207 1744 3257 cum·ethuicis
1781 3207 1944 3257 duces
1983 3208 2346 3272 contigissent,
2389 3206 2630 3256 diversos

192 3287 335 3339 modos
366 3292 749 3357 adhibuerunt3
788 3300 849 3343 ut
882 3294 1137 3355 homines,
1177 3297 1267 3359 qui
1306 3310 1489 3345 eorum
1527 3296 1766 3359 regimini
1805 3312 1862 3345 se
1899 3276 2261 3359 permiserant,
2299 3294 2354 3341 in
2395 3293 2628 3357 aliquam

192 3372 467 3441 Religionem
504 3382 891 3442 consentirent,
930 3396 1038 3429 non
1074 3383 1189 3430 sine
1226 3382 1433 3447 providi
1458 3382 1563 3431 Dei
1596 3383 1830 3430 numine.
1881 3382 1964 3430 Ita
1987 3382 2124 3431 enim
2153 3382 2322 3445 pietas
2349 3382 2402 3429 in
2437 3380 2628 3443 Deum,

194 3464 231 3506 et
259 3464 483 3531 quidquid
532 3474 838 3517 ceterorum
885 3466 1175 3517 officiorum
1224 3472 1305 3517 est
1340 3468 1394 3517 in
1440 3468 1646 3518 feroces
1684 3467 1955 3517 hominum
2002 3468 2208 3517 animos
2255 3466 2627 3529 instillabatur,

194 3554 559 3620 etauaufngio
594 3569 803 3603 morum
843 3554 1051 3619 legibus
1090 3570 1303 3621 quoque
1329 3560 1384 3604 et
1409 3554 1550 3604 civili
1588 3554 1874 3620 prudentia
1907 3554 2092 3619 populi
2128 3556 2628 3619 praeservabantur.

196 3631 232 3680 d.
268 3634 487 3705 Magnam
538 3646 823 3707 praeterea
868 3641 975 3689 vim
1021 3645 1075 3689 et
1121 3648 1325 3707 partem
1376 3641 1742 3691 adscribamus
1791 3642 2155 3691 inventioni
2205 3646 2258 3689 et
2295 3642 2628 3691 exornationi

196 3724 381 3775 artium
413 3735 472 3778 et
507 3729 881 3790 literarum,
921 3743 1057 3793 quae
1096 3728 1319 3777 ethnicis
1356 3728 1609 3789 debetur3
1654 3734 1794 3778 artes
1839 3728 2092 3794 pingendi
2129 3728 2400 3793 penici110,
2449 3716 2628 3778 elabo-

195 3808 309 3859 randi
334 3813 379 3861 in
402 3830 541 3877 aere,
578 3814 817 3881 fingendi
840 3817 897 3863 in
922 3814 1101 3880 lapide
1128 3816 1367 3879 ubertas,
1408 3817 1676 3881 elegantia
1700 3817 2055 3881 eloquentiae,
2081 3815 2452 3881 philosophiae
2477 3817 2630 3865 artis-

198 3908 273 3956 que
302 3900 521 3952 medicae
552 3904 799 3964 scientia,
838 3904 1053 3952 omnino
1078 3918 1175 3952 suo
1202 3908 1255 3953 et
1276 3904 1493 3969 ingenio
1520 3909 1573 3953 et
1596 3920 1700 3954 usu
1725 3904 2003 3968 insigniter
2039 3902 2358 3952 adiuvat-unt
2384 3908 2437 3952 et
2459 3902 2630 3967 perfe—

198 3994 339 4034 cerunt
359 3994 407 4037 et
430 3990 487 4038 in
511 4004 643 4039 suae
670 3989 911 4039 culturae
936 3990 1215 4039 commoda
1238 3996 1511 4040 verterunt
1545 3990 1787 4056 gentiles.
1836 3990 1987 4039 Haec
2012 4006 2098 4040 res
2123 3994 2300 4040 autem
2339 4004 2498 4053 quam
2523 3990 2630 4037 vim

198 4064 391 4124 habuerit
422 4092 579 4126 nemo
616 4077 807 4138 nescit,
846 4078 939 4141 qui
964 4091 1143 4125 secum
1180 4079 1525 4142 reputaverit,
1562 4078 1762 4128 factum
1797 4093 1944 4127 esse:
1981 4082 2042 4125 ut
2076 4081 2426 4142 posteaquam
2460 4075 2632 4125 Roma

198 4152 365 4209 ‘lomina
396 4165 631 4228 gentium
670 4163 871 4225 evasit3
911 4162 1205 4213 Atticorum
1242 4163 1549 4229 respublica
1584 4164 1888 4213 universum
1925 4163 2104 4213 orbem
2131 4168 2387 4211 terrarum
2424 4161 2632 4225 legibus

198 4242 279 4291 suis
322 4252 527 4299 teneret.
600 4249 759 4299 Unde
820 4263 1003 4299 rursus
1062 4252 1293 4300 maxima
1352 4250 1711 4300 emolumenta
1763 4250 2128 4299 redundarunt
2185 4251 2240 4297 in
2301 4247 2630 4313 Religionem

200 4324 371 4396 Christi,
417 4337 565 4387 cuius
604 4335 849 4386 asseclae
886 4334 1190 4387 felicissime
1227 4336 1305 4385 ita
1339 4342 1507 4398 artes,
1554 4336 1736 4387 literas
1781 4342 1942 4401 atque
1977 4336 2124 4401 leges
2173 4334 2412 4385 ethnicas
2449 4350 2632 4385 secum

200 4413 246 4461 td
275 4432 405 4469 sacra
438 4422 505 4471 D.
542 4423 609 4473 N.
646 4422 699 4472 J.
740 4421 938 4471 Christi
984 4423 1213 4473 ferentes
1264 4422 1639 4473 traduxerunt:
1689 4428 1750 4473 ut
1795 4438 1890 4472 eae
1937 4438 2044 4473 non
2087 4422 2420 4472 adventiciae
2456 4438 2632 4488 neque

199 4498 367 4557 ffiuude
398 4507 687 4573 quaesitae,
726 4508 824 4559 scd
860 4510 916 4559 in
953 4508 1241 4559 christiano
1279 4511 1434 4575 quasi
1469 4509 1585 4559 solo
1624 4510 1836 4575 genitae
1875 4509 2181 4572 videantur3
2221 4514 2274 4558 et
2311 4508 2378 4559 ad
2415 4515 2631 4559 nostrae

200 4600 327 4653 usque
365 4598 645 4645 memoriae
692 4596 939 4645 civitates
986 4600 1341 4662 propagatae,
1391 4596 1476 4645 vel
1512 4597 1740 4645 maxime
1787 4596 1993 4646 faciunt
2027 4596 2096 4646 ad
2133 4597 2298 4647 vitam
2335 4596 2628 4657 cultiorem,

200 4678 441 4733 mviorem
476 4682 997 4751 elegantioremque,
1044 4682 1113 4733 ad
1148 4683 1531 4751 rempublicam
1564 4698 1702 4751 pace
1737 4682 1990 4748 belloque
2027 4682 2523 4745 administrandam,
2561 4682 2632 4731 ad
