<?xml version="1.0" encoding="UTF-8"?>
<!DOCTYPE html PUBLIC "-//W3C//DTD XHTML 1.0 Transitional//EN"
    "http://www.w3.org/TR/xhtml1/DTD/xhtml1-transitional.dtd">
<html xmlns="http://www.w3.org/1999/xhtml" xml:lang="en" lang="en">
 <head>
  <title>
</title>
<meta http-equiv="Content-Type" content="text/html;charset=utf-8" />
  <meta name='ocr-system' content='tesseract 3.04.00' />
  <meta name='ocr-capabilities' content='ocr_page ocr_carea ocr_par ocr_line ocrx_word'/>
</head>
<body>
  <div class='ocr_page' id='page_1' title='image "./historiarevelat00unkngoog_0489.png"; bbox 0 0 3267 5259; ppageno 0'>
   <div class='ocr_carea' id='block_1_1' title="bbox 1006 442 2659 507">
    <p class='ocr_par' dir='ltr' id='par_1_1' title="bbox 1006 442 2659 507">
     <span class='ocr_line' id='line_1_1' title="bbox 1006 442 2659 507; baseline 0.002 -9"><span class='ocrx_word' id='word_1_1' title='bbox 1006 457 1252 499; x_wconf 79' lang='lat' dir='ltr'><strong>Secundum</strong></span> <span class='ocrx_word' id='word_1_2' title='bbox 1270 458 1359 499; x_wconf 79' lang='lat' dir='ltr'><strong>iter</strong></span> <span class='ocrx_word' id='word_1_3' title='bbox 1383 466 1419 497; x_wconf 84' lang='lat' dir='ltr'><strong>s.</strong></span> <span class='ocrx_word' id='word_1_4' title='bbox 1441 455 1568 497; x_wconf 78' lang='lat' dir='ltr'><strong>Pauli</strong></span> <span class='ocrx_word' id='word_1_5' title='bbox 1602 454 1838 498; x_wconf 71' lang='lat' dir='ltr'><strong>missionis.</strong></span> <span class='ocrx_word' id='word_1_6' title='bbox 2536 442 2659 507; x_wconf 82' lang='lat'><strong>361</strong></span> 
     </span>
    </p>
   </div>
   <div class='ocr_carea' id='block_1_2' title="bbox 195 614 2668 2701">
    <p class='ocr_par' dir='ltr' id='par_1_2' title="bbox 195 614 2668 2701">
     <span class='ocr_line' id='line_1_2' title="bbox 208 614 2668 713; baseline -0 -18"><span class='ocrx_word' id='word_1_7' title='bbox 208 614 345 695; x_wconf 82' lang='lat' dir='ltr'><strong>ximo</strong></span> <span class='ocrx_word' id='word_1_8' title='bbox 372 636 591 695; x_wconf 78' lang='lat' dir='ltr'>abhinc</span> <span class='ocrx_word' id='word_1_9' title='bbox 620 637 717 695; x_wconf 89' lang='lat' dir='ltr'><strong>die</strong></span> <span class='ocrx_word' id='word_1_10' title='bbox 747 638 975 695; x_wconf 87' lang='lat' dir='ltr'><strong>sabbati</strong></span> <span class='ocrx_word' id='word_1_11' title='bbox 1000 634 1015 674; x_wconf 95' lang='lat'><strong>¹</strong></span> <span class='ocrx_word' id='word_1_12' title='bbox 1050 638 1122 695; x_wconf 88' lang='lat' dir='ltr'><strong>ad</strong></span> <span class='ocrx_word' id='word_1_13' title='bbox 1151 656 1506 713; x_wconf 85' lang='lat' dir='ltr'><strong>synagogam</strong></span> <span class='ocrx_word' id='word_1_14' title='bbox 1536 656 1597 694; x_wconf 90' lang='lat' dir='ltr'><strong>se</strong></span> <span class='ocrx_word' id='word_1_15' title='bbox 1626 636 1928 694; x_wconf 87' lang='lat' dir='ltr'><strong>conferens</strong></span> <span class='ocrx_word' id='word_1_16' title='bbox 1959 635 2289 712; x_wconf 85' lang='lat' dir='ltr'><strong>Apostolus,</strong></span> <span class='ocrx_word' id='word_1_17' title='bbox 2338 637 2668 711; x_wconf 80' lang='lat' dir='ltr'><strong>exponebat</strong></span> 
     </span>
     <span class='ocr_line' id='line_1_3' title="bbox 207 724 2666 819; baseline -0 -20"><span class='ocrx_word' id='word_1_18' title='bbox 207 763 243 799; x_wconf 83' lang='lat' dir='ltr'><strong>s.</strong></span> <span class='ocrx_word' id='word_1_19' title='bbox 270 742 612 819; x_wconf 73' lang='lat' dir='ltr'><strong>Scripturas.</strong></span> <span class='ocrx_word' id='word_1_20' title='bbox 679 741 875 799; x_wconf 89' lang='lat' dir='ltr'><strong>Verba</strong></span> <span class='ocrx_word' id='word_1_21' title='bbox 916 742 1059 799; x_wconf 84' lang='lat' dir='ltr'><strong>fecit</strong></span> <span class='ocrx_word' id='word_1_22' title='bbox 1104 761 1221 799; x_wconf 90' lang='lat' dir='ltr'><strong>non</strong></span> <span class='ocrx_word' id='word_1_23' title='bbox 1266 741 1454 799; x_wconf 89' lang='lat' dir='ltr'><strong>solum</strong></span> <span class='ocrx_word' id='word_1_24' title='bbox 1499 760 1692 799; x_wconf 88' lang='lat' dir='ltr'><strong>coram</strong></span> <span class='ocrx_word' id='word_1_25' title='bbox 1732 740 1769 798; x_wconf 87' lang='lat' dir='ltr'><strong>J</strong></span> <span class='ocrx_word' id='word_1_26' title='bbox 1771 740 1970 799; x_wconf 87' lang='lat' dir='ltr'><strong>udaeis</strong></span> <span class='ocrx_word' id='word_1_27' title='bbox 2011 741 2110 798; x_wconf 87' lang='lat' dir='ltr'><strong>sed</strong></span> <span class='ocrx_word' id='word_1_28' title='bbox 2155 744 2216 798; x_wconf 91' lang='lat' dir='ltr'><strong>et</strong></span> <span class='ocrx_word' id='word_1_29' title='bbox 2257 724 2393 798; x_wconf 86' lang='lat' dir='ltr'><strong>aliis</strong></span> <span class='ocrx_word' id='word_1_30' title='bbox 2435 759 2666 819; x_wconf 92' lang='lat' dir='ltr'><strong>quoque</strong></span> 
     </span>
     <span class='ocr_line' id='line_1_4' title="bbox 206 842 2664 923; baseline -0.001 -18"><span class='ocrx_word' id='word_1_31' title='bbox 206 847 581 922; x_wconf 84' lang='lat' dir='ltr'><strong>praesentibus</strong></span> <span class='ocrx_word' id='word_1_32' title='bbox 613 848 958 905; x_wconf 79' lang='lat' dir='ltr'><strong>adventitiis</strong></span> <span class='ocrx_word' id='word_1_33' title='bbox 988 866 1064 903; x_wconf 85' lang='lat' dir='ltr'><strong>ex</strong></span> <span class='ocrx_word' id='word_1_34' title='bbox 1096 848 1369 920; x_wconf 84' lang='lat' dir='ltr'><strong>gentibus</strong></span> <span class='ocrx_word' id='word_1_35' title='bbox 1387 842 1429 904; x_wconf 84' lang='lat'><strong>2.</strong></span> <span class='ocrx_word' id='word_1_36' title='bbox 1477 846 1623 904; x_wconf 89' lang='lat' dir='ltr'><strong>Eius</strong></span> <span class='ocrx_word' id='word_1_37' title='bbox 1661 865 1952 903; x_wconf 77' lang='lat' dir='ltr'><strong>sermones</strong></span> <span class='ocrx_word' id='word_1_38' title='bbox 1979 845 2250 920; x_wconf 90' lang='lat' dir='ltr'><strong>pluribus</strong></span> <span class='ocrx_word' id='word_1_39' title='bbox 2281 864 2510 918; x_wconf 89' lang='lat' dir='ltr'><strong>eorum,</strong></span> <span class='ocrx_word' id='word_1_40' title='bbox 2559 846 2664 923; x_wconf 90' lang='lat' dir='ltr'><strong>qui</strong></span> 
     </span>
     <span class='ocr_line' id='line_1_5' title="bbox 205 950 2656 1025; baseline -0.001 -17"><span class='ocrx_word' id='word_1_41' title='bbox 205 971 385 1025; x_wconf 83' lang='lat' dir='ltr'><strong>genere</strong></span> <span class='ocrx_word' id='word_1_42' title='bbox 411 952 624 1009; x_wconf 87' lang='lat' dir='ltr'><strong>Judaei</strong></span> <span class='ocrx_word' id='word_1_43' title='bbox 658 957 853 1021; x_wconf 89' lang='lat' dir='ltr'><strong>erant;</strong></span> <span class='ocrx_word' id='word_1_44' title='bbox 896 952 993 1009; x_wconf 90' lang='lat' dir='ltr'><strong>sed</strong></span> <span class='ocrx_word' id='word_1_45' title='bbox 1023 951 1211 1025; x_wconf 89' lang='lat' dir='ltr'><strong>magis</strong></span> <span class='ocrx_word' id='word_1_46' title='bbox 1248 952 1438 1009; x_wconf 87' lang='lat' dir='ltr'><strong>adhuc</strong></span> <span class='ocrx_word' id='word_1_47' title='bbox 1475 950 1726 1009; x_wconf 82' lang='lat' dir='ltr'><strong>ethnicis</strong></span> <span class='ocrx_word' id='word_1_48' title='bbox 1756 950 1977 1007; x_wconf 84' lang='lat' dir='ltr'><strong>Christi</strong></span> <span class='ocrx_word' id='word_1_49' title='bbox 2021 950 2198 1007; x_wconf 89' lang='lat' dir='ltr'><strong>fidem</strong></span> <span class='ocrx_word' id='word_1_50' title='bbox 2227 956 2656 1025; x_wconf 85' lang='lat' dir='ltr'><strong>persuaserunt,</strong></span> 
     </span>
     <span class='ocr_line' id='line_1_6' title="bbox 206 1052 2660 1133; baseline -0.001 -20"><span class='ocrx_word' id='word_1_51' title='bbox 206 1060 653 1133; x_wconf 84' lang='lat' dir='ltr'><strong>accesseruntque</strong></span> <span class='ocrx_word' id='word_1_52' title='bbox 683 1075 802 1113; x_wconf 90' lang='lat' dir='ltr'><strong>non</strong></span> <span class='ocrx_word' id='word_1_53' title='bbox 832 1074 1048 1130; x_wconf 79' lang='lat' dir='ltr'><strong>paucae</strong></span> <span class='ocrx_word' id='word_1_54' title='bbox 1092 1060 1395 1113; x_wconf 88' lang='lat' dir='ltr'><strong>matronae</strong></span> <span class='ocrx_word' id='word_1_55' title='bbox 1438 1055 1840 1113; x_wconf 83' lang='lat' dir='ltr'><strong>honoratiores</strong></span> <span class='ocrx_word' id='word_1_56' title='bbox 1859 1052 1901 1111; x_wconf 83' lang='lat'><strong>³.</strong></span> <span class='ocrx_word' id='word_1_57' title='bbox 1948 1055 1985 1110; x_wconf 89' lang='lat' dir='ltr'><strong>J</strong></span> <span class='ocrx_word' id='word_1_58' title='bbox 1988 1055 2156 1112; x_wconf 89' lang='lat' dir='ltr'><strong>udaei</strong></span> <span class='ocrx_word' id='word_1_59' title='bbox 2201 1054 2419 1111; x_wconf 86' lang='lat' dir='ltr'><strong>feroces</strong></span> <span class='ocrx_word' id='word_1_60' title='bbox 2465 1056 2660 1111; x_wconf 84' lang='lat' dir='ltr'><strong>excito</strong></span> 
     </span>
     <span class='ocr_line' id='line_1_7' title="bbox 203 1157 2662 1235; baseline -0 -19"><span class='ocrx_word' id='word_1_61' title='bbox 203 1160 575 1234; x_wconf 85' lang='lat' dir='ltr'><strong>improborum</strong></span> <span class='ocrx_word' id='word_1_62' title='bbox 606 1160 677 1217; x_wconf 92' lang='lat' dir='ltr'><strong>de</strong></span> <span class='ocrx_word' id='word_1_63' title='bbox 707 1160 874 1235; x_wconf 89' lang='lat' dir='ltr'><strong>plebe</strong></span> <span class='ocrx_word' id='word_1_64' title='bbox 904 1162 1068 1217; x_wconf 88' lang='lat' dir='ltr'><strong>motu</strong></span> <span class='ocrx_word' id='word_1_65' title='bbox 1098 1160 1441 1218; x_wconf 81' lang='lat' dir='ltr'><strong>invadentes</strong></span> <span class='ocrx_word' id='word_1_66' title='bbox 1482 1161 1718 1218; x_wconf 90' lang='lat' dir='ltr'><strong>domum</strong></span> <span class='ocrx_word' id='word_1_67' title='bbox 1762 1160 1799 1217; x_wconf 89' lang='lat' dir='ltr'><strong>J</strong></span> <span class='ocrx_word' id='word_1_68' title='bbox 1801 1159 1991 1217; x_wconf 88' lang='lat' dir='ltr'><strong>asonis</strong></span> <span class='ocrx_word' id='word_1_69' title='bbox 2013 1157 2056 1230; x_wconf 81' lang='lat'><strong>⁴,</strong></span> <span class='ocrx_word' id='word_1_70' title='bbox 2104 1160 2458 1234; x_wconf 84' lang='lat' dir='ltr'><strong>expetebant</strong></span> <span class='ocrx_word' id='word_1_71' title='bbox 2499 1178 2662 1234; x_wconf 89' lang='lat' dir='ltr'><strong>pere-</strong></span> 
     </span>
     <span class='ocr_line' id='line_1_8' title="bbox 204 1262 2662 1342; baseline -0 -21"><span class='ocrx_word' id='word_1_72' title='bbox 204 1266 372 1337; x_wconf 86' lang='lat' dir='ltr'><strong>grinos</strong></span> <span class='ocrx_word' id='word_1_73' title='bbox 399 1266 668 1340; x_wconf 83' lang='lat' dir='ltr'><strong>produci,</strong></span> <span class='ocrx_word' id='word_1_74' title='bbox 700 1269 771 1321; x_wconf 88' lang='lat' dir='ltr'><strong>ut</strong></span> <span class='ocrx_word' id='word_1_75' title='bbox 800 1284 893 1323; x_wconf 88' lang='lat' dir='ltr'><strong>eos</strong></span> <span class='ocrx_word' id='word_1_76' title='bbox 921 1264 988 1321; x_wconf 93' lang='lat' dir='ltr'><strong>in</strong></span> <span class='ocrx_word' id='word_1_77' title='bbox 1019 1266 1109 1323; x_wconf 89' lang='lat' dir='ltr'><strong>ius</strong></span> <span class='ocrx_word' id='word_1_78' title='bbox 1140 1270 1437 1323; x_wconf 88' lang='lat' dir='ltr'><strong>vocarent.</strong></span> <span class='ocrx_word' id='word_1_79' title='bbox 1482 1263 1703 1321; x_wconf 87' lang='lat' dir='ltr'><strong>Paulus</strong></span> <span class='ocrx_word' id='word_1_80' title='bbox 1723 1262 1747 1299; x_wconf 87' lang='lat'>⁵</span> <span class='ocrx_word' id='word_1_81' title='bbox 1793 1282 2161 1342; x_wconf 90' lang='lat' dir='ltr'><strong>nequaquam</strong></span> <span class='ocrx_word' id='word_1_82' title='bbox 2200 1283 2231 1319; x_wconf 91' lang='lat' dir='ltr'><strong>e</strong></span> <span class='ocrx_word' id='word_1_83' title='bbox 2272 1282 2334 1320; x_wconf 90' lang='lat' dir='ltr'><strong>re</strong></span> <span class='ocrx_word' id='word_1_84' title='bbox 2373 1282 2479 1321; x_wconf 89' lang='lat' dir='ltr'><strong>sua</strong></span> <span class='ocrx_word' id='word_1_85' title='bbox 2507 1264 2662 1320; x_wconf 90' lang='lat' dir='ltr'><strong>iudi-</strong></span> 
     </span>
     <span class='ocr_line' id='line_1_9' title="bbox 203 1366 2662 1445; baseline -0 -20"><span class='ocrx_word' id='word_1_86' title='bbox 203 1372 339 1426; x_wconf 78' lang='lat' dir='ltr'><strong>cavit</strong></span> <span class='ocrx_word' id='word_1_87' title='bbox 378 1369 631 1445; x_wconf 90' lang='lat' dir='ltr'><strong>impetui</strong></span> <span class='ocrx_word' id='word_1_88' title='bbox 676 1370 946 1427; x_wconf 84' lang='lat' dir='ltr'><strong>resistere</strong></span> <span class='ocrx_word' id='word_1_89' title='bbox 960 1416 973 1440; x_wconf 91' lang='lat'>,</span> <span class='ocrx_word' id='word_1_90' title='bbox 1024 1370 1235 1427; x_wconf 89' lang='lat' dir='ltr'><strong>maluit</strong></span> <span class='ocrx_word' id='word_1_91' title='bbox 1280 1368 1432 1427; x_wconf 89' lang='lat' dir='ltr'><strong>clam</strong></span> <span class='ocrx_word' id='word_1_92' title='bbox 1463 1387 1595 1425; x_wconf 88' lang='lat' dir='ltr'><strong>cum</strong></span> <span class='ocrx_word' id='word_1_93' title='bbox 1625 1370 1796 1426; x_wconf 89' lang='lat' dir='ltr'><strong>sociis</strong></span> <span class='ocrx_word' id='word_1_94' title='bbox 1826 1368 1891 1425; x_wconf 92' lang='lat' dir='ltr'><strong>in</strong></span> <span class='ocrx_word' id='word_1_95' title='bbox 1922 1367 2106 1425; x_wconf 90' lang='lat' dir='ltr'><strong>alium</strong></span> <span class='ocrx_word' id='word_1_96' title='bbox 2137 1366 2328 1425; x_wconf 89' lang='lat' dir='ltr'><strong>locum</strong></span> <span class='ocrx_word' id='word_1_97' title='bbox 2357 1387 2416 1424; x_wconf 89' lang='lat' dir='ltr'><strong>se</strong></span> <span class='ocrx_word' id='word_1_98' title='bbox 2447 1367 2662 1426; x_wconf 86' lang='lat' dir='ltr'><strong>subdu-</strong></span> 
     </span>
     <span class='ocr_line' id='line_1_10' title="bbox 204 1452 2664 1552; baseline 0 -23"><span class='ocrx_word' id='word_1_99' title='bbox 204 1490 331 1539; x_wconf 82' lang='lat' dir='ltr'><strong>cere;</strong></span> <span class='ocrx_word' id='word_1_100' title='bbox 382 1475 755 1552; x_wconf 81' lang='lat' dir='ltr'><strong>qua&#39;ratione</strong></span> <span class='ocrx_word' id='word_1_101' title='bbox 788 1474 1097 1531; x_wconf 89' lang='lat' dir='ltr'><strong>consilium</strong></span> <span class='ocrx_word' id='word_1_102' title='bbox 1150 1474 1525 1531; x_wconf 88' lang='lat' dir='ltr'><strong>factiosorum</strong></span> <span class='ocrx_word' id='word_1_103' title='bbox 1555 1474 1842 1531; x_wconf 88' lang='lat' dir='ltr'><strong>destituit.</strong></span> <span class='ocrx_word' id='word_1_104' title='bbox 1873 1452 2342 1529; x_wconf 36' lang='lat' dir='ltr'><strong>&#39;Tumultuantes</strong></span> <span class='ocrx_word' id='word_1_105' title='bbox 2393 1472 2430 1529; x_wconf 89' lang='lat' dir='ltr'><strong>J</strong></span> <span class='ocrx_word' id='word_1_106' title='bbox 2431 1491 2664 1529; x_wconf 85' lang='lat' dir='ltr'><strong>aeonem</strong></span> 
     </span>
     <span class='ocr_line' id='line_1_11' title="bbox 202 1574 2661 1655; baseline 0 -22"><span class='ocrx_word' id='word_1_107' title='bbox 202 1596 313 1634; x_wconf 86' lang='lat' dir='ltr'><strong>cum</strong></span> <span class='ocrx_word' id='word_1_108' title='bbox 354 1578 709 1655; x_wconf 88' lang='lat' dir='ltr'><strong>quibusdam</strong></span> <span class='ocrx_word' id='word_1_109' title='bbox 758 1576 1044 1635; x_wconf 83' lang='lat' dir='ltr'><strong>fratribus</strong></span> <span class='ocrx_word' id='word_1_110' title='bbox 1096 1578 1169 1634; x_wconf 88' lang='lat' dir='ltr'><strong>ad</strong></span> <span class='ocrx_word' id='word_1_111' title='bbox 1220 1579 1595 1651; x_wconf 80' lang='lat' dir='ltr'><strong>magistratus</strong></span> <span class='ocrx_word' id='word_1_112' title='bbox 1616 1574 1642 1615; x_wconf 75' lang='lat'><strong>⁶</strong></span> <span class='ocrx_word' id='word_1_113' title='bbox 1693 1578 2010 1635; x_wconf 89' lang='lat' dir='ltr'><strong>abductum</strong></span> <span class='ocrx_word' id='word_1_114' title='bbox 2060 1578 2322 1651; x_wconf 86' lang='lat' dir='ltr'><strong>graviter</strong></span> <span class='ocrx_word' id='word_1_115' title='bbox 2373 1580 2661 1647; x_wconf 88' lang='lat' dir='ltr'><strong>accusant,</strong></span> 
     </span>
     <span class='ocr_line' id='line_1_12' title="bbox 202 1680 2664 1760; baseline 0 -23"><span class='ocrx_word' id='word_1_116' title='bbox 202 1687 453 1760; x_wconf 77' lang='lat' dir='ltr'><strong>tanquam</strong></span> <span class='ocrx_word' id='word_1_117' title='bbox 486 1686 843 1758; x_wconf 84' lang='lat' dir='ltr'><strong>receptorem</strong></span> <span class='ocrx_word' id='word_1_118' title='bbox 871 1683 1177 1740; x_wconf 89' lang='lat' dir='ltr'><strong>hominum</strong></span> <span class='ocrx_word' id='word_1_119' title='bbox 1207 1684 1271 1739; x_wconf 90' lang='lat' dir='ltr'><strong>in</strong></span> <span class='ocrx_word' id='word_1_120' title='bbox 1302 1682 1562 1739; x_wconf 83' lang='lat' dir='ltr'><strong>Caesaris</strong></span> <span class='ocrx_word' id='word_1_121' title='bbox 1588 1682 1779 1739; x_wconf 90' lang='lat' dir='ltr'><strong>edicta</strong></span> <span class='ocrx_word' id='word_1_122' title='bbox 1800 1680 2250 1739; x_wconf 88' lang='lat' dir='ltr'><strong>contumacium.</strong></span> <span class='ocrx_word' id='word_1_123' title='bbox 2299 1680 2408 1738; x_wconf 90' lang='lat' dir='ltr'><strong>Sed</strong></span> <span class='ocrx_word' id='word_1_124' title='bbox 2442 1680 2664 1738; x_wconf 88' lang='lat' dir='ltr'><strong>iudices</strong></span> 
     </span>
     <span class='ocr_line' id='line_1_13' title="bbox 200 1784 2664 1864; baseline -0 -21"><span class='ocrx_word' id='word_1_125' title='bbox 200 1788 459 1843; x_wconf 81' lang='lat' dir='ltr'><strong>accusatis</strong></span> <span class='ocrx_word' id='word_1_126' title='bbox 480 1784 503 1823; x_wconf 87' lang='lat'>⁷</span> <span class='ocrx_word' id='word_1_127' title='bbox 554 1786 839 1861; x_wconf 88' lang='lat' dir='ltr'><strong>benignas</strong></span> <span class='ocrx_word' id='word_1_128' title='bbox 884 1787 1202 1861; x_wconf 89' lang='lat' dir='ltr'><strong>praebuere</strong></span> <span class='ocrx_word' id='word_1_129' title='bbox 1234 1806 1401 1845; x_wconf 86' lang='lat' dir='ltr'><strong>aures</strong></span> <span class='ocrx_word' id='word_1_130' title='bbox 1415 1831 1430 1856; x_wconf 93' lang='lat'>‚</span> <span class='ocrx_word' id='word_1_131' title='bbox 1480 1806 1687 1864; x_wconf 85' lang='lat' dir='ltr'><strong>eosque</strong></span> <span class='ocrx_word' id='word_1_132' title='bbox 1738 1786 1921 1843; x_wconf 88' lang='lat' dir='ltr'><strong>dilato</strong></span> <span class='ocrx_word' id='word_1_133' title='bbox 1973 1786 2218 1843; x_wconf 89' lang='lat' dir='ltr'><strong>erimine</strong></span> <span class='ocrx_word' id='word_1_134' title='bbox 2270 1786 2664 1863; x_wconf 84' lang='lat' dir='ltr'><strong>praestitaque</strong></span> 
     </span>
     <span class='ocr_line' id='line_1_14' title="bbox 199 1886 2664 1967; baseline 0 -21"><span class='ocrx_word' id='word_1_135' title='bbox 199 1892 443 1949; x_wconf 84' lang='lat' dir='ltr'><strong>cautione</strong></span> <span class='ocrx_word' id='word_1_136' title='bbox 475 1892 545 1948; x_wconf 89' lang='lat' dir='ltr'><strong>de</strong></span> <span class='ocrx_word' id='word_1_137' title='bbox 576 1891 945 1967; x_wconf 89' lang='lat' dir='ltr'><strong>producendo</strong></span> <span class='ocrx_word' id='word_1_138' title='bbox 975 1890 1159 1949; x_wconf 87' lang='lat' dir='ltr'><strong>Paulo</strong></span> <span class='ocrx_word' id='word_1_139' title='bbox 1180 1888 1204 1929; x_wconf 73' lang='lat'>⁸</span> <span class='ocrx_word' id='word_1_140' title='bbox 1233 1892 1601 1949; x_wconf 86' lang='lat' dir='ltr'><strong>dimiserunt.</strong></span> <span class='ocrx_word' id='word_1_141' title='bbox 1666 1889 1934 1948; x_wconf 87' lang='lat' dir='ltr'><strong>Asseclae</strong></span> <span class='ocrx_word' id='word_1_142' title='bbox 1964 1888 2138 1948; x_wconf 80' lang='lat' dir='ltr'><strong>Pauli</strong></span> <span class='ocrx_word' id='word_1_143' title='bbox 2162 1886 2188 1926; x_wconf 79' lang='lat'>9</span> <span class='ocrx_word' id='word_1_144' title='bbox 2217 1889 2372 1947; x_wconf 87' lang='lat' dir='ltr'><strong>nihil</strong></span> <span class='ocrx_word' id='word_1_145' title='bbox 2402 1889 2664 1948; x_wconf 88' lang='lat' dir='ltr'><strong>cunctati</strong></span> 
     </span>
     <span class='ocr_line' id='line_1_15' title="bbox 198 1992 2663 2071; baseline 0.001 -22"><span class='ocrx_word' id='word_1_146' title='bbox 198 2002 351 2053; x_wconf 87' lang='lat' dir='ltr'><strong>noctu</strong></span> <span class='ocrx_word' id='word_1_147' title='bbox 394 1996 589 2071; x_wconf 89' lang='lat' dir='ltr'><strong>ipsum</strong></span> <span class='ocrx_word' id='word_1_148' title='bbox 635 2002 695 2053; x_wconf 87' lang='lat' dir='ltr'><strong>et</strong></span> <span class='ocrx_word' id='word_1_149' title='bbox 738 1994 921 2053; x_wconf 88' lang='lat' dir='ltr'><strong>Silam</strong></span> <span class='ocrx_word' id='word_1_150' title='bbox 967 2016 1042 2053; x_wconf 87' lang='lat' dir='ltr'><strong>ex</strong></span> <span class='ocrx_word' id='word_1_151' title='bbox 1088 1998 1231 2053; x_wconf 90' lang='lat' dir='ltr'><strong>urbe</strong></span> <span class='ocrx_word' id='word_1_152' title='bbox 1262 1997 1597 2053; x_wconf 84' lang='lat' dir='ltr'><strong>eduxerunt</strong></span> <span class='ocrx_word' id='word_1_153' title='bbox 1618 1992 1685 2053; x_wconf 92' lang='lat'><strong>¹⁰.</strong></span> <span class='ocrx_word' id='word_1_154' title='bbox 1741 1994 2148 2052; x_wconf 87' lang='lat' dir='ltr'><strong>Thessalonica</strong></span> <span class='ocrx_word' id='word_1_155' title='bbox 2190 1995 2480 2069; x_wconf 86' lang='lat' dir='ltr'><strong>digressus</strong></span> <span class='ocrx_word' id='word_1_156' title='bbox 2524 2013 2663 2052; x_wconf 85' lang='lat' dir='ltr'><strong>mox</strong></span> 
     </span>
     <span class='ocr_line' id='line_1_16' title="bbox 196 2096 2665 2178; baseline 0 -23"><span class='ocrx_word' id='word_1_157' title='bbox 196 2102 343 2157; x_wconf 80' lang='lat' dir='ltr'><strong>venit</strong></span> <span class='ocrx_word' id='word_1_158' title='bbox 370 2100 674 2171; x_wconf 88' lang='lat' dir='ltr'><strong>Beroeam,</strong></span> <span class='ocrx_word' id='word_1_159' title='bbox 722 2119 871 2178; x_wconf 88' lang='lat' dir='ltr'><strong>quae</strong></span> <span class='ocrx_word' id='word_1_160' title='bbox 908 2102 1049 2159; x_wconf 91' lang='lat' dir='ltr'><strong>urbs</strong></span> <span class='ocrx_word' id='word_1_161' title='bbox 1090 2120 1207 2159; x_wconf 87' lang='lat' dir='ltr'><strong>non</strong></span> <span class='ocrx_word' id='word_1_162' title='bbox 1235 2120 1445 2175; x_wconf 87' lang='lat' dir='ltr'><strong>magno</strong></span> <span class='ocrx_word' id='word_1_163' title='bbox 1484 2099 1744 2159; x_wconf 88' lang='lat' dir='ltr'><strong>locorum</strong></span> <span class='ocrx_word' id='word_1_164' title='bbox 1790 2099 2110 2158; x_wconf 89' lang='lat' dir='ltr'><strong>intervallo</strong></span> <span class='ocrx_word' id='word_1_165' title='bbox 2133 2096 2178 2137; x_wconf 87' lang='lat'><strong>¹¹</strong></span> <span class='ocrx_word' id='word_1_166' title='bbox 2228 2101 2300 2157; x_wconf 92' lang='lat' dir='ltr'><strong>ab</strong></span> <span class='ocrx_word' id='word_1_167' title='bbox 2341 2118 2408 2156; x_wconf 91' lang='lat' dir='ltr'><strong>ea</strong></span> <span class='ocrx_word' id='word_1_168' title='bbox 2440 2103 2665 2157; x_wconf 88' lang='lat' dir='ltr'><strong>remota</strong></span> 
     </span>
     <span class='ocr_line' id='line_1_17' title="bbox 196 2203 2664 2283; baseline 0.001 -24"><span class='ocrx_word' id='word_1_169' title='bbox 196 2210 321 2275; x_wconf 83' lang='lat' dir='ltr'><strong>erat,</strong></span> <span class='ocrx_word' id='word_1_170' title='bbox 352 2205 553 2283; x_wconf 89' lang='lat' dir='ltr'><strong>ibique</strong></span> <span class='ocrx_word' id='word_1_171' title='bbox 584 2224 703 2263; x_wconf 90' lang='lat' dir='ltr'><strong>non</strong></span> <span class='ocrx_word' id='word_1_172' title='bbox 732 2207 1127 2281; x_wconf 88' lang='lat' dir='ltr'><strong>spernendum</strong></span> <span class='ocrx_word' id='word_1_173' title='bbox 1158 2205 1423 2263; x_wconf 89' lang='lat' dir='ltr'><strong>fidelium</strong></span> <span class='ocrx_word' id='word_1_174' title='bbox 1455 2224 1770 2263; x_wconf 88' lang='lat' dir='ltr'><strong>numerum</strong></span> <span class='ocrx_word' id='word_1_175' title='bbox 1800 2205 2132 2283; x_wconf 86' lang='lat' dir='ltr'><strong>aequisivit.</strong></span> <span class='ocrx_word' id='word_1_176' title='bbox 2165 2204 2410 2261; x_wconf 88' lang='lat' dir='ltr'><strong>Praeter</strong></span> <span class='ocrx_word' id='word_1_177' title='bbox 2439 2203 2664 2262; x_wconf 88' lang='lat' dir='ltr'><strong>nobiles</strong></span> 
     </span>
     <span class='ocr_line' id='line_1_18' title="bbox 195 2306 2662 2387; baseline 0 -23"><span class='ocrx_word' id='word_1_178' title='bbox 195 2312 334 2367; x_wconf 86' lang='lat' dir='ltr'><strong>enim</strong></span> <span class='ocrx_word' id='word_1_179' title='bbox 356 2309 575 2367; x_wconf 84' lang='lat' dir='ltr'><strong>multas</strong></span> <span class='ocrx_word' id='word_1_180' title='bbox 608 2309 915 2381; x_wconf 87' lang='lat' dir='ltr'><strong>foeminas,</strong></span> <span class='ocrx_word' id='word_1_181' title='bbox 948 2310 986 2367; x_wconf 89' lang='lat' dir='ltr'><strong>J</strong></span> <span class='ocrx_word' id='word_1_182' title='bbox 987 2311 1303 2368; x_wconf 89' lang='lat' dir='ltr'><strong>udaeorum</strong></span> <span class='ocrx_word' id='word_1_183' title='bbox 1329 2306 1378 2347; x_wconf 86' lang='lat'><strong>¹²</strong></span> <span class='ocrx_word' id='word_1_184' title='bbox 1406 2310 1674 2367; x_wconf 87' lang='lat' dir='ltr'><strong>virorum</strong></span> <span class='ocrx_word' id='word_1_185' title='bbox 1707 2328 1935 2387; x_wconf 86' lang='lat' dir='ltr'><strong>quoque</strong></span> <span class='ocrx_word' id='word_1_186' title='bbox 1965 2309 2192 2383; x_wconf 82' lang='lat' dir='ltr'><strong>ingenti</strong></span> <span class='ocrx_word' id='word_1_187' title='bbox 2224 2308 2433 2383; x_wconf 88' lang='lat' dir='ltr'><strong>plausu</strong></span> <span class='ocrx_word' id='word_1_188' title='bbox 2462 2308 2662 2365; x_wconf 87' lang='lat' dir='ltr'><strong>audie-</strong></span> 
     </span>
     <span class='ocr_line' id='line_1_19' title="bbox 196 2412 2662 2489; baseline 0 -20"><span class='ocrx_word' id='word_1_189' title='bbox 196 2412 355 2472; x_wconf 81' lang='lat' dir='ltr'><strong>batur</strong></span> <span class='ocrx_word' id='word_1_190' title='bbox 374 2412 441 2471; x_wconf 66' lang='grc'><strong>13.</strong></span> <span class='ocrx_word' id='word_1_191' title='bbox 482 2418 565 2472; x_wconf 82' lang='lat' dir='ltr'><strong>At</strong></span> <span class='ocrx_word' id='word_1_192' title='bbox 586 2434 729 2472; x_wconf 89' lang='lat' dir='ltr'><strong>vero</strong></span> <span class='ocrx_word' id='word_1_193' title='bbox 755 2413 792 2471; x_wconf 87' lang='lat' dir='ltr'><strong>J</strong></span> <span class='ocrx_word' id='word_1_194' title='bbox 792 2416 962 2472; x_wconf 88' lang='lat' dir='ltr'><strong>udaei</strong></span> <span class='ocrx_word' id='word_1_195' title='bbox 988 2414 1521 2472; x_wconf 84' lang='lat' dir='ltr'><strong>Thessalonicenses</strong></span> <span class='ocrx_word' id='word_1_196' title='bbox 1550 2415 1752 2485; x_wconf 88' lang='lat' dir='ltr'><strong>secuti,</strong></span> <span class='ocrx_word' id='word_1_197' title='bbox 1787 2412 1956 2489; x_wconf 90' lang='lat' dir='ltr'><strong>plebe</strong></span> <span class='ocrx_word' id='word_1_198' title='bbox 1979 2414 2170 2471; x_wconf 89' lang='lat' dir='ltr'><strong>denuo</strong></span> <span class='ocrx_word' id='word_1_199' title='bbox 2200 2413 2488 2471; x_wconf 85' lang='lat' dir='ltr'><strong>concitata</strong></span> <span class='ocrx_word' id='word_1_200' title='bbox 2509 2413 2662 2470; x_wconf 91' lang='lat' dir='ltr'><strong>Pau-</strong></span> 
     </span>
     <span class='ocr_line' id='line_1_20' title="bbox 195 2496 2666 2595; baseline 0.001 -24"><span class='ocrx_word' id='word_1_201' title='bbox 195 2515 305 2574; x_wconf 89' lang='lat' dir='ltr'><strong>lum</strong></span> <span class='ocrx_word' id='word_1_202' title='bbox 333 2496 624 2577; x_wconf 82' lang='lat' dir='ltr'><strong>discedere</strong></span> <span class='ocrx_word' id='word_1_203' title='bbox 655 2524 985 2593; x_wconf 88' lang='lat' dir='ltr'><strong>coegerunt.</strong></span> <span class='ocrx_word' id='word_1_204' title='bbox 1032 2519 1391 2577; x_wconf 85' lang='lat' dir='ltr'><strong>Necessitate</strong></span> <span class='ocrx_word' id='word_1_205' title='bbox 1434 2518 1764 2595; x_wconf 89' lang='lat' dir='ltr'><strong>compulsus</strong></span> <span class='ocrx_word' id='word_1_206' title='bbox 1795 2520 2001 2576; x_wconf 91' lang='lat' dir='ltr'><strong>urbem</strong></span> <span class='ocrx_word' id='word_1_207' title='bbox 2031 2517 2252 2575; x_wconf 78' lang='lat' dir='ltr'><strong>&#39;relictis</strong></span> <span class='ocrx_word' id='word_1_208' title='bbox 2292 2518 2509 2575; x_wconf 91' lang='lat' dir='ltr'><strong>ibidem</strong></span> <span class='ocrx_word' id='word_1_209' title='bbox 2539 2514 2666 2574; x_wconf 83' lang='lat' dir='ltr'><strong>Sila</strong></span> 
     </span>
     <span class='ocr_line' id='line_1_21' title="bbox 196 2617 1992 2701; baseline 0.003 -25"><span class='ocrx_word' id='word_1_210' title='bbox 196 2626 245 2677; x_wconf 84' lang='lat' dir='ltr'><strong>et</strong></span> <span class='ocrx_word' id='word_1_211' title='bbox 272 2620 569 2681; x_wconf 83' lang='lat' dir='ltr'><strong>Timotheo</strong></span> <span class='ocrx_word' id='word_1_212' title='bbox 598 2620 647 2660; x_wconf 80' lang='lat'><strong>¹⁴</strong></span> <span class='ocrx_word' id='word_1_213' title='bbox 677 2622 953 2694; x_wconf 85' lang='lat' dir='ltr'><strong>deseruit,</strong></span> <span class='ocrx_word' id='word_1_214' title='bbox 986 2628 1160 2701; x_wconf 83' lang='lat' dir='ltr'><strong>atque</strong></span> <span class='ocrx_word' id='word_1_215' title='bbox 1190 2624 1455 2681; x_wconf 84' lang='lat' dir='ltr'><strong>Athenas</strong></span> <span class='ocrx_word' id='word_1_216' title='bbox 1489 2624 1784 2701; x_wconf 87' lang='lat' dir='ltr'><strong>profectus</strong></span> <span class='ocrx_word' id='word_1_217' title='bbox 1814 2628 1902 2682; x_wconf 87' lang='lat' dir='ltr'><strong>est</strong></span> <span class='ocrx_word' id='word_1_218' title='bbox 1925 2617 1992 2681; x_wconf 80' lang='lat'><strong>¹5.</strong></span> 
     </span>
    </p>
   </div>
   <div class='ocr_carea' id='block_1_3' title="bbox 198 2794 593 2804">
    <p class='ocr_par' dir='ltr' id='par_1_3' title="bbox 198 2794 593 2804">
     <span class='ocr_line' id='line_1_22' title="bbox 198 2794 593 2804; baseline 0 2455"><span class='ocrx_word' id='word_1_219' title='bbox 198 2794 593 2804; x_wconf 95' lang='lat' dir='ltr'><strong> </strong></span> 
     </span>
    </p>
   </div>
   <div class='ocr_carea' id='block_1_4' title="bbox 190 2860 2672 4333">
    <p class='ocr_par' dir='ltr' id='par_1_4' title="bbox 190 2860 2672 4333">
     <span class='ocr_line' id='line_1_23' title="bbox 389 2860 2668 2949; baseline 0.001 -18"><span class='ocrx_word' id='word_1_220' title='bbox 389 2880 429 2939; x_wconf 74' lang='lat'><strong>¹)</strong></span> <span class='ocrx_word' id='word_1_221' title='bbox 470 2882 545 2931; x_wconf 85' lang='lat' dir='ltr'><strong>Et</strong></span> <span class='ocrx_word' id='word_1_222' title='bbox 583 2880 751 2931; x_wconf 84' lang='lat' dir='ltr'><strong>tribus</strong></span> <span class='ocrx_word' id='word_1_223' title='bbox 789 2881 975 2931; x_wconf 88' lang='lat' dir='ltr'><strong>ordine</strong></span> <span class='ocrx_word' id='word_1_224' title='bbox 1012 2860 1425 2933; x_wconf 77' lang='lat' dir='ltr'><strong>recurrentibus.</strong></span> <span class='ocrx_word' id='word_1_225' title='bbox 1494 2880 1534 2949; x_wconf 85' lang='lat'><strong>²)</strong></span> <span class='ocrx_word' id='word_1_226' title='bbox 1571 2881 1692 2932; x_wconf 86' lang='lat' dir='ltr'><strong>Non</strong></span> <span class='ocrx_word' id='word_1_227' title='bbox 1729 2883 1860 2933; x_wconf 88' lang='lat' dir='ltr'><strong>satis</strong></span> <span class='ocrx_word' id='word_1_228' title='bbox 1897 2882 2086 2933; x_wconf 87' lang='lat' dir='ltr'><strong>habuit</strong></span> <span class='ocrx_word' id='word_1_229' title='bbox 2118 2882 2410 2948; x_wconf 85' lang='lat' dir='ltr'><strong>Apostolus</strong></span> <span class='ocrx_word' id='word_1_230' title='bbox 2445 2882 2668 2933; x_wconf 86' lang='lat' dir='ltr'><strong>Judaeis</strong></span> 
     </span>
     <span class='ocr_line' id='line_1_24' title="bbox 194 2965 2670 3031; baseline 0.002 -17"><span class='ocrx_word' id='word_1_231' title='bbox 194 2965 341 3031; x_wconf 82' lang='lat' dir='ltr'><strong>loqui,</strong></span> <span class='ocrx_word' id='word_1_232' title='bbox 378 2984 563 3017; x_wconf 79' lang='lat' dir='ltr'><strong>verum</strong></span> <span class='ocrx_word' id='word_1_233' title='bbox 602 2967 765 3017; x_wconf 87' lang='lat' dir='ltr'><strong>etiam</strong></span> <span class='ocrx_word' id='word_1_234' title='bbox 802 2968 1027 3018; x_wconf 86' lang='lat' dir='ltr'><strong>ethnicis</strong></span> <span class='ocrx_word' id='word_1_235' title='bbox 1065 2968 1479 3019; x_wconf 81' lang='lat' dir='ltr'><strong>Thessalonicae</strong></span> <span class='ocrx_word' id='word_1_236' title='bbox 1516 2969 1706 3019; x_wconf 87' lang='lat' dir='ltr'><strong>incolis</strong></span> <span class='ocrx_word' id='word_1_237' title='bbox 1739 2968 2034 3019; x_wconf 83' lang='lat' dir='ltr'><strong>doctrinam</strong></span> <span class='ocrx_word' id='word_1_238' title='bbox 2073 2968 2264 3019; x_wconf 84' lang='lat' dir='ltr'><strong>Christi</strong></span> <span class='ocrx_word' id='word_1_239' title='bbox 2305 2971 2670 3019; x_wconf 82' lang='lat' dir='ltr'><strong>annunciavit.</strong></span> 
     </span>
     <span class='ocr_line' id='line_1_25' title="bbox 196 3049 2668 3122; baseline 0.001 -20"><span class='ocrx_word' id='word_1_240' title='bbox 196 3052 231 3115; x_wconf 78' lang='lat'><strong>³)</strong></span> <span class='ocrx_word' id='word_1_241' title='bbox 276 3052 351 3103; x_wconf 86' lang='lat' dir='ltr'><strong>cf.</strong></span> <span class='ocrx_word' id='word_1_242' title='bbox 394 3055 437 3104; x_wconf 91' lang='grc' dir='ltr'><strong>Ι.</strong></span> <span class='ocrx_word' id='word_1_243' title='bbox 480 3049 668 3105; x_wconf 84' lang='lat' dir='ltr'><strong>Thess.</strong></span> <span class='ocrx_word' id='word_1_244' title='bbox 711 3056 767 3117; x_wconf 91' lang='lat'><strong>1,</strong></span> <span class='ocrx_word' id='word_1_245' title='bbox 813 3056 859 3104; x_wconf 82' lang='lat'><strong>7.</strong></span> <span class='ocrx_word' id='word_1_246' title='bbox 898 3057 946 3104; x_wconf 86' lang='lat'><strong>9.</strong></span> <span class='ocrx_word' id='word_1_247' title='bbox 997 3058 1054 3118; x_wconf 81' lang='lat'><strong>2,</strong></span> <span class='ocrx_word' id='word_1_248' title='bbox 1097 3060 1142 3106; x_wconf 91' lang='lat' dir='ltr'><strong>l.</strong></span> <span class='ocrx_word' id='word_1_249' title='bbox 1183 3058 1263 3106; x_wconf 89' lang='grc'><strong>13.</strong></span> <span class='ocrx_word' id='word_1_250' title='bbox 1306 3057 1387 3105; x_wconf 88' lang='grc'><strong>16.</strong></span> <span class='ocrx_word' id='word_1_251' title='bbox 1434 3058 1493 3117; x_wconf 86' lang='grc'><strong>4,</strong></span> <span class='ocrx_word' id='word_1_252' title='bbox 1533 3056 1582 3105; x_wconf 84' lang='grc'><strong>5.</strong></span> <span class='ocrx_word' id='word_1_253' title='bbox 1630 3058 1710 3105; x_wconf 84' lang='grc'><strong>13.</strong></span> <span class='ocrx_word' id='word_1_254' title='bbox 1782 3057 1824 3119; x_wconf 79' lang='lat'><strong>⁴)</strong></span> <span class='ocrx_word' id='word_1_255' title='bbox 1871 3056 1978 3106; x_wconf 83' lang='lat' dir='ltr'><strong>Ubi</strong></span> <span class='ocrx_word' id='word_1_256' title='bbox 2028 3056 2230 3107; x_wconf 85' lang='lat' dir='ltr'><strong>Paulus</strong></span> <span class='ocrx_word' id='word_1_257' title='bbox 2280 3055 2668 3122; x_wconf 81' lang='lat' dir='ltr'><strong>hospitabatur.</strong></span> 
     </span>
     <span class='ocr_line' id='line_1_26' title="bbox 194 3138 2666 3213; baseline 0.002 -26"><span class='ocrx_word' id='word_1_258' title='bbox 194 3140 229 3199; x_wconf 80' lang='lat'><strong>⁵)</strong></span> <span class='ocrx_word' id='word_1_259' title='bbox 254 3140 603 3207; x_wconf 81' lang='lat' dir='ltr'><strong>Frequentius</strong></span> <span class='ocrx_word' id='word_1_260' title='bbox 627 3141 885 3191; x_wconf 87' lang='lat' dir='ltr'><strong>eiusmodi</strong></span> <span class='ocrx_word' id='word_1_261' title='bbox 924 3140 1211 3192; x_wconf 85' lang='lat' dir='ltr'><strong>seditiones</strong></span> <span class='ocrx_word' id='word_1_262' title='bbox 1243 3149 1509 3207; x_wconf 86' lang='lat' dir='ltr'><strong>expertus.</strong></span> <span class='ocrx_word' id='word_1_263' title='bbox 1570 3141 1611 3207; x_wconf 79' lang='lat'><strong>⁶)</strong></span> <span class='ocrx_word' id='word_1_264' title='bbox 1649 3141 1765 3192; x_wconf 86' lang='lat' dir='ltr'><strong>Act.</strong></span> <span class='ocrx_word' id='word_1_265' title='bbox 1795 3144 1876 3203; x_wconf 81' lang='lat'><strong>17,</strong></span> <span class='ocrx_word' id='word_1_266' title='bbox 1903 3144 1952 3213; x_wconf 76' lang='grc'><strong>6.</strong></span> <span class='ocrx_word' id='word_1_267' title='bbox 1990 3138 2104 3203; x_wconf 60' lang='lat' dir='ltr'><strong>„sni</strong></span> <span class='ocrx_word' id='word_1_268' title='bbox 2137 3139 2248 3201; x_wconf 66' lang='grc' dir='ltr'><strong>τοὺς</strong></span> <span class='ocrx_word' id='word_1_269' title='bbox 2284 3138 2666 3211; x_wconf 81' lang='grc' dir='ltr'>πολυτάρχας“;</span> 
     </span>
     <span class='ocr_line' id='line_1_27' title="bbox 195 3226 2668 3295; baseline 0.002 -22"><span class='ocrx_word' id='word_1_270' title='bbox 195 3241 363 3277; x_wconf 86' lang='lat' dir='ltr'><strong>eorum</strong></span> <span class='ocrx_word' id='word_1_271' title='bbox 398 3226 813 3292; x_wconf 85' lang='lat' dir='ltr'><strong>politarcharum</strong></span> <span class='ocrx_word' id='word_1_272' title='bbox 852 3243 1129 3277; x_wconf 86' lang='lat' dir='ltr'><strong>numerum</strong></span> <span class='ocrx_word' id='word_1_273' title='bbox 1165 3244 1273 3278; x_wconf 90' lang='lat' dir='ltr'><strong>non</strong></span> <span class='ocrx_word' id='word_1_274' title='bbox 1310 3230 1483 3293; x_wconf 89' lang='lat' dir='ltr'><strong>aperit</strong></span> <span class='ocrx_word' id='word_1_275' title='bbox 1519 3244 1559 3279; x_wconf 90' lang='lat' dir='ltr'><strong>s.</strong></span> <span class='ocrx_word' id='word_1_276' title='bbox 1586 3229 1782 3292; x_wconf 88' lang='lat' dir='ltr'><strong>Lucas,</strong></span> <span class='ocrx_word' id='word_1_277' title='bbox 1821 3228 1916 3279; x_wconf 89' lang='lat' dir='ltr'><strong>sed</strong></span> <span class='ocrx_word' id='word_1_278' title='bbox 1953 3245 2018 3278; x_wconf 84' lang='lat' dir='ltr'><strong>ex</strong></span> <span class='ocrx_word' id='word_1_279' title='bbox 2053 3230 2399 3295; x_wconf 84' lang='lat' dir='ltr'><strong>inscriptione</strong></span> <span class='ocrx_word' id='word_1_280' title='bbox 2437 3228 2668 3293; x_wconf 85' lang='lat' dir='ltr'><strong>quadam</strong></span> 
     </span>
     <span class='ocr_line' id='line_1_28' title="bbox 193 3312 2672 3381; baseline 0 -19"><span class='ocrx_word' id='word_1_281' title='bbox 193 3312 649 3363; x_wconf 83' lang='lat' dir='ltr'><strong>Thessalonicensi</strong></span> <span class='ocrx_word' id='word_1_282' title='bbox 686 3329 780 3364; x_wconf 83' lang='lat' dir='ltr'><strong>sex</strong></span> <span class='ocrx_word' id='word_1_283' title='bbox 830 3313 1048 3379; x_wconf 82' lang='lat' dir='ltr'><strong>collegit</strong></span> <span class='ocrx_word' id='word_1_284' title='bbox 1082 3314 1261 3375; x_wconf 87' lang='lat' dir='ltr'><strong>Tafel‚</strong></span> <span class='ocrx_word' id='word_1_285' title='bbox 1310 3314 1344 3365; x_wconf 91' lang='lat' dir='ltr'><strong>l.</strong></span> <span class='ocrx_word' id='word_1_286' title='bbox 1380 3332 1426 3364; x_wconf 89' lang='lat' dir='ltr'><strong>c.</strong></span> <span class='ocrx_word' id='word_1_287' title='bbox 1460 3315 1595 3380; x_wconf 86' lang='lat' dir='ltr'><strong>prol.</strong></span> <span class='ocrx_word' id='word_1_288' title='bbox 1632 3332 1685 3381; x_wconf 87' lang='lat' dir='ltr'><strong>p.</strong></span> <span class='ocrx_word' id='word_1_289' title='bbox 1720 3318 1803 3365; x_wconf 88' lang='grc'><strong>30.</strong></span> <span class='ocrx_word' id='word_1_290' title='bbox 1861 3316 2105 3365; x_wconf 88' lang='lat' dir='ltr'><strong>Accessit</strong></span> <span class='ocrx_word' id='word_1_291' title='bbox 2147 3320 2397 3381; x_wconf 86' lang='lat' dir='ltr'><strong>quaestor</strong></span> <span class='ocrx_word' id='word_1_292' title='bbox 2432 3315 2580 3365; x_wconf 87' lang='lat' dir='ltr'><strong>urbis</strong></span> <span class='ocrx_word' id='word_1_293' title='bbox 2617 3320 2672 3364; x_wconf 86' lang='lat' dir='ltr'><strong>et</strong></span> 
     </span>
     <span class='ocr_line' id='line_1_29' title="bbox 196 3400 2670 3467; baseline 0.002 -21"><span class='ocrx_word' id='word_1_294' title='bbox 196 3400 263 3447; x_wconf 84' lang='lat' dir='ltr'><strong>rei</strong></span> <span class='ocrx_word' id='word_1_295' title='bbox 306 3402 635 3465; x_wconf 79' lang='lat' dir='ltr'><strong>agonisticae</strong></span> <span class='ocrx_word' id='word_1_296' title='bbox 692 3416 927 3450; x_wconf 88' lang='lat' dir='ltr'><strong>summus</strong></span> <span class='ocrx_word' id='word_1_297' title='bbox 981 3415 1216 3466; x_wconf 83' lang='lat' dir='ltr'><strong>praeses.</strong></span> <span class='ocrx_word' id='word_1_298' title='bbox 1292 3401 1333 3467; x_wconf 82' lang='lat'><strong>⁷)</strong></span> <span class='ocrx_word' id='word_1_299' title='bbox 1380 3402 1513 3453; x_wconf 85' lang='lat' dir='ltr'><strong>Rem</strong></span> <span class='ocrx_word' id='word_1_300' title='bbox 1562 3403 1868 3452; x_wconf 86' lang='lat' dir='ltr'><strong>universam</strong></span> <span class='ocrx_word' id='word_1_301' title='bbox 1924 3403 2000 3451; x_wconf 87' lang='lat' dir='ltr'><strong>uti</strong></span> <span class='ocrx_word' id='word_1_302' title='bbox 2047 3407 2202 3467; x_wconf 86' lang='lat' dir='ltr'><strong>gesta</strong></span> <span class='ocrx_word' id='word_1_303' title='bbox 2247 3407 2385 3463; x_wconf 88' lang='lat' dir='ltr'><strong>erat,</strong></span> <span class='ocrx_word' id='word_1_304' title='bbox 2442 3401 2670 3451; x_wconf 85' lang='lat' dir='ltr'><strong>candide</strong></span> 
     </span>
     <span class='ocr_line' id='line_1_30' title="bbox 193 3485 2670 3554; baseline 0 -19"><span class='ocrx_word' id='word_1_305' title='bbox 193 3488 539 3537; x_wconf 80' lang='lat' dir='ltr'><strong>narrantibus.</strong></span> <span class='ocrx_word' id='word_1_306' title='bbox 614 3485 657 3552; x_wconf 74' lang='lat'><strong>¹³)</strong></span> <span class='ocrx_word' id='word_1_307' title='bbox 708 3486 766 3536; x_wconf 86' lang='lat' dir='ltr'><strong>Si</strong></span> <span class='ocrx_word' id='word_1_308' title='bbox 814 3502 900 3537; x_wconf 89' lang='lat' dir='ltr'><strong>res</strong></span> <span class='ocrx_word' id='word_1_309' title='bbox 946 3489 1257 3553; x_wconf 82' lang='lat' dir='ltr'><strong>postularet.</strong></span> <span class='ocrx_word' id='word_1_310' title='bbox 1331 3489 1371 3552; x_wconf 79' lang='lat'><strong>⁰)</strong></span> <span class='ocrx_word' id='word_1_311' title='bbox 1419 3489 1520 3549; x_wconf 69' lang='lat' dir='ltr'><strong>Qua·</strong></span> <span class='ocrx_word' id='word_1_312' title='bbox 1560 3488 1681 3539; x_wconf 89' lang='lat' dir='ltr'><strong>coll.</strong></span> <span class='ocrx_word' id='word_1_313' title='bbox 1720 3489 1762 3539; x_wconf 88' lang='grc' dir='ltr'><strong>Ι.</strong></span> <span class='ocrx_word' id='word_1_314' title='bbox 1803 3488 1987 3539; x_wconf 87' lang='lat' dir='ltr'><strong>Thess.</strong></span> <span class='ocrx_word' id='word_1_315' title='bbox 2023 3490 2080 3549; x_wconf 86' lang='lat'><strong>5,</strong></span> <span class='ocrx_word' id='word_1_316' title='bbox 2123 3490 2203 3539; x_wconf 81' lang='lat'><strong>12.</strong></span> <span class='ocrx_word' id='word_1_317' title='bbox 2245 3490 2324 3539; x_wconf 84' lang='lat'><strong>13.</strong></span> <span class='ocrx_word' id='word_1_318' title='bbox 2385 3488 2670 3554; x_wconf 83' lang='lat' dir='ltr'><strong>Evangelii</strong></span> 
     </span>
     <span class='ocr_line' id='line_1_31' title="bbox 196 3574 2669 3641; baseline 0.001 -19"><span class='ocrx_word' id='word_1_319' title='bbox 196 3588 493 3636; x_wconf 78' lang='lat' dir='ltr'><strong>praecones,</strong></span> <span class='ocrx_word' id='word_1_320' title='bbox 532 3578 587 3624; x_wconf 88' lang='lat' dir='ltr'><strong>et</strong></span> <span class='ocrx_word' id='word_1_321' title='bbox 609 3574 941 3625; x_wconf 87' lang='lat' dir='ltr'><strong>hierarchiae</strong></span> <span class='ocrx_word' id='word_1_322' title='bbox 979 3575 1217 3625; x_wconf 84' lang='lat' dir='ltr'><strong>diversos</strong></span> <span class='ocrx_word' id='word_1_323' title='bbox 1242 3576 1439 3640; x_wconf 86' lang='lat' dir='ltr'><strong>gradus</strong></span> <span class='ocrx_word' id='word_1_324' title='bbox 1476 3576 1748 3627; x_wconf 88' lang='lat' dir='ltr'><strong>ministros</strong></span> <span class='ocrx_word' id='word_1_325' title='bbox 1786 3576 2076 3625; x_wconf 88' lang='lat' dir='ltr'><strong>constituit.</strong></span> <span class='ocrx_word' id='word_1_326' title='bbox 2145 3574 2203 3641; x_wconf 90' lang='lat'><strong>¹⁰)</strong></span> <span class='ocrx_word' id='word_1_327' title='bbox 2229 3576 2344 3625; x_wconf 88' lang='lat' dir='ltr'><strong>Act.</strong></span> <span class='ocrx_word' id='word_1_328' title='bbox 2375 3575 2454 3638; x_wconf 84' lang='lat'><strong>17,</strong></span> <span class='ocrx_word' id='word_1_329' title='bbox 2485 3578 2669 3625; x_wconf 91' lang='lat'><strong>1—10.</strong></span> 
     </span>
     <span class='ocr_line' id='line_1_32' title="bbox 196 3660 2670 3727; baseline 0.001 -19"><span class='ocrx_word' id='word_1_330' title='bbox 196 3660 311 3709; x_wconf 87' lang='lat' dir='ltr'><strong>coll.</strong></span> <span class='ocrx_word' id='word_1_331' title='bbox 334 3660 380 3709; x_wconf 90' lang='grc' dir='ltr'><strong>Ι.</strong></span> <span class='ocrx_word' id='word_1_332' title='bbox 404 3660 587 3711; x_wconf 85' lang='lat' dir='ltr'><strong>Thess.</strong></span> <span class='ocrx_word' id='word_1_333' title='bbox 618 3664 664 3722; x_wconf 90' lang='lat'><strong>1,</strong></span> <span class='ocrx_word' id='word_1_334' title='bbox 693 3662 742 3711; x_wconf 77' lang='lat'><strong>6.</strong></span> <span class='ocrx_word' id='word_1_335' title='bbox 781 3663 828 3723; x_wconf 81' lang='lat'><strong>2,</strong></span> <span class='ocrx_word' id='word_1_336' title='bbox 857 3662 906 3711; x_wconf 78' lang='lat'><strong>2.</strong></span> <span class='ocrx_word' id='word_1_337' title='bbox 934 3663 1014 3712; x_wconf 89' lang='grc'><strong>16.</strong></span> <span class='ocrx_word' id='word_1_338' title='bbox 1093 3662 1154 3725; x_wconf 87' lang='lat'><strong>¹¹)</strong></span> <span class='ocrx_word' id='word_1_339' title='bbox 1192 3662 1396 3711; x_wconf 86' lang='lat' dir='ltr'><strong>Novem</strong></span> <span class='ocrx_word' id='word_1_340' title='bbox 1430 3660 1561 3712; x_wconf 86' lang='lat' dir='ltr'><strong>mill.</strong></span> <span class='ocrx_word' id='word_1_341' title='bbox 1598 3677 1761 3726; x_wconf 88' lang='lat' dir='ltr'><strong>germ.</strong></span> <span class='ocrx_word' id='word_1_342' title='bbox 1839 3661 1900 3726; x_wconf 82' lang='lat'><strong>¹²)</strong></span> <span class='ocrx_word' id='word_1_343' title='bbox 1937 3662 2041 3723; x_wconf 79' lang='lat' dir='ltr'><strong>Qui</strong></span> <span class='ocrx_word' id='word_1_344' title='bbox 2076 3662 2192 3711; x_wconf 86' lang='lat' dir='ltr'><strong>Act.</strong></span> <span class='ocrx_word' id='word_1_345' title='bbox 2222 3663 2302 3725; x_wconf 79' lang='lat'><strong>17,</strong></span> <span class='ocrx_word' id='word_1_346' title='bbox 2332 3665 2412 3711; x_wconf 89' lang='lat'><strong>11.</strong></span> <span class='ocrx_word' id='word_1_347' title='bbox 2449 3678 2670 3727; x_wconf 86' lang='lat' dir='ltr'><strong>genero-</strong></span> 
     </span>
     <span class='ocr_line' id='line_1_33' title="bbox 194 3746 2669 3813; baseline 0.002 -20"><span class='ocrx_word' id='word_1_348' title='bbox 194 3746 341 3796; x_wconf 79' lang='lat' dir='ltr'><strong>sioris</strong></span> <span class='ocrx_word' id='word_1_349' title='bbox 377 3747 566 3799; x_wconf 85' lang='lat' dir='ltr'><strong>indolis</strong></span> <span class='ocrx_word' id='word_1_350' title='bbox 613 3747 783 3797; x_wconf 85' lang='lat' dir='ltr'><strong>fuisse</strong></span> <span class='ocrx_word' id='word_1_351' title='bbox 833 3747 1095 3798; x_wconf 85' lang='lat' dir='ltr'><strong>dicuntur.</strong></span> <span class='ocrx_word' id='word_1_352' title='bbox 1174 3746 1232 3813; x_wconf 79' lang='lat'><strong>¹³)</strong></span> <span class='ocrx_word' id='word_1_353' title='bbox 1268 3748 1366 3798; x_wconf 86' lang='lat' dir='ltr'><strong>Isti</strong></span> <span class='ocrx_word' id='word_1_354' title='bbox 1402 3762 1595 3813; x_wconf 85' lang='lat' dir='ltr'><strong>magna</strong></span> <span class='ocrx_word' id='word_1_355' title='bbox 1632 3764 1752 3798; x_wconf 87' lang='lat' dir='ltr'><strong>cum</strong></span> <span class='ocrx_word' id='word_1_356' title='bbox 1790 3748 2068 3799; x_wconf 87' lang='lat' dir='ltr'><strong>alacritate</strong></span> <span class='ocrx_word' id='word_1_357' title='bbox 2107 3748 2498 3812; x_wconf 85' lang='lat' dir='ltr'><strong>Scripturarum</strong></span> <span class='ocrx_word' id='word_1_358' title='bbox 2534 3748 2669 3809; x_wconf 84' lang='lat' dir='ltr'><strong>loca,</strong></span> 
     </span>
     <span class='ocr_line' id='line_1_34' title="bbox 194 3833 2668 3895; baseline 0.001 -14"><span class='ocrx_word' id='word_1_359' title='bbox 194 3834 381 3895; x_wconf 86' lang='lat' dir='ltr'><strong>quibus</strong></span> <span class='ocrx_word' id='word_1_360' title='bbox 409 3834 607 3885; x_wconf 84' lang='lat' dir='ltr'><strong>Paulus</strong></span> <span class='ocrx_word' id='word_1_361' title='bbox 633 3850 764 3883; x_wconf 87' lang='lat' dir='ltr'><strong>usus</strong></span> <span class='ocrx_word' id='word_1_362' title='bbox 791 3840 888 3894; x_wconf 88' lang='lat' dir='ltr'><strong>est,</strong></span> <span class='ocrx_word' id='word_1_363' title='bbox 920 3833 1105 3884; x_wconf 85' lang='lat' dir='ltr'><strong>sedulo</strong></span> <span class='ocrx_word' id='word_1_364' title='bbox 1133 3834 1203 3883; x_wconf 89' lang='lat' dir='ltr'><strong>ad</strong></span> <span class='ocrx_word' id='word_1_365' title='bbox 1227 3849 1449 3884; x_wconf 84' lang='lat' dir='ltr'><strong>examen</strong></span> <span class='ocrx_word' id='word_1_366' title='bbox 1475 3840 1791 3885; x_wconf 87' lang='lat' dir='ltr'><strong>revocantes</strong></span> <span class='ocrx_word' id='word_1_367' title='bbox 1817 3834 1886 3885; x_wconf 90' lang='lat' dir='ltr'><strong>ad</strong></span> <span class='ocrx_word' id='word_1_368' title='bbox 1911 3834 2068 3885; x_wconf 85' lang='lat' dir='ltr'><strong>fidem</strong></span> <span class='ocrx_word' id='word_1_369' title='bbox 2095 3834 2291 3885; x_wconf 86' lang='lat' dir='ltr'><strong>Christi</strong></span> <span class='ocrx_word' id='word_1_370' title='bbox 2317 3834 2668 3885; x_wconf 88' lang='lat' dir='ltr'><strong>traduceban-</strong></span> 
     </span>
     <span class='ocr_line' id='line_1_35' title="bbox 193 3918 2668 3988; baseline 0.002 -23"><span class='ocrx_word' id='word_1_371' title='bbox 193 3924 287 3968; x_wconf 81' lang='lat' dir='ltr'><strong>tur.</strong></span> <span class='ocrx_word' id='word_1_372' title='bbox 364 3918 422 3985; x_wconf 87' lang='lat'><strong>¹⁴)</strong></span> <span class='ocrx_word' id='word_1_373' title='bbox 461 3919 545 3970; x_wconf 94' lang='lat' dir='ltr'><strong>Ob</strong></span> <span class='ocrx_word' id='word_1_374' title='bbox 584 3922 935 3970; x_wconf 87' lang='lat' dir='ltr'><strong>necessitates</strong></span> <span class='ocrx_word' id='word_1_375' title='bbox 970 3919 1253 3970; x_wconf 89' lang='lat' dir='ltr'><strong>Ecclesiae</strong></span> <span class='ocrx_word' id='word_1_376' title='bbox 1288 3919 1534 3988; x_wconf 81' lang='grc' dir='ltr'><strong>νεοφὺτου.</strong></span> <span class='ocrx_word' id='word_1_377' title='bbox 1603 3922 1664 3985; x_wconf 75' lang='lat'><strong>¹5)</strong></span> <span class='ocrx_word' id='word_1_378' title='bbox 1703 3922 1768 3971; x_wconf 90' lang='lat' dir='ltr'><strong>In</strong></span> <span class='ocrx_word' id='word_1_379' title='bbox 1800 3920 1902 3971; x_wconf 89' lang='lat' dir='ltr'><strong>hoc</strong></span> <span class='ocrx_word' id='word_1_380' title='bbox 1937 3924 2144 3983; x_wconf 88' lang='lat' dir='ltr'><strong>itinere,</strong></span> <span class='ocrx_word' id='word_1_381' title='bbox 2183 3920 2325 3987; x_wconf 88' lang='lat' dir='ltr'><strong>quod</strong></span> <span class='ocrx_word' id='word_1_382' title='bbox 2363 3920 2668 3986; x_wconf 80' lang='lat' dir='ltr'><strong>navigando</strong></span> 
     </span>
     <span class='ocr_line' id='line_1_36' title="bbox 194 4006 2668 4073; baseline 0.001 -20"><span class='ocrx_word' id='word_1_383' title='bbox 194 4006 521 4057; x_wconf 83' lang='lat' dir='ltr'><strong>confecturus</strong></span> <span class='ocrx_word' id='word_1_384' title='bbox 561 4012 731 4068; x_wconf 86' lang='lat' dir='ltr'><strong>esset,</strong></span> <span class='ocrx_word' id='word_1_385' title='bbox 781 4022 845 4054; x_wconf 83' lang='lat' dir='ltr'><strong>ex</strong></span> <span class='ocrx_word' id='word_1_386' title='bbox 882 4007 1064 4056; x_wconf 88' lang='lat' dir='ltr'><strong>amicis</strong></span> <span class='ocrx_word' id='word_1_387' title='bbox 1110 4022 1151 4056; x_wconf 90' lang='lat' dir='ltr'><strong>s.</strong></span> <span class='ocrx_word' id='word_1_388' title='bbox 1184 4007 1413 4057; x_wconf 85' lang='lat' dir='ltr'><strong>Paulum</strong></span> <span class='ocrx_word' id='word_1_389' title='bbox 1461 4007 1702 4058; x_wconf 86' lang='lat' dir='ltr'><strong>nonnulli</strong></span> <span class='ocrx_word' id='word_1_390' title='bbox 1753 4008 2144 4058; x_wconf 85' lang='lat' dir='ltr'><strong>comitabantur</strong></span> <span class='ocrx_word' id='word_1_391' title='bbox 2187 4023 2359 4073; x_wconf 86' lang='lat' dir='ltr'><strong>usque</strong></span> <span class='ocrx_word' id='word_1_392' title='bbox 2402 4006 2470 4056; x_wconf 86' lang='lat' dir='ltr'><strong>ad</strong></span> <span class='ocrx_word' id='word_1_393' title='bbox 2506 4021 2668 4056; x_wconf 87' lang='lat' dir='ltr'><strong>mare.</strong></span> 
     </span>
     <span class='ocr_line' id='line_1_37' title="bbox 190 4092 2669 4159; baseline 0.001 -20"><span class='ocrx_word' id='word_1_394' title='bbox 190 4092 303 4141; x_wconf 82' lang='lat' dir='ltr'><strong>Act.</strong></span> <span class='ocrx_word' id='word_1_395' title='bbox 340 4094 429 4153; x_wconf 76' lang='lat'><strong>17,</strong></span> <span class='ocrx_word' id='word_1_396' title='bbox 468 4096 547 4143; x_wconf 78' lang='lat'><strong>12.</strong></span> <span class='ocrx_word' id='word_1_397' title='bbox 604 4093 843 4143; x_wconf 80' lang='lat' dir='ltr'><strong>Perfecit</strong></span> <span class='ocrx_word' id='word_1_398' title='bbox 878 4095 925 4143; x_wconf 88' lang='lat'><strong>5.</strong></span> <span class='ocrx_word' id='word_1_399' title='bbox 968 4093 1095 4142; x_wconf 90' lang='lat' dir='ltr'><strong>mill.</strong></span> <span class='ocrx_word' id='word_1_400' title='bbox 1134 4110 1295 4159; x_wconf 85' lang='lat' dir='ltr'><strong>germ.</strong></span> <span class='ocrx_word' id='word_1_401' title='bbox 1354 4093 1717 4144; x_wconf 83' lang='lat' dir='ltr'><strong>Meditabatur</strong></span> <span class='ocrx_word' id='word_1_402' title='bbox 1762 4096 1863 4143; x_wconf 88' lang='lat' dir='ltr'><strong>iter</strong></span> <span class='ocrx_word' id='word_1_403' title='bbox 1909 4095 2245 4157; x_wconf 85' lang='lat' dir='ltr'><strong>Corinthum,</strong></span> <span class='ocrx_word' id='word_1_404' title='bbox 2295 4096 2446 4143; x_wconf 87' lang='lat' dir='ltr'><strong>cuius</strong></span> <span class='ocrx_word' id='word_1_405' title='bbox 2491 4098 2669 4143; x_wconf 89' lang='lat' dir='ltr'><strong>tamen</strong></span> 
     </span>
     <span class='ocr_line' id='line_1_38' title="bbox 190 4178 2669 4246; baseline 0.002 -21"><span class='ocrx_word' id='word_1_406' title='bbox 190 4178 390 4229; x_wconf 84' lang='lat' dir='ltr'><strong>itineris</strong></span> <span class='ocrx_word' id='word_1_407' title='bbox 424 4183 639 4231; x_wconf 86' lang='lat' dir='ltr'><strong>comites</strong></span> <span class='ocrx_word' id='word_1_408' title='bbox 680 4178 847 4229; x_wconf 87' lang='lat' dir='ltr'><strong>Silam</strong></span> <span class='ocrx_word' id='word_1_409' title='bbox 884 4185 936 4229; x_wconf 91' lang='lat' dir='ltr'><strong>et</strong></span> <span class='ocrx_word' id='word_1_410' title='bbox 971 4180 1307 4231; x_wconf 86' lang='lat' dir='ltr'><strong>Timotheum</strong></span> <span class='ocrx_word' id='word_1_411' title='bbox 1344 4182 1597 4246; x_wconf 87' lang='lat' dir='ltr'><strong>cupiebat</strong></span> <span class='ocrx_word' id='word_1_412' title='bbox 1634 4198 1779 4245; x_wconf 81' lang='lat' dir='ltr'><strong>esse3</strong></span> <span class='ocrx_word' id='word_1_413' title='bbox 1819 4185 1872 4231; x_wconf 91' lang='lat' dir='ltr'><strong>et</strong></span> <span class='ocrx_word' id='word_1_414' title='bbox 1906 4180 2027 4231; x_wconf 89' lang='lat' dir='ltr'><strong>ideo</strong></span> <span class='ocrx_word' id='word_1_415' title='bbox 2055 4183 2104 4230; x_wconf 91' lang='lat' dir='ltr'><strong>ei</strong></span> <span class='ocrx_word' id='word_1_416' title='bbox 2129 4181 2274 4246; x_wconf 83' lang='lat' dir='ltr'><strong>apud</strong></span> <span class='ocrx_word' id='word_1_417' title='bbox 2298 4179 2669 4243; x_wconf 85' lang='lat' dir='ltr'><strong>Athenienses,</strong></span> 
     </span>
     <span class='ocr_line' id='line_1_39' title="bbox 194 4266 2672 4333; baseline 0.002 -20"><span class='ocrx_word' id='word_1_418' title='bbox 194 4281 323 4329; x_wconf 85' lang='lat' dir='ltr'><strong>quos</strong></span> <span class='ocrx_word' id='word_1_419' title='bbox 360 4282 595 4317; x_wconf 86' lang='lat' dir='ltr'><strong>sermone</strong></span> <span class='ocrx_word' id='word_1_420' title='bbox 632 4267 893 4333; x_wconf 84' lang='lat' dir='ltr'><strong>gratiae</strong></span> <span class='ocrx_word' id='word_1_421' title='bbox 932 4266 1140 4316; x_wconf 86' lang='lat' dir='ltr'><strong>erudire</strong></span> <span class='ocrx_word' id='word_1_422' title='bbox 1186 4268 1399 4317; x_wconf 90' lang='lat' dir='ltr'><strong>minime</strong></span> <span class='ocrx_word' id='word_1_423' title='bbox 1436 4267 1611 4318; x_wconf 83' lang='lat' dir='ltr'><strong>fuerat</strong></span> <span class='ocrx_word' id='word_1_424' title='bbox 1647 4268 1798 4318; x_wconf 91' lang='lat' dir='ltr'><strong>initio</strong></span> <span class='ocrx_word' id='word_1_425' title='bbox 1845 4268 2199 4333; x_wconf 86' lang='lat' dir='ltr'><strong>propositum,</strong></span> <span class='ocrx_word' id='word_1_426' title='bbox 2247 4268 2508 4333; x_wconf 82' lang='lat' dir='ltr'><strong>tantisper</strong></span> <span class='ocrx_word' id='word_1_427' title='bbox 2553 4273 2672 4317; x_wconf 80' lang='lat' dir='ltr'><strong>erat</strong></span> 
     </span>
    </p>
   </div>
   <div class='ocr_carea' id='block_1_5' title="bbox 194 4353 627 4404">
    <p class='ocr_par' dir='ltr' id='par_1_5' title="bbox 194 4353 627 4404">
     <span class='ocr_line' id='line_1_40' title="bbox 194 4353 627 4404; baseline 0.012 -5"><span class='ocrx_word' id='word_1_428' title='bbox 194 4353 627 4404; x_wconf 80' lang='lat' dir='ltr'><strong>commorandum.</strong></span> 
     </span>
    </p>
   </div>
  </div>
 </body>
</html>
