<?xml version="1.0" encoding="UTF-8"?>
<!DOCTYPE html PUBLIC "-//W3C//DTD XHTML 1.0 Transitional//EN"
    "http://www.w3.org/TR/xhtml1/DTD/xhtml1-transitional.dtd">
<html xmlns="http://www.w3.org/1999/xhtml" xml:lang="en" lang="en">
 <head>
  <title>
</title>
<meta http-equiv="Content-Type" content="text/html;charset=utf-8" />
  <meta name='ocr-system' content='tesseract 3.04.00' />
  <meta name='ocr-capabilities' content='ocr_page ocr_carea ocr_par ocr_line ocrx_word'/>
</head>
<body>
  <div class='ocr_page' id='page_1' title='image "./historiarevelat00unkngoog_0083.png"; bbox 0 0 3267 5259; ppageno 0'>
   <div class='ocr_carea' id='block_1_1' title="bbox 1169 389 2753 456">
    <p class='ocr_par' dir='ltr' id='par_1_1' title="bbox 1169 389 2753 456">
     <span class='ocr_line' id='line_1_1' title="bbox 1169 389 2753 456; baseline -0.006 -10"><span class='ocrx_word' id='word_1_1' title='bbox 1169 404 1402 456; x_wconf 77' lang='lat' dir='ltr'><strong>Prophetis</strong></span> <span class='ocrx_word' id='word_1_2' title='bbox 1430 404 1626 446; x_wconf 80' lang='lat' dir='ltr'><strong>Danielis</strong></span> <span class='ocrx_word' id='word_1_3' title='bbox 1654 408 1695 450; x_wconf 81' lang='lat'><strong>9.</strong></span> <span class='ocrx_word' id='word_1_4' title='bbox 1724 408 1790 446; x_wconf 77' lang='lat'><strong>20.</strong></span> <span class='ocrx_word' id='word_1_5' title='bbox 1818 417 1857 446; x_wconf 88' lang='lat' dir='ltr'><strong>s.</strong></span> <span class='ocrx_word' id='word_1_6' title='bbox 2550 389 2753 439; x_wconf 86' lang='lat' dir='ltr'>LXVII</span> 
     </span>
    </p>
   </div>
   <div class='ocr_carea' id='block_1_2' title="bbox 217 563 2752 647">
    <p class='ocr_par' dir='ltr' id='par_1_2' title="bbox 217 563 2752 647">
     <span class='ocr_line' id='line_1_2' title="bbox 217 563 2752 647; baseline 0.003 -31"><span class='ocrx_word' id='word_1_7' title='bbox 217 563 390 616; x_wconf 78' lang='lat' dir='ltr'><strong>facilis</strong></span> <span class='ocrx_word' id='word_1_8' title='bbox 426 573 514 618; x_wconf 76' lang='lat' dir='ltr'><strong>est</strong></span> <span class='ocrx_word' id='word_1_9' title='bbox 549 571 902 623; x_wconf 75' lang='lat' dir='ltr'><strong>confutatio.</strong></span> <span class='ocrx_word' id='word_1_10' title='bbox 977 575 1192 625; x_wconf 83' lang='lat' dir='ltr'><strong>Etenim</strong></span> <span class='ocrx_word' id='word_1_11' title='bbox 1229 592 1273 624; x_wconf 83' lang='grc' dir='ltr'><strong>α.</strong></span> <span class='ocrx_word' id='word_1_12' title='bbox 1311 590 1576 641; x_wconf 77' lang='lat' dir='ltr'><strong>nusquam</strong></span> <span class='ocrx_word' id='word_1_13' title='bbox 1611 576 1668 624; x_wconf 91' lang='lat' dir='ltr'><strong>in</strong></span> <span class='ocrx_word' id='word_1_14' title='bbox 1707 573 1759 624; x_wconf 84' lang='lat' dir='ltr'><strong>S.</strong></span> <span class='ocrx_word' id='word_1_15' title='bbox 1798 573 1851 624; x_wconf 82' lang='lat' dir='ltr'><strong>S.</strong></span> <span class='ocrx_word' id='word_1_16' title='bbox 1892 575 2126 647; x_wconf 44' lang='lat' dir='ltr'><strong>„n&#39;zpqvgffi</strong></span> <span class='ocrx_word' id='word_1_17' title='bbox 2163 576 2293 639; x_wconf 89' lang='lat' dir='ltr'><strong>poni</strong></span> <span class='ocrx_word' id='word_1_18' title='bbox 2328 591 2423 639; x_wconf 91' lang='lat' dir='ltr'><strong>pro</strong></span> <span class='ocrx_word' id='word_1_19' title='bbox 2450 575 2752 639; x_wconf 81' lang='lat' dir='ltr'><strong>septenario</strong></span> 
     </span>
    </p>
   </div>
   <div class='ocr_carea' id='block_1_3' title="bbox 219 663 2755 1526">
    <p class='ocr_par' dir='ltr' id='par_1_3' title="bbox 219 663 2755 1526">
     <span class='ocr_line' id='line_1_3' title="bbox 223 663 2753 736; baseline 0.003 -25"><span class='ocrx_word' id='word_1_20' title='bbox 223 663 312 714; x_wconf 80' lang='lat' dir='ltr'><strong>vel</strong></span> <span class='ocrx_word' id='word_1_21' title='bbox 349 663 777 730; x_wconf 83' lang='lat' dir='ltr'><strong>decenniomm,</strong></span> <span class='ocrx_word' id='word_1_22' title='bbox 819 670 912 719; x_wconf 82' lang='lat' dir='ltr'><strong>vel</strong></span> <span class='ocrx_word' id='word_1_23' title='bbox 951 670 1348 733; x_wconf 86' lang='lat' dir='ltr'><strong>Jubilaeorum,</strong></span> <span class='ocrx_word' id='word_1_24' title='bbox 1396 669 1484 720; x_wconf 87' lang='lat' dir='ltr'><strong>vel</strong></span> <span class='ocrx_word' id='word_1_25' title='bbox 1523 671 1882 720; x_wconf 86' lang='lat' dir='ltr'><strong>centuriarum</strong></span> <span class='ocrx_word' id='word_1_26' title='bbox 1922 670 2197 736; x_wconf 87' lang='lat' dir='ltr'><strong>reperitur.</strong></span> <span class='ocrx_word' id='word_1_27' title='bbox 2271 666 2315 734; x_wconf 84' lang='grc' dir='ltr'><strong>β.</strong></span> <span class='ocrx_word' id='word_1_28' title='bbox 2364 667 2421 716; x_wconf 87' lang='lat' dir='ltr'><strong>Si</strong></span> <span class='ocrx_word' id='word_1_29' title='bbox 2459 669 2533 718; x_wconf 86' lang='lat' dir='ltr'><strong>ita</strong></span> <span class='ocrx_word' id='word_1_30' title='bbox 2569 673 2629 718; x_wconf 89' lang='lat' dir='ltr'><strong>ut</strong></span> <span class='ocrx_word' id='word_1_31' title='bbox 2664 671 2753 720; x_wconf 87' lang='lat' dir='ltr'><strong>isti</strong></span> 
     </span>
     <span class='ocr_line' id='line_1_4' title="bbox 232 754 2751 825; baseline 0.001 -23"><span class='ocrx_word' id='word_1_32' title='bbox 232 759 620 818; x_wconf 82' lang='lat' dir='ltr'><strong>exposuerunt,</strong></span> <span class='ocrx_word' id='word_1_33' title='bbox 659 762 975 807; x_wconf 85' lang='lat' dir='ltr'><strong>sumeretur</strong></span> <span class='ocrx_word' id='word_1_34' title='bbox 1011 754 1245 825; x_wconf 73' lang='grc' dir='ltr'><strong>’ἔβδομαςς</strong></span> <span class='ocrx_word' id='word_1_35' title='bbox 1283 757 1518 806; x_wconf 87' lang='lat' dir='ltr'><strong>nondum</strong></span> <span class='ocrx_word' id='word_1_36' title='bbox 1555 757 1795 822; x_wconf 83' lang='lat' dir='ltr'><strong>profecto</strong></span> <span class='ocrx_word' id='word_1_37' title='bbox 1834 761 2041 822; x_wconf 89' lang='lat' dir='ltr'><strong>tempus</strong></span> <span class='ocrx_word' id='word_1_38' title='bbox 2076 755 2211 805; x_wconf 89' lang='lat' dir='ltr'><strong>illud</strong></span> <span class='ocrx_word' id='word_1_39' title='bbox 2249 761 2493 805; x_wconf 89' lang='lat' dir='ltr'><strong>exactum</strong></span> <span class='ocrx_word' id='word_1_40' title='bbox 2530 760 2585 805; x_wconf 89' lang='lat' dir='ltr'><strong>et</strong></span> <span class='ocrx_word' id='word_1_41' title='bbox 2611 771 2751 806; x_wconf 91' lang='lat' dir='ltr'><strong>com-</strong></span> 
     </span>
     <span class='ocr_line' id='line_1_5' title="bbox 229 840 2751 910; baseline 0.001 -21"><span class='ocrx_word' id='word_1_42' title='bbox 229 840 442 905; x_wconf 78' lang='lat' dir='ltr'><strong>pletum</strong></span> <span class='ocrx_word' id='word_1_43' title='bbox 477 848 639 892; x_wconf 84' lang='lat' dir='ltr'><strong>esset.</strong></span> <span class='ocrx_word' id='word_1_44' title='bbox 687 842 766 892; x_wconf 76' lang='lat' dir='ltr'><strong>At</strong></span> <span class='ocrx_word' id='word_1_45' title='bbox 785 859 924 894; x_wconf 84' lang='lat' dir='ltr'><strong>vero</strong></span> <span class='ocrx_word' id='word_1_46' title='bbox 949 844 1056 893; x_wconf 87' lang='lat' dir='ltr'><strong>iam</strong></span> <span class='ocrx_word' id='word_1_47' title='bbox 1080 844 1282 910; x_wconf 85' lang='lat' dir='ltr'><strong>pridem</strong></span> <span class='ocrx_word' id='word_1_48' title='bbox 1315 843 1496 894; x_wconf 86' lang='lat' dir='ltr'><strong>finitas</strong></span> <span class='ocrx_word' id='word_1_49' title='bbox 1525 860 1643 894; x_wconf 86' lang='lat' dir='ltr'><strong>esse</strong></span> <span class='ocrx_word' id='word_1_50' title='bbox 1673 843 2035 892; x_wconf 89' lang='lat' dir='ltr'><strong>hebdomades</strong></span> <span class='ocrx_word' id='word_1_51' title='bbox 2059 842 2303 892; x_wconf 81' lang='lat' dir='ltr'><strong>Danielis</strong></span> <span class='ocrx_word' id='word_1_52' title='bbox 2329 859 2393 892; x_wconf 84' lang='lat' dir='ltr'><strong>ex</strong></span> <span class='ocrx_word' id='word_1_53' title='bbox 2418 843 2543 892; x_wconf 89' lang='lat' dir='ltr'><strong>inde</strong></span> <span class='ocrx_word' id='word_1_54' title='bbox 2574 848 2751 908; x_wconf 88' lang='lat' dir='ltr'><strong>patet:</strong></span> 
     </span>
     <span class='ocr_line' id='line_1_6' title="bbox 229 928 2753 996; baseline 0 -19"><span class='ocrx_word' id='word_1_55' title='bbox 229 928 390 992; x_wconf 90' lang='lat' dir='ltr'><strong>quod</strong></span> <span class='ocrx_word' id='word_1_56' title='bbox 427 931 540 978; x_wconf 82' lang='lat' dir='ltr'><strong>iam</strong></span> <span class='ocrx_word' id='word_1_57' title='bbox 586 932 926 980; x_wconf 69' lang='lat' dir='ltr'><strong>cessaverint</strong></span> <span class='ocrx_word' id='word_1_58' title='bbox 959 930 1054 980; x_wconf 85' lang='lat' dir='ltr'><strong>illa</strong></span> <span class='ocrx_word' id='word_1_59' title='bbox 1100 932 1304 993; x_wconf 89' lang='lat' dir='ltr'><strong>omnia,</strong></span> <span class='ocrx_word' id='word_1_60' title='bbox 1357 946 1496 996; x_wconf 87' lang='lat' dir='ltr'><strong>quae</strong></span> <span class='ocrx_word' id='word_1_61' title='bbox 1535 930 1754 980; x_wconf 84' lang='lat' dir='ltr'><strong>Gabriel</strong></span> <span class='ocrx_word' id='word_1_62' title='bbox 1789 931 1845 979; x_wconf 90' lang='lat' dir='ltr'><strong>in</strong></span> <span class='ocrx_word' id='word_1_63' title='bbox 1887 930 1970 978; x_wconf 86' lang='lat' dir='ltr'><strong>his</strong></span> <span class='ocrx_word' id='word_1_64' title='bbox 2012 929 2437 980; x_wconf 86' lang='lat' dir='ltr'><strong>hebdomadibus</strong></span> <span class='ocrx_word' id='word_1_65' title='bbox 2476 935 2753 979; x_wconf 79' lang='lat' dir='ltr'><strong>cessatura</strong></span> 
     </span>
     <span class='ocr_line' id='line_1_7' title="bbox 225 1015 2750 1084; baseline 0 -20"><span class='ocrx_word' id='word_1_66' title='bbox 225 1016 536 1080; x_wconf 74' lang='lat' dir='ltr'><strong>praedixit..</strong></span> <span class='ocrx_word' id='word_1_67' title='bbox 613 1015 974 1083; x_wconf 76' lang='lat' dir='ltr'><strong>Septuaginta</strong></span> <span class='ocrx_word' id='word_1_68' title='bbox 1019 1019 1350 1084; x_wconf 75' lang='lat' dir='ltr'><strong>septimanae</strong></span> <span class='ocrx_word' id='word_1_69' title='bbox 1399 1017 1753 1068; x_wconf 85' lang='lat' dir='ltr'><strong>iubilaeorum</strong></span> <span class='ocrx_word' id='word_1_70' title='bbox 1800 1017 1887 1066; x_wconf 90' lang='lat' dir='ltr'><strong>vel</strong></span> <span class='ocrx_word' id='word_1_71' title='bbox 1936 1016 2298 1078; x_wconf 85' lang='lat' dir='ltr'><strong>saeculorum,</strong></span> <span class='ocrx_word' id='word_1_72' title='bbox 2351 1031 2485 1081; x_wconf 85' lang='lat' dir='ltr'><strong>quas</strong></span> <span class='ocrx_word' id='word_1_73' title='bbox 2534 1015 2750 1066; x_wconf 85' lang='lat' dir='ltr'><strong>Judaici</strong></span> 
     </span>
     <span class='ocr_line' id='line_1_8' title="bbox 225 1101 2752 1169; baseline 0 -18"><span class='ocrx_word' id='word_1_74' title='bbox 225 1101 460 1167; x_wconf 73' lang='lat' dir='ltr'><strong>fingunt</strong></span> <span class='ocrx_word' id='word_1_75' title='bbox 497 1105 654 1153; x_wconf 86' lang='lat' dir='ltr'><strong>nimis</strong></span> <span class='ocrx_word' id='word_1_76' title='bbox 690 1110 820 1154; x_wconf 90' lang='lat' dir='ltr'><strong>sunt</strong></span> <span class='ocrx_word' id='word_1_77' title='bbox 855 1111 1142 1169; x_wconf 75' lang='lat' dir='ltr'><strong>extensa03</strong></span> <span class='ocrx_word' id='word_1_78' title='bbox 1180 1107 1286 1156; x_wconf 89' lang='lat' dir='ltr'><strong>imo</strong></span> <span class='ocrx_word' id='word_1_79' title='bbox 1322 1105 1577 1154; x_wconf 90' lang='lat' dir='ltr'><strong>modico</strong></span> <span class='ocrx_word' id='word_1_80' title='bbox 1613 1104 1721 1153; x_wconf 89' lang='lat' dir='ltr'><strong>illi</strong></span> <span class='ocrx_word' id='word_1_81' title='bbox 1758 1105 1964 1168; x_wconf 84' lang='lat' dir='ltr'><strong>Aggaei</strong></span> <span class='ocrx_word' id='word_1_82' title='bbox 2000 1106 2049 1165; x_wconf 82' lang='lat'><strong>2,</strong></span> <span class='ocrx_word' id='word_1_83' title='bbox 2090 1105 2136 1153; x_wconf 83' lang='grc'><strong>7.</strong></span> <span class='ocrx_word' id='word_1_84' title='bbox 2175 1117 2391 1168; x_wconf 85' lang='lat' dir='ltr'><strong>prorsus</strong></span> <span class='ocrx_word' id='word_1_85' title='bbox 2431 1103 2589 1153; x_wconf 89' lang='lat' dir='ltr'><strong>etiam</strong></span> <span class='ocrx_word' id='word_1_86' title='bbox 2628 1118 2752 1152; x_wconf 88' lang='lat' dir='ltr'><strong>con-</strong></span> 
     </span>
     <span class='ocr_line' id='line_1_9' title="bbox 223 1188 2752 1260; baseline -0 -21"><span class='ocrx_word' id='word_1_87' title='bbox 223 1191 468 1240; x_wconf 81' lang='lat' dir='ltr'><strong>trariae.</strong></span> <span class='ocrx_word' id='word_1_88' title='bbox 519 1191 711 1241; x_wconf 86' lang='lat' dir='ltr'><strong>Restat</strong></span> <span class='ocrx_word' id='word_1_89' title='bbox 744 1193 911 1257; x_wconf 83' lang='lat' dir='ltr'><strong>igitur</strong></span> <span class='ocrx_word' id='word_1_90' title='bbox 943 1210 992 1260; x_wconf 82' lang='grc' dir='ltr'><strong>γ.</strong></span> <span class='ocrx_word' id='word_1_91' title='bbox 1030 1197 1090 1242; x_wconf 88' lang='lat' dir='ltr'><strong>ut</strong></span> <span class='ocrx_word' id='word_1_92' title='bbox 1123 1192 1220 1242; x_wconf 88' lang='lat' dir='ltr'><strong>has</strong></span> <span class='ocrx_word' id='word_1_93' title='bbox 1257 1191 1620 1242; x_wconf 75' lang='lat' dir='ltr'><strong>hebdomades</strong></span> <span class='ocrx_word' id='word_1_94' title='bbox 1657 1191 1745 1241; x_wconf 90' lang='lat' dir='ltr'><strong>vel</strong></span> <span class='ocrx_word' id='word_1_95' title='bbox 1781 1190 2054 1253; x_wconf 88' lang='lat' dir='ltr'><strong>dierum,</strong></span> <span class='ocrx_word' id='word_1_96' title='bbox 2092 1190 2179 1239; x_wconf 88' lang='lat' dir='ltr'><strong>vel</strong></span> <span class='ocrx_word' id='word_1_97' title='bbox 2217 1205 2561 1252; x_wconf 88' lang='lat' dir='ltr'><strong>annorum,</strong></span> <span class='ocrx_word' id='word_1_98' title='bbox 2598 1188 2752 1239; x_wconf 89' lang='lat' dir='ltr'><strong>intel-</strong></span> 
     </span>
     <span class='ocr_line' id='line_1_10' title="bbox 221 1276 2755 1343; baseline 0 -17"><span class='ocrx_word' id='word_1_99' title='bbox 221 1277 332 1342; x_wconf 77' lang='lat' dir='ltr'><strong>ligi</strong></span> <span class='ocrx_word' id='word_1_100' title='bbox 395 1293 630 1328; x_wconf 86' lang='lat' dir='ltr'><strong>necesse</strong></span> <span class='ocrx_word' id='word_1_101' title='bbox 685 1280 784 1343; x_wconf 66' lang='lat' dir='ltr'><strong>sit,</strong></span> <span class='ocrx_word' id='word_1_102' title='bbox 845 1295 966 1329; x_wconf 91' lang='lat' dir='ltr'><strong>cum</strong></span> <span class='ocrx_word' id='word_1_103' title='bbox 1023 1279 1204 1330; x_wconf 82' lang='lat' dir='ltr'><strong>Codex</strong></span> <span class='ocrx_word' id='word_1_104' title='bbox 1259 1278 1424 1330; x_wconf 83' lang='lat' dir='ltr'><strong>Sacer</strong></span> <span class='ocrx_word' id='word_1_105' title='bbox 1477 1279 1612 1328; x_wconf 87' lang='lat' dir='ltr'><strong>haec</strong></span> <span class='ocrx_word' id='word_1_106' title='bbox 1674 1277 1779 1328; x_wconf 87' lang='lat' dir='ltr'><strong>duo</strong></span> <span class='ocrx_word' id='word_1_107' title='bbox 1838 1283 2047 1328; x_wconf 90' lang='lat' dir='ltr'><strong>tantum</strong></span> <span class='ocrx_word' id='word_1_108' title='bbox 2106 1276 2497 1327; x_wconf 86' lang='lat' dir='ltr'><strong>hebdomadum</strong></span> <span class='ocrx_word' id='word_1_109' title='bbox 2557 1291 2755 1342; x_wconf 87' lang='lat' dir='ltr'><strong>genera</strong></span> 
     </span>
     <span class='ocr_line' id='line_1_11' title="bbox 221 1365 2753 1432; baseline -0.001 -18"><span class='ocrx_word' id='word_1_110' title='bbox 221 1371 540 1430; x_wconf 80' lang='lat' dir='ltr'><strong>agnoscat.</strong></span> <span class='ocrx_word' id='word_1_111' title='bbox 615 1365 892 1417; x_wconf 85' lang='lat' dir='ltr'><strong>Habemus</strong></span> <span class='ocrx_word' id='word_1_112' title='bbox 953 1367 1135 1432; x_wconf 86' lang='lat' dir='ltr'><strong>itaque</strong></span> <span class='ocrx_word' id='word_1_113' title='bbox 1193 1367 1247 1416; x_wconf 90' lang='lat' dir='ltr'><strong>in</strong></span> <span class='ocrx_word' id='word_1_114' title='bbox 1309 1367 1616 1417; x_wconf 78' lang='lat' dir='ltr'><strong>narratione</strong></span> <span class='ocrx_word' id='word_1_115' title='bbox 1677 1365 1914 1430; x_wconf 81' lang='lat' dir='ltr'><strong>generali</strong></span> <span class='ocrx_word' id='word_1_116' title='bbox 1974 1365 2227 1429; x_wconf 88' lang='lat' dir='ltr'><strong>temporis</strong></span> <span class='ocrx_word' id='word_1_117' title='bbox 2288 1365 2547 1429; x_wconf 88' lang='lat' dir='ltr'><strong>speciem,</strong></span> <span class='ocrx_word' id='word_1_118' title='bbox 2614 1377 2753 1429; x_wconf 90' lang='lat' dir='ltr'><strong>quae</strong></span> 
     </span>
     <span class='ocr_line' id='line_1_12' title="bbox 219 1450 2752 1526; baseline -0.002 -24"><span class='ocrx_word' id='word_1_119' title='bbox 219 1458 322 1502; x_wconf 75' lang='lat' dir='ltr'><strong>est</strong></span> <span class='ocrx_word' id='word_1_120' title='bbox 369 1455 563 1526; x_wconf 54' lang='lat' dir='ltr'><strong>„12:235st</strong></span> <span class='ocrx_word' id='word_1_121' title='bbox 627 1453 748 1503; x_wconf 86' lang='lat' dir='ltr'><strong>Hoc</strong></span> <span class='ocrx_word' id='word_1_122' title='bbox 783 1453 1052 1504; x_wconf 85' lang='lat' dir='ltr'><strong>vocabulo</strong></span> <span class='ocrx_word' id='word_1_123' title='bbox 1090 1453 1402 1518; x_wconf 85' lang='lat' dir='ltr'><strong>designatur</strong></span> <span class='ocrx_word' id='word_1_124' title='bbox 1437 1453 1667 1520; x_wconf 82' lang='lat' dir='ltr'><strong>spatium</strong></span> <span class='ocrx_word' id='word_1_125' title='bbox 1706 1456 1908 1517; x_wconf 82' lang='lat' dir='ltr'><strong>septem</strong></span> <span class='ocrx_word' id='word_1_126' title='bbox 1945 1452 2167 1513; x_wconf 85' lang='lat' dir='ltr'><strong>dierum,</strong></span> <span class='ocrx_word' id='word_1_127' title='bbox 2208 1451 2351 1516; x_wconf 90' lang='lat' dir='ltr'><strong>quod</strong></span> <span class='ocrx_word' id='word_1_128' title='bbox 2388 1450 2511 1500; x_wconf 91' lang='lat' dir='ltr'><strong>inde</strong></span> <span class='ocrx_word' id='word_1_129' title='bbox 2536 1464 2571 1499; x_wconf 88' lang='lat' dir='ltr'><strong>a</strong></span> <span class='ocrx_word' id='word_1_130' title='bbox 2608 1464 2752 1499; x_wconf 86' lang='lat' dir='ltr'><strong>crea-</strong></span> 
     </span>
    </p>
   </div>
   <div class='ocr_carea' id='block_1_4' title="bbox 215 1545 2753 2575">
    <p class='ocr_par' dir='ltr' id='par_1_4' title="bbox 215 1545 2753 2575">
     <span class='ocr_line' id='line_1_13' title="bbox 215 1545 2749 1614; baseline -0 -19"><span class='ocrx_word' id='word_1_131' title='bbox 215 1549 414 1598; x_wconf 82' lang='lat' dir='ltr'><strong>tionis</strong></span> <span class='ocrx_word' id='word_1_132' title='bbox 463 1564 630 1614; x_wconf 84' lang='lat' dir='ltr'><strong>opere</strong></span> <span class='ocrx_word' id='word_1_133' title='bbox 675 1550 815 1598; x_wconf 86' lang='lat' dir='ltr'><strong>inter</strong></span> <span class='ocrx_word' id='word_1_134' title='bbox 849 1549 1088 1599; x_wconf 84' lang='lat' dir='ltr'><strong>homines</strong></span> <span class='ocrx_word' id='word_1_135' title='bbox 1127 1549 1467 1599; x_wconf 85' lang='lat' dir='ltr'><strong>observatum</strong></span> <span class='ocrx_word' id='word_1_136' title='bbox 1505 1564 1616 1599; x_wconf 87' lang='lat' dir='ltr'><strong>non</strong></span> <span class='ocrx_word' id='word_1_137' title='bbox 1652 1549 1765 1598; x_wconf 83' lang='lat' dir='ltr'><strong>sine</strong></span> <span class='ocrx_word' id='word_1_138' title='bbox 1804 1561 1969 1598; x_wconf 83' lang='lat' dir='ltr'><strong>eausa</strong></span> <span class='ocrx_word' id='word_1_139' title='bbox 2016 1547 2295 1598; x_wconf 88' lang='lat' dir='ltr'><strong>credimus.</strong></span> <span class='ocrx_word' id='word_1_140' title='bbox 2358 1545 2437 1595; x_wconf 84' lang='lat' dir='ltr'><strong>cf.</strong></span> <span class='ocrx_word' id='word_1_141' title='bbox 2476 1546 2545 1595; x_wconf 82' lang='lat' dir='ltr'><strong>H.</strong></span> <span class='ocrx_word' id='word_1_142' title='bbox 2583 1546 2645 1596; x_wconf 82' lang='lat' dir='ltr'><strong>R.</strong></span> <span class='ocrx_word' id='word_1_143' title='bbox 2682 1545 2749 1594; x_wconf 90' lang='lat' dir='ltr'><strong>D.</strong></span> 
     </span>
     <span class='ocr_line' id='line_1_14' title="bbox 215 1632 2751 1701; baseline 0 -19"><span class='ocrx_word' id='word_1_144' title='bbox 215 1636 296 1684; x_wconf 81' lang='lat' dir='ltr'><strong>V.</strong></span> <span class='ocrx_word' id='word_1_145' title='bbox 329 1635 406 1685; x_wconf 87' lang='lat' dir='ltr'><strong>T.</strong></span> <span class='ocrx_word' id='word_1_146' title='bbox 445 1652 502 1700; x_wconf 89' lang='lat' dir='ltr'><strong>p.</strong></span> <span class='ocrx_word' id='word_1_147' title='bbox 532 1638 649 1685; x_wconf 79' lang='lat'><strong>144.</strong></span> <span class='ocrx_word' id='word_1_148' title='bbox 699 1634 874 1701; x_wconf 86' lang='lat' dir='ltr'><strong>Atque</strong></span> <span class='ocrx_word' id='word_1_149' title='bbox 899 1635 1202 1686; x_wconf 88' lang='lat' dir='ltr'><strong>huiusmodi</strong></span> <span class='ocrx_word' id='word_1_150' title='bbox 1227 1637 1558 1701; x_wconf 75' lang='lat' dir='ltr'><strong>septimanae</strong></span> <span class='ocrx_word' id='word_1_151' title='bbox 1595 1635 1845 1701; x_wconf 88' lang='lat' dir='ltr'><strong>propriae</strong></span> <span class='ocrx_word' id='word_1_152' title='bbox 1883 1633 2059 1684; x_wconf 85' lang='lat' dir='ltr'><strong>dictae</strong></span> <span class='ocrx_word' id='word_1_153' title='bbox 2084 1632 2143 1684; x_wconf 88' lang='lat' dir='ltr'><strong>fit</strong></span> <span class='ocrx_word' id='word_1_154' title='bbox 2166 1634 2364 1683; x_wconf 88' lang='lat' dir='ltr'><strong>mentio</strong></span> <span class='ocrx_word' id='word_1_155' title='bbox 2389 1633 2530 1682; x_wconf 88' lang='lat' dir='ltr'><strong>Dan.</strong></span> <span class='ocrx_word' id='word_1_156' title='bbox 2561 1635 2641 1695; x_wconf 88' lang='grc'><strong>10,</strong></span> <span class='ocrx_word' id='word_1_157' title='bbox 2669 1635 2751 1682; x_wconf 79' lang='lat'><strong>23.</strong></span> 
     </span>
     <span class='ocr_line' id='line_1_15' title="bbox 219 1719 2751 1787; baseline -0.001 -17"><span class='ocrx_word' id='word_1_158' title='bbox 219 1721 468 1770; x_wconf 80' lang='lat' dir='ltr'><strong>Deinde</strong></span> <span class='ocrx_word' id='word_1_159' title='bbox 509 1721 668 1771; x_wconf 84' lang='lat' dir='ltr'><strong>datur</strong></span> <span class='ocrx_word' id='word_1_160' title='bbox 704 1724 864 1772; x_wconf 85' lang='lat' dir='ltr'><strong>etiam</strong></span> <span class='ocrx_word' id='word_1_161' title='bbox 899 1722 1208 1785; x_wconf 89' lang='lat' dir='ltr'><strong>hebdomas,</strong></span> <span class='ocrx_word' id='word_1_162' title='bbox 1245 1723 1394 1772; x_wconf 84' lang='lat' dir='ltr'><strong>velut</strong></span> <span class='ocrx_word' id='word_1_163' title='bbox 1429 1721 1777 1787; x_wconf 80' lang='lat' dir='ltr'><strong>Raymundus</strong></span> <span class='ocrx_word' id='word_1_164' title='bbox 1814 1722 2046 1783; x_wconf 89' lang='lat' dir='ltr'><strong>Martini,</strong></span> <span class='ocrx_word' id='word_1_165' title='bbox 2088 1722 2142 1770; x_wconf 90' lang='lat' dir='ltr'><strong>in</strong></span> <span class='ocrx_word' id='word_1_166' title='bbox 2177 1722 2411 1786; x_wconf 80' lang='lat' dir='ltr'><strong>pugione</strong></span> <span class='ocrx_word' id='word_1_167' title='bbox 2446 1719 2571 1769; x_wconf 84' lang='lat' dir='ltr'><strong>fidei</strong></span> <span class='ocrx_word' id='word_1_168' title='bbox 2608 1721 2677 1782; x_wconf 90' lang='grc' dir='ltr'><strong>Π,</strong></span> <span class='ocrx_word' id='word_1_169' title='bbox 2704 1723 2751 1769; x_wconf 85' lang='grc'><strong>3.</strong></span> 
     </span>
     <span class='ocr_line' id='line_1_16' title="bbox 217 1806 2750 1875; baseline -0.001 -17"><span class='ocrx_word' id='word_1_170' title='bbox 217 1825 282 1874; x_wconf 84' lang='lat' dir='ltr'><strong>p.</strong></span> <span class='ocrx_word' id='word_1_171' title='bbox 331 1811 466 1858; x_wconf 72' lang='lat'><strong>271.</strong></span> <span class='ocrx_word' id='word_1_172' title='bbox 506 1808 772 1874; x_wconf 88' lang='lat' dir='ltr'><strong>loquitur:</strong></span> <span class='ocrx_word' id='word_1_173' title='bbox 816 1815 1098 1874; x_wconf 87' lang='lat' dir='ltr'><strong>septena</strong></span> <span class='ocrx_word' id='word_1_174' title='bbox 1134 1824 1450 1860; x_wconf 87' lang='lat' dir='ltr'><strong>annorum</strong></span> <span class='ocrx_word' id='word_1_175' title='bbox 1489 1815 1753 1875; x_wconf 78' lang='lat' dir='ltr'><strong>septem.</strong></span> <span class='ocrx_word' id='word_1_176' title='bbox 1802 1809 1935 1858; x_wconf 81' lang='lat' dir='ltr'><strong>Lev.</strong></span> <span class='ocrx_word' id='word_1_177' title='bbox 1973 1810 2056 1870; x_wconf 80' lang='lat'><strong>25,</strong></span> <span class='ocrx_word' id='word_1_178' title='bbox 2096 1809 2144 1856; x_wconf 90' lang='lat'><strong>8.</strong></span> <span class='ocrx_word' id='word_1_179' title='bbox 2208 1807 2313 1857; x_wconf 85' lang='lat' dir='ltr'><strong>Sed</strong></span> <span class='ocrx_word' id='word_1_180' title='bbox 2348 1806 2513 1857; x_wconf 86' lang='lat' dir='ltr'><strong>LXX.</strong></span> <span class='ocrx_word' id='word_1_181' title='bbox 2551 1807 2750 1856; x_wconf 86' lang='lat' dir='ltr'><strong>hebdo-</strong></span> 
     </span>
     <span class='ocr_line' id='line_1_17' title="bbox 215 1894 2751 1961; baseline 0 -17"><span class='ocrx_word' id='word_1_182' title='bbox 215 1894 436 1944; x_wconf 77' lang='lat' dir='ltr'><strong>mades</strong></span> <span class='ocrx_word' id='word_1_183' title='bbox 479 1895 706 1959; x_wconf 87' lang='lat' dir='ltr'><strong>dierum,</strong></span> <span class='ocrx_word' id='word_1_184' title='bbox 745 1911 886 1961; x_wconf 89' lang='lat' dir='ltr'><strong>quae</strong></span> <span class='ocrx_word' id='word_1_185' title='bbox 922 1913 1086 1946; x_wconf 88' lang='lat' dir='ltr'><strong>unum</strong></span> <span class='ocrx_word' id='word_1_186' title='bbox 1123 1897 1456 1947; x_wconf 85' lang='lat' dir='ltr'><strong>constituunt</strong></span> <span class='ocrx_word' id='word_1_187' title='bbox 1490 1911 1706 1958; x_wconf 89' lang='lat' dir='ltr'><strong>annum,</strong></span> <span class='ocrx_word' id='word_1_188' title='bbox 1744 1895 1981 1945; x_wconf 87' lang='lat' dir='ltr'><strong>nondum</strong></span> <span class='ocrx_word' id='word_1_189' title='bbox 2012 1911 2133 1944; x_wconf 89' lang='lat' dir='ltr'><strong>cum</strong></span> <span class='ocrx_word' id='word_1_190' title='bbox 2172 1894 2389 1944; x_wconf 89' lang='lat' dir='ltr'><strong>dimidio</strong></span> <span class='ocrx_word' id='word_1_191' title='bbox 2427 1897 2557 1956; x_wconf 86' lang='lat' dir='ltr'><strong>tote,</strong></span> <span class='ocrx_word' id='word_1_192' title='bbox 2597 1894 2751 1944; x_wconf 89' lang='lat' dir='ltr'><strong>nimis</strong></span> 
     </span>
     <span class='ocr_line' id='line_1_18' title="bbox 219 1985 2751 2049; baseline 0 -19"><span class='ocrx_word' id='word_1_193' title='bbox 219 1988 376 2031; x_wconf 75' lang='lat' dir='ltr'><strong>sunt</strong></span> <span class='ocrx_word' id='word_1_194' title='bbox 413 1987 714 2048; x_wconf 82' lang='lat' dir='ltr'><strong>augustae,</strong></span> <span class='ocrx_word' id='word_1_195' title='bbox 754 1991 1078 2049; x_wconf 85' lang='lat' dir='ltr'><strong>quapropter</strong></span> <span class='ocrx_word' id='word_1_196' title='bbox 1113 1987 1476 2034; x_wconf 82' lang='lat' dir='ltr'><strong>remanent</strong></span> <span class='ocrx_word' id='word_1_197' title='bbox 1511 1985 1945 2049; x_wconf 79' lang='lat' dir='ltr'><strong>septimanae</strong></span> <span class='ocrx_word' id='word_1_198' title='bbox 1983 1997 2341 2046; x_wconf 88' lang='lat' dir='ltr'><strong>annorum,</strong></span> <span class='ocrx_word' id='word_1_199' title='bbox 2393 1996 2567 2046; x_wconf 87' lang='lat' dir='ltr'><strong>quae</strong></span> <span class='ocrx_word' id='word_1_200' title='bbox 2604 1996 2751 2031; x_wconf 89' lang='lat' dir='ltr'><strong>con-</strong></span> 
     </span>
     <span class='ocr_line' id='line_1_19' title="bbox 219 2069 2749 2136; baseline -0 -18"><span class='ocrx_word' id='word_1_201' title='bbox 219 2071 506 2119; x_wconf 81' lang='lat' dir='ltr'><strong>ficiunt</strong></span> <span class='ocrx_word' id='word_1_202' title='bbox 538 2071 659 2120; x_wconf 84' lang='lat'><strong>490.</strong></span> <span class='ocrx_word' id='word_1_203' title='bbox 699 2084 906 2121; x_wconf 84' lang='lat' dir='ltr'><strong>annos</strong></span> <span class='ocrx_word' id='word_1_204' title='bbox 945 2086 1184 2136; x_wconf 87' lang='lat' dir='ltr'><strong>eosque</strong></span> <span class='ocrx_word' id='word_1_205' title='bbox 1221 2070 1390 2121; x_wconf 90' lang='lat' dir='ltr'><strong>haud</strong></span> <span class='ocrx_word' id='word_1_206' title='bbox 1429 2071 1626 2120; x_wconf 87' lang='lat' dir='ltr'><strong>dubie</strong></span> <span class='ocrx_word' id='word_1_207' title='bbox 1664 2069 1935 2121; x_wconf 86' lang='lat' dir='ltr'><strong>solares.</strong></span> <span class='ocrx_word' id='word_1_208' title='bbox 1997 2071 2127 2120; x_wconf 84' lang='lat' dir='ltr'><strong>Post</strong></span> <span class='ocrx_word' id='word_1_209' title='bbox 2162 2085 2435 2119; x_wconf 87' lang='lat' dir='ltr'><strong>numerum</strong></span> <span class='ocrx_word' id='word_1_210' title='bbox 2460 2069 2749 2118; x_wconf 89' lang='lat' dir='ltr'><strong>indicatum</strong></span> 
     </span>
     <span class='ocr_line' id='line_1_20' title="bbox 219 2155 2753 2222; baseline -0.001 -16"><span class='ocrx_word' id='word_1_211' title='bbox 219 2157 494 2222; x_wconf 78' lang='lat' dir='ltr'><strong>Angelus</strong></span> <span class='ocrx_word' id='word_1_212' title='bbox 529 2156 746 2206; x_wconf 79' lang='lat' dir='ltr'><strong>Danieli</strong></span> <span class='ocrx_word' id='word_1_213' title='bbox 783 2156 1066 2222; x_wconf 84' lang='lat' dir='ltr'><strong>significat,</strong></span> <span class='ocrx_word' id='word_1_214' title='bbox 1107 2172 1246 2222; x_wconf 89' lang='lat' dir='ltr'><strong>quae</strong></span> <span class='ocrx_word' id='word_1_215' title='bbox 1283 2163 1544 2208; x_wconf 87' lang='lat' dir='ltr'><strong>eventura</strong></span> <span class='ocrx_word' id='word_1_216' title='bbox 1579 2164 1738 2208; x_wconf 87' lang='lat' dir='ltr'><strong>erunt</strong></span> <span class='ocrx_word' id='word_1_217' title='bbox 1770 2159 1827 2208; x_wconf 91' lang='lat' dir='ltr'><strong>in</strong></span> <span class='ocrx_word' id='word_1_218' title='bbox 1862 2158 1945 2208; x_wconf 85' lang='lat' dir='ltr'><strong>his</strong></span> <span class='ocrx_word' id='word_1_219' title='bbox 1980 2157 2129 2206; x_wconf 82' lang='lat' dir='ltr'><strong>Lxx</strong></span> <span class='ocrx_word' id='word_1_220' title='bbox 2184 2155 2637 2219; x_wconf 84' lang='lat' dir='ltr'><strong>hebdomadibus3</strong></span> <span class='ocrx_word' id='word_1_221' title='bbox 2687 2169 2753 2204; x_wconf 86' lang='lat' dir='ltr'><strong>ea</strong></span> 
     </span>
     <span class='ocr_line' id='line_1_21' title="bbox 223 2240 2749 2310; baseline -0.001 -18"><span class='ocrx_word' id='word_1_222' title='bbox 223 2245 548 2309; x_wconf 78' lang='lat' dir='ltr'><strong>praecipue</strong></span> <span class='ocrx_word' id='word_1_223' title='bbox 585 2244 656 2293; x_wconf 83' lang='lat' dir='ltr'><strong>ad</strong></span> <span class='ocrx_word' id='word_1_224' title='bbox 701 2243 956 2309; x_wconf 88' lang='lat' dir='ltr'><strong>populum</strong></span> <span class='ocrx_word' id='word_1_225' title='bbox 993 2245 1362 2296; x_wconf 83' lang='lat' dir='ltr'><strong>Hebraeorum</strong></span> <span class='ocrx_word' id='word_1_226' title='bbox 1413 2247 1696 2310; x_wconf 87' lang='lat' dir='ltr'><strong>pertinere.</strong></span> <span class='ocrx_word' id='word_1_227' title='bbox 1758 2243 2009 2294; x_wconf 84' lang='lat' dir='ltr'><strong>Ceterum</strong></span> <span class='ocrx_word' id='word_1_228' title='bbox 2045 2249 2107 2293; x_wconf 89' lang='lat' dir='ltr'><strong>ut</strong></span> <span class='ocrx_word' id='word_1_229' title='bbox 2140 2242 2343 2293; x_wconf 87' lang='lat' dir='ltr'><strong>nullam</strong></span> <span class='ocrx_word' id='word_1_230' title='bbox 2380 2240 2749 2292; x_wconf 81' lang='lat' dir='ltr'><strong>difficultatem</strong></span> 
     </span>
     <span class='ocr_line' id='line_1_22' title="bbox 225 2327 2749 2397; baseline -0.001 -19"><span class='ocrx_word' id='word_1_231' title='bbox 225 2331 466 2380; x_wconf 78' lang='lat' dir='ltr'><strong>silentio</strong></span> <span class='ocrx_word' id='word_1_232' title='bbox 507 2345 826 2396; x_wconf 82' lang='lat' dir='ltr'><strong>premamus,</strong></span> <span class='ocrx_word' id='word_1_233' title='bbox 867 2332 1110 2396; x_wconf 83' lang='lat' dir='ltr'><strong>quaestio</strong></span> <span class='ocrx_word' id='word_1_234' title='bbox 1135 2331 1228 2381; x_wconf 88' lang='lat' dir='ltr'><strong>illa</strong></span> <span class='ocrx_word' id='word_1_235' title='bbox 1251 2331 1410 2382; x_wconf 89' lang='lat' dir='ltr'><strong>valde</strong></span> <span class='ocrx_word' id='word_1_236' title='bbox 1441 2331 1699 2397; x_wconf 86' lang='lat' dir='ltr'><strong>perplexa</strong></span> <span class='ocrx_word' id='word_1_237' title='bbox 1722 2335 1830 2380; x_wconf 82' lang='lat' dir='ltr'><strong>est:</strong></span> <span class='ocrx_word' id='word_1_238' title='bbox 1868 2347 1963 2380; x_wconf 88' lang='lat' dir='ltr'><strong>cur</strong></span> <span class='ocrx_word' id='word_1_239' title='bbox 1997 2329 2215 2380; x_wconf 87' lang='lat' dir='ltr'><strong>Gabriel</strong></span> <span class='ocrx_word' id='word_1_240' title='bbox 2254 2329 2445 2378; x_wconf 83' lang='lat' dir='ltr'><strong>dixerit</strong></span> <span class='ocrx_word' id='word_1_241' title='bbox 2483 2327 2749 2390; x_wconf 88' lang='lat' dir='ltr'><strong>„hebdo-</strong></span> 
     </span>
     <span class='ocr_line' id='line_1_23' title="bbox 225 2415 2749 2484; baseline -0.002 -17"><span class='ocrx_word' id='word_1_242' title='bbox 225 2417 488 2467; x_wconf 82' lang='lat' dir='ltr'><strong>mades</strong></span> <span class='ocrx_word' id='word_1_243' title='bbox 538 2418 855 2468; x_wconf 85' lang='lat' dir='ltr'><strong>decisas“</strong></span> <span class='ocrx_word' id='word_1_244' title='bbox 896 2447 962 2456; x_wconf 95' lang='lat'>—</span> <span class='ocrx_word' id='word_1_245' title='bbox 997 2419 1155 2484; x_wconf 85' lang='lat' dir='ltr'><strong>Vulg.</strong></span> <span class='ocrx_word' id='word_1_246' title='bbox 1194 2419 1542 2468; x_wconf 79' lang='lat' dir='ltr'><strong>abbreviatae</strong></span> <span class='ocrx_word' id='word_1_247' title='bbox 1579 2423 1706 2469; x_wconf 89' lang='lat' dir='ltr'><strong>sunt</strong></span> <span class='ocrx_word' id='word_1_248' title='bbox 1742 2447 1808 2456; x_wconf 93' lang='lat'>—</span> <span class='ocrx_word' id='word_1_249' title='bbox 1843 2418 2045 2468; x_wconf 82' lang='lat' dir='ltr'><strong>fuisse?</strong></span> <span class='ocrx_word' id='word_1_250' title='bbox 2102 2416 2185 2466; x_wconf 90' lang='lat' dir='ltr'><strong>Ad</strong></span> <span class='ocrx_word' id='word_1_251' title='bbox 2224 2431 2323 2466; x_wconf 88' lang='lat' dir='ltr'><strong>nos</strong></span> <span class='ocrx_word' id='word_1_252' title='bbox 2364 2415 2508 2483; x_wconf 87' lang='lat' dir='ltr'><strong>quod</strong></span> <span class='ocrx_word' id='word_1_253' title='bbox 2545 2416 2749 2476; x_wconf 85' lang='lat' dir='ltr'><strong>attinet,</strong></span> 
     </span>
     <span class='ocr_line' id='line_1_24' title="bbox 227 2501 2751 2575; baseline -0.002 -21"><span class='ocrx_word' id='word_1_254' title='bbox 227 2505 384 2555; x_wconf 85' lang='lat' dir='ltr'><strong>nulli</strong></span> <span class='ocrx_word' id='word_1_255' title='bbox 435 2505 748 2554; x_wconf 81' lang='lat' dir='ltr'><strong>dubitamus</strong></span> <span class='ocrx_word' id='word_1_256' title='bbox 796 2505 1016 2555; x_wconf 86' lang='lat' dir='ltr'><strong>verbum</strong></span> <span class='ocrx_word' id='word_1_257' title='bbox 1057 2509 1262 2575; x_wconf 44' lang='lat'><strong>„5151325</strong></span> <span class='ocrx_word' id='word_1_258' title='bbox 1300 2507 1587 2556; x_wconf 82' lang='lat' dir='ltr'><strong>sectionem</strong></span> <span class='ocrx_word' id='word_1_259' title='bbox 1627 2521 1723 2555; x_wconf 91' lang='lat' dir='ltr'><strong>seu</strong></span> <span class='ocrx_word' id='word_1_260' title='bbox 1769 2506 2079 2555; x_wconf 86' lang='lat' dir='ltr'><strong>incisionem</strong></span> <span class='ocrx_word' id='word_1_261' title='bbox 2126 2507 2341 2566; x_wconf 80' lang='lat' dir='ltr'><strong>notare3</strong></span> <span class='ocrx_word' id='word_1_262' title='bbox 2389 2501 2751 2567; x_wconf 78' lang='lat' dir='ltr'><strong>metaphorice</strong></span> 
     </span>
    </p>
   </div>
   <div class='ocr_carea' id='block_1_5' title="bbox 228 2597 2751 4584">
    <p class='ocr_par' dir='ltr' id='par_1_5' title="bbox 228 2597 2751 4584">
     <span class='ocr_line' id='line_1_25' title="bbox 228 2597 2749 2667; baseline -0.002 -18"><span class='ocrx_word' id='word_1_263' title='bbox 228 2617 376 2650; x_wconf 81' lang='lat' dir='ltr'><strong>vero</strong></span> <span class='ocrx_word' id='word_1_264' title='bbox 404 2602 452 2650; x_wconf 87' lang='lat' dir='ltr'><strong>si</strong></span> <span class='ocrx_word' id='word_1_265' title='bbox 483 2600 549 2650; x_wconf 88' lang='lat' dir='ltr'><strong>de</strong></span> <span class='ocrx_word' id='word_1_266' title='bbox 577 2602 879 2666; x_wconf 86' lang='lat' dir='ltr'><strong>quantitate</strong></span> <span class='ocrx_word' id='word_1_267' title='bbox 917 2601 1098 2666; x_wconf 89' lang='lat' dir='ltr'><strong>aliqua</strong></span> <span class='ocrx_word' id='word_1_268' title='bbox 1122 2603 1378 2650; x_wconf 85' lang='lat' dir='ltr'><strong>continua</strong></span> <span class='ocrx_word' id='word_1_269' title='bbox 1411 2607 1730 2667; x_wconf 87' lang='lat' dir='ltr'><strong>usurpatur:</strong></span> <span class='ocrx_word' id='word_1_270' title='bbox 1770 2602 1885 2650; x_wconf 88' lang='lat' dir='ltr'><strong>eius</strong></span> <span class='ocrx_word' id='word_1_271' title='bbox 1922 2600 2218 2666; x_wconf 80' lang='lat' dir='ltr'><strong>praecisam</strong></span> <span class='ocrx_word' id='word_1_272' title='bbox 2258 2597 2749 2648; x_wconf 83' lang='lat' dir='ltr'><strong>determinationem</strong></span> 
     </span>
     <span class='ocr_line' id='line_1_26' title="bbox 231 2684 2749 2754; baseline -0.002 -18"><span class='ocrx_word' id='word_1_273' title='bbox 231 2688 524 2737; x_wconf 85' lang='lat' dir='ltr'><strong>exhibere.</strong></span> <span class='ocrx_word' id='word_1_274' title='bbox 579 2689 634 2738; x_wconf 83' lang='lat' dir='ltr'><strong>Si</strong></span> <span class='ocrx_word' id='word_1_275' title='bbox 671 2689 856 2754; x_wconf 88' lang='lat' dir='ltr'><strong>itaque</strong></span> <span class='ocrx_word' id='word_1_276' title='bbox 883 2688 956 2738; x_wconf 91' lang='lat' dir='ltr'><strong>de</strong></span> <span class='ocrx_word' id='word_1_277' title='bbox 993 2693 1282 2754; x_wconf 87' lang='lat' dir='ltr'><strong>tempore</strong></span> <span class='ocrx_word' id='word_1_278' title='bbox 1309 2703 1410 2738; x_wconf 89' lang='lat' dir='ltr'><strong>usu</strong></span> <span class='ocrx_word' id='word_1_279' title='bbox 1435 2690 1599 2750; x_wconf 87' lang='lat' dir='ltr'><strong>venit,</strong></span> <span class='ocrx_word' id='word_1_280' title='bbox 1640 2689 1861 2738; x_wconf 86' lang='lat' dir='ltr'><strong>denotat</strong></span> <span class='ocrx_word' id='word_1_281' title='bbox 1897 2691 2200 2738; x_wconf 84' lang='lat' dir='ltr'><strong>accuratam</strong></span> <span class='ocrx_word' id='word_1_282' title='bbox 2239 2685 2491 2751; x_wconf 84' lang='lat' dir='ltr'><strong>temporis</strong></span> <span class='ocrx_word' id='word_1_283' title='bbox 2529 2684 2749 2733; x_wconf 86' lang='lat' dir='ltr'><strong>circum·</strong></span> 
     </span>
     <span class='ocr_line' id='line_1_27' title="bbox 231 2772 2749 2841; baseline -0.002 -17"><span class='ocrx_word' id='word_1_284' title='bbox 231 2776 626 2840; x_wconf 78' lang='lat' dir='ltr'><strong>scriptionem3</strong></span> <span class='ocrx_word' id='word_1_285' title='bbox 676 2789 784 2840; x_wconf 89' lang='lat' dir='ltr'><strong>qua</strong></span> <span class='ocrx_word' id='word_1_286' title='bbox 820 2777 896 2825; x_wconf 90' lang='lat' dir='ltr'><strong>ab</strong></span> <span class='ocrx_word' id='word_1_287' title='bbox 945 2781 1226 2841; x_wconf 88' lang='lat' dir='ltr'><strong>utraque</strong></span> <span class='ocrx_word' id='word_1_288' title='bbox 1271 2782 1460 2841; x_wconf 89' lang='lat' dir='ltr'><strong>parte</strong></span> <span class='ocrx_word' id='word_1_289' title='bbox 1509 2776 1712 2826; x_wconf 86' lang='lat' dir='ltr'><strong>certis</strong></span> <span class='ocrx_word' id='word_1_290' title='bbox 1751 2775 2049 2824; x_wconf 87' lang='lat' dir='ltr'><strong>terminis</strong></span> <span class='ocrx_word' id='word_1_291' title='bbox 2100 2773 2444 2835; x_wconf 84' lang='lat' dir='ltr'><strong>definitur,</strong></span> <span class='ocrx_word' id='word_1_292' title='bbox 2494 2786 2559 2820; x_wconf 87' lang='lat' dir='ltr'><strong>ac</strong></span> <span class='ocrx_word' id='word_1_293' title='bbox 2594 2772 2671 2820; x_wconf 86' lang='lat' dir='ltr'><strong>ita</strong></span> <span class='ocrx_word' id='word_1_294' title='bbox 2720 2787 2749 2820; x_wconf 92' lang='lat' dir='ltr'><strong>e</strong></span> 
     </span>
     <span class='ocr_line' id='line_1_28' title="bbox 229 2857 2749 2929; baseline -0.003 -17"><span class='ocrx_word' id='word_1_295' title='bbox 229 2864 424 2913; x_wconf 85' lang='lat' dir='ltr'><strong>medio</strong></span> <span class='ocrx_word' id='word_1_296' title='bbox 454 2863 822 2913; x_wconf 82' lang='lat' dir='ltr'><strong>antecedentis</strong></span> <span class='ocrx_word' id='word_1_297' title='bbox 850 2867 904 2913; x_wconf 85' lang='lat' dir='ltr'><strong>et</strong></span> <span class='ocrx_word' id='word_1_298' title='bbox 927 2865 1322 2928; x_wconf 86' lang='lat' dir='ltr'><strong>consequentis,</strong></span> <span class='ocrx_word' id='word_1_299' title='bbox 1350 2865 1500 2929; x_wconf 89' lang='lat' dir='ltr'><strong>quasi</strong></span> <span class='ocrx_word' id='word_1_300' title='bbox 1529 2862 1875 2914; x_wconf 86' lang='lat' dir='ltr'><strong>abscinditur.</strong></span> <span class='ocrx_word' id='word_1_301' title='bbox 1924 2861 2107 2912; x_wconf 85' lang='lat' dir='ltr'><strong>Veluti</strong></span> <span class='ocrx_word' id='word_1_302' title='bbox 2130 2860 2324 2910; x_wconf 88' lang='lat' dir='ltr'><strong>Latino</strong></span> <span class='ocrx_word' id='word_1_303' title='bbox 2350 2875 2593 2909; x_wconf 88' lang='lat' dir='ltr'><strong>sermone</strong></span> <span class='ocrx_word' id='word_1_304' title='bbox 2620 2857 2749 2907; x_wconf 89' lang='lat' dir='ltr'><strong>dici-</strong></span> 
     </span>
     <span class='ocr_line' id='line_1_29' title="bbox 231 2944 2749 3016; baseline -0.002 -17"><span class='ocrx_word' id='word_1_305' title='bbox 231 2955 361 3000; x_wconf 85' lang='lat' dir='ltr'><strong>tur:</strong></span> <span class='ocrx_word' id='word_1_306' title='bbox 403 2951 580 3000; x_wconf 87' lang='lat' dir='ltr'><strong>omni</strong></span> <span class='ocrx_word' id='word_1_307' title='bbox 615 2955 882 3000; x_wconf 83' lang='lat' dir='ltr'><strong>resecta</strong></span> <span class='ocrx_word' id='word_1_308' title='bbox 916 2950 1056 3000; x_wconf 86' lang='lat' dir='ltr'><strong>sive</strong></span> <span class='ocrx_word' id='word_1_309' title='bbox 1081 2951 1390 3016; x_wconf 84' lang='lat' dir='ltr'><strong>praecisa</strong></span> <span class='ocrx_word' id='word_1_310' title='bbox 1414 2963 1601 3000; x_wconf 87' lang='lat' dir='ltr'><strong>mora.</strong></span> <span class='ocrx_word' id='word_1_311' title='bbox 1652 2949 1798 3014; x_wconf 83' lang='lat' dir='ltr'><strong>Ergo</strong></span> <span class='ocrx_word' id='word_1_312' title='bbox 1824 2954 2031 3014; x_wconf 86' lang='lat' dir='ltr'><strong>tempus</strong></span> <span class='ocrx_word' id='word_1_313' title='bbox 2057 2949 2229 2997; x_wconf 87' lang='lat' dir='ltr'><strong>innuit</strong></span> <span class='ocrx_word' id='word_1_314' title='bbox 2254 2944 2635 3011; x_wconf 81' lang='lat' dir='ltr'><strong>Archangelus,</strong></span> <span class='ocrx_word' id='word_1_315' title='bbox 2662 2945 2749 2994; x_wconf 89' lang='lat' dir='ltr'><strong>cui</strong></span> 
     </span>
     <span class='ocr_line' id='line_1_30' title="bbox 231 3031 2747 3101; baseline -0.003 -14"><span class='ocrx_word' id='word_1_316' title='bbox 231 3037 376 3087; x_wconf 85' lang='lat' dir='ltr'><strong>nihil</strong></span> <span class='ocrx_word' id='word_1_317' title='bbox 403 3037 537 3088; x_wconf 86' lang='lat' dir='ltr'><strong>licet</strong></span> <span class='ocrx_word' id='word_1_318' title='bbox 573 3037 786 3101; x_wconf 86' lang='lat' dir='ltr'><strong>addere,</strong></span> <span class='ocrx_word' id='word_1_319' title='bbox 826 3037 959 3087; x_wconf 87' lang='lat' dir='ltr'><strong>nihil</strong></span> <span class='ocrx_word' id='word_1_320' title='bbox 983 3037 1211 3087; x_wconf 86' lang='lat' dir='ltr'><strong>demere.</strong></span> <span class='ocrx_word' id='word_1_321' title='bbox 1253 3038 1384 3087; x_wconf 87' lang='lat' dir='ltr'><strong>Cum</strong></span> <span class='ocrx_word' id='word_1_322' title='bbox 1409 3035 1608 3086; x_wconf 85' lang='lat' dir='ltr'><strong>Daniel</strong></span> <span class='ocrx_word' id='word_1_323' title='bbox 1633 3051 1789 3101; x_wconf 85' lang='lat' dir='ltr'><strong>quam</strong></span> <span class='ocrx_word' id='word_1_324' title='bbox 1818 3037 2045 3086; x_wconf 86' lang='lat' dir='ltr'><strong>maxime</strong></span> <span class='ocrx_word' id='word_1_325' title='bbox 2070 3035 2228 3084; x_wconf 85' lang='lat' dir='ltr'><strong>fuerit</strong></span> <span class='ocrx_word' id='word_1_326' title='bbox 2252 3033 2509 3084; x_wconf 88' lang='lat' dir='ltr'><strong>sollicitus</strong></span> <span class='ocrx_word' id='word_1_327' title='bbox 2547 3032 2613 3082; x_wconf 87' lang='lat' dir='ltr'><strong>de</strong></span> <span class='ocrx_word' id='word_1_328' title='bbox 2638 3031 2747 3081; x_wconf 89' lang='lat' dir='ltr'><strong>suis</strong></span> 
     </span>
     <span class='ocr_line' id='line_1_31' title="bbox 232 3119 2751 3191; baseline -0.004 -17"><span class='ocrx_word' id='word_1_329' title='bbox 232 3125 622 3191; x_wconf 85' lang='lat' dir='ltr'><strong>popularibus,</strong></span> <span class='ocrx_word' id='word_1_330' title='bbox 661 3141 763 3175; x_wconf 91' lang='lat' dir='ltr'><strong>nec</strong></span> <span class='ocrx_word' id='word_1_331' title='bbox 797 3139 906 3175; x_wconf 89' lang='lat' dir='ltr'><strong>non</strong></span> <span class='ocrx_word' id='word_1_332' title='bbox 945 3124 1010 3174; x_wconf 90' lang='lat' dir='ltr'><strong>de</strong></span> <span class='ocrx_word' id='word_1_333' title='bbox 1049 3125 1391 3187; x_wconf 81' lang='lat' dir='ltr'><strong>Sanctuari03</strong></span> <span class='ocrx_word' id='word_1_334' title='bbox 1429 3123 1628 3172; x_wconf 89' lang='lat' dir='ltr'><strong>idcirco</strong></span> <span class='ocrx_word' id='word_1_335' title='bbox 1666 3122 1903 3187; x_wconf 84' lang='lat' dir='ltr'><strong>Angelus</strong></span> <span class='ocrx_word' id='word_1_336' title='bbox 1938 3121 2103 3184; x_wconf 82' lang='lat' dir='ltr'><strong>addit,</strong></span> <span class='ocrx_word' id='word_1_337' title='bbox 2142 3121 2272 3186; x_wconf 87' lang='lat' dir='ltr'><strong>quid</strong></span> <span class='ocrx_word' id='word_1_338' title='bbox 2301 3135 2517 3185; x_wconf 86' lang='lat' dir='ltr'><strong>sperare</strong></span> <span class='ocrx_word' id='word_1_339' title='bbox 2552 3119 2751 3168; x_wconf 90' lang='lat' dir='ltr'><strong>habeat</strong></span> 
     </span>
     <span class='ocr_line' id='line_1_32' title="bbox 233 3206 2747 3277; baseline -0.002 -19"><span class='ocrx_word' id='word_1_340' title='bbox 233 3218 402 3262; x_wconf 72' lang='lat' dir='ltr'><strong>vates</strong></span> <span class='ocrx_word' id='word_1_341' title='bbox 427 3211 498 3262; x_wconf 89' lang='lat' dir='ltr'><strong>de</strong></span> <span class='ocrx_word' id='word_1_342' title='bbox 523 3217 769 3277; x_wconf 85' lang='lat' dir='ltr'><strong>utroque.</strong></span> <span class='ocrx_word' id='word_1_343' title='bbox 811 3211 1223 3262; x_wconf 87' lang='lat' dir='ltr'><strong>Instaurandam</strong></span> <span class='ocrx_word' id='word_1_344' title='bbox 1249 3225 1322 3259; x_wconf 86' lang='lat' dir='ltr'><strong>sc.</strong></span> <span class='ocrx_word' id='word_1_345' title='bbox 1350 3225 1468 3260; x_wconf 87' lang='lat' dir='ltr'><strong>esse</strong></span> <span class='ocrx_word' id='word_1_346' title='bbox 1494 3210 1781 3271; x_wconf 86' lang='lat' dir='ltr'><strong>civitatem,</strong></span> <span class='ocrx_word' id='word_1_347' title='bbox 1810 3209 2275 3272; x_wconf 87' lang='lat' dir='ltr'><strong>habitaturumque</strong></span> <span class='ocrx_word' id='word_1_348' title='bbox 2301 3206 2411 3256; x_wconf 89' lang='lat' dir='ltr'><strong>illic</strong></span> <span class='ocrx_word' id='word_1_349' title='bbox 2436 3220 2555 3255; x_wconf 88' lang='lat' dir='ltr'><strong>esse</strong></span> <span class='ocrx_word' id='word_1_350' title='bbox 2580 3220 2747 3270; x_wconf 89' lang='lat' dir='ltr'><strong>popu-</strong></span> 
     </span>
     <span class='ocr_line' id='line_1_33' title="bbox 236 3291 2745 3363; baseline -0.004 -15"><span class='ocrx_word' id='word_1_351' title='bbox 236 3299 354 3348; x_wconf 87' lang='lat' dir='ltr'><strong>lum</strong></span> <span class='ocrx_word' id='word_1_352' title='bbox 393 3299 506 3362; x_wconf 81' lang='lat' dir='ltr'><strong>ait3</strong></span> <span class='ocrx_word' id='word_1_353' title='bbox 546 3297 720 3348; x_wconf 88' lang='lat' dir='ltr'><strong>donec</strong></span> <span class='ocrx_word' id='word_1_354' title='bbox 757 3299 1098 3363; x_wconf 86' lang='lat' dir='ltr'><strong>superveniet</strong></span> <span class='ocrx_word' id='word_1_355' title='bbox 1130 3297 1362 3347; x_wconf 86' lang='lat' dir='ltr'><strong>vastatio</strong></span> <span class='ocrx_word' id='word_1_356' title='bbox 1399 3294 1604 3360; x_wconf 87' lang='lat' dir='ltr'><strong>totalis,</strong></span> <span class='ocrx_word' id='word_1_357' title='bbox 1645 3295 1880 3346; x_wconf 85' lang='lat' dir='ltr'><strong>exhibito</strong></span> <span class='ocrx_word' id='word_1_358' title='bbox 1916 3301 2095 3344; x_wconf 85' lang='lat' dir='ltr'><strong>tamen</strong></span> <span class='ocrx_word' id='word_1_359' title='bbox 2120 3294 2267 3359; x_wconf 88' lang='lat' dir='ltr'><strong>prius</strong></span> <span class='ocrx_word' id='word_1_360' title='bbox 2291 3294 2505 3343; x_wconf 86' lang='lat' dir='ltr'><strong>Messia.</strong></span> <span class='ocrx_word' id='word_1_361' title='bbox 2554 3291 2745 3354; x_wconf 85' lang='lat' dir='ltr'><strong>Exspi-</strong></span> 
     </span>
     <span class='ocr_line' id='line_1_34' title="bbox 237 3379 2745 3446; baseline -0.004 -12"><span class='ocrx_word' id='word_1_362' title='bbox 237 3385 498 3435; x_wconf 88' lang='lat' dir='ltr'><strong>rantibus</strong></span> <span class='ocrx_word' id='word_1_363' title='bbox 533 3383 702 3434; x_wconf 80' lang='lat' dir='ltr'><strong>Lxx.</strong></span> <span class='ocrx_word' id='word_1_364' title='bbox 739 3382 1164 3434; x_wconf 89' lang='lat' dir='ltr'><strong>hebdomadibus</strong></span> <span class='ocrx_word' id='word_1_365' title='bbox 1201 3387 1456 3432; x_wconf 84' lang='lat' dir='ltr'><strong>venturus</strong></span> <span class='ocrx_word' id='word_1_366' title='bbox 1494 3388 1576 3432; x_wconf 83' lang='lat' dir='ltr'><strong>est</strong></span> <span class='ocrx_word' id='word_1_367' title='bbox 1611 3381 1853 3442; x_wconf 87' lang='lat' dir='ltr'><strong>Messias,</strong></span> <span class='ocrx_word' id='word_1_368' title='bbox 1892 3383 1984 3446; x_wconf 91' lang='lat' dir='ltr'><strong>qui</strong></span> <span class='ocrx_word' id='word_1_369' title='bbox 2020 3386 2273 3445; x_wconf 86' lang='lat' dir='ltr'><strong>tanquam</strong></span> <span class='ocrx_word' id='word_1_370' title='bbox 2300 3393 2469 3444; x_wconf 85' lang='lat' dir='ltr'><strong>agnus</strong></span> <span class='ocrx_word' id='word_1_371' title='bbox 2495 3379 2745 3426; x_wconf 87' lang='lat' dir='ltr'><strong>immacu-</strong></span> 
     </span>
     <span class='ocr_line' id='line_1_35' title="bbox 237 3463 2744 3534; baseline -0.004 -14"><span class='ocrx_word' id='word_1_372' title='bbox 237 3471 390 3522; x_wconf 79' lang='lat' dir='ltr'><strong>latus</strong></span> <span class='ocrx_word' id='word_1_373' title='bbox 427 3471 486 3520; x_wconf 92' lang='lat' dir='ltr'><strong>in</strong></span> <span class='ocrx_word' id='word_1_374' title='bbox 522 3485 616 3520; x_wconf 83' lang='lat' dir='ltr'><strong>ara</strong></span> <span class='ocrx_word' id='word_1_375' title='bbox 655 3471 830 3521; x_wconf 85' lang='lat' dir='ltr'><strong>crucis</strong></span> <span class='ocrx_word' id='word_1_376' title='bbox 864 3470 1184 3532; x_wconf 89' lang='lat' dir='ltr'><strong>immolatus,</strong></span> <span class='ocrx_word' id='word_1_377' title='bbox 1223 3470 1404 3520; x_wconf 89' lang='lat' dir='ltr'><strong>omnia</strong></span> <span class='ocrx_word' id='word_1_378' title='bbox 1437 3473 1663 3534; x_wconf 84' lang='lat' dir='ltr'><strong>peecata</strong></span> <span class='ocrx_word' id='word_1_379' title='bbox 1698 3468 1967 3518; x_wconf 89' lang='lat' dir='ltr'><strong>hominum</strong></span> <span class='ocrx_word' id='word_1_380' title='bbox 2005 3467 2183 3532; x_wconf 85' lang='lat' dir='ltr'><strong>expiet</strong></span> <span class='ocrx_word' id='word_1_381' title='bbox 2218 3469 2271 3515; x_wconf 88' lang='lat' dir='ltr'><strong>et</strong></span> <span class='ocrx_word' id='word_1_382' title='bbox 2302 3465 2514 3530; x_wconf 82' lang='lat' dir='ltr'><strong>penitus</strong></span> <span class='ocrx_word' id='word_1_383' title='bbox 2552 3463 2744 3514; x_wconf 83' lang='lat' dir='ltr'><strong>deleat.</strong></span> 
     </span>
     <span class='ocr_line' id='line_1_36' title="bbox 240 3550 2745 3622; baseline -0.003 -16"><span class='ocrx_word' id='word_1_384' title='bbox 240 3557 328 3606; x_wconf 86' lang='lat' dir='ltr'><strong>Cf.</strong></span> <span class='ocrx_word' id='word_1_385' title='bbox 356 3575 400 3608; x_wconf 89' lang='lat' dir='ltr'><strong>s.</strong></span> <span class='ocrx_word' id='word_1_386' title='bbox 429 3556 816 3622; x_wconf 79' lang='lat' dir='ltr'><strong>chrysostomi,</strong></span> <span class='ocrx_word' id='word_1_387' title='bbox 844 3556 964 3606; x_wconf 82' lang='lat' dir='ltr'><strong>adv.</strong></span> <span class='ocrx_word' id='word_1_388' title='bbox 991 3556 1118 3606; x_wconf 86' lang='lat' dir='ltr'><strong>Jud.</strong></span> <span class='ocrx_word' id='word_1_389' title='bbox 1139 3561 1271 3606; x_wconf 86' lang='lat' dir='ltr'><strong>orat.</strong></span> <span class='ocrx_word' id='word_1_390' title='bbox 1292 3556 1354 3618; x_wconf 88' lang='lat' dir='ltr'><strong>V,</strong></span> <span class='ocrx_word' id='word_1_391' title='bbox 1377 3557 1426 3606; x_wconf 83' lang='lat'><strong>9.</strong></span> <span class='ocrx_word' id='word_1_392' title='bbox 1452 3555 1496 3616; x_wconf 92' lang='lat'><strong>1,</strong></span> <span class='ocrx_word' id='word_1_393' title='bbox 1514 3556 1631 3604; x_wconf 82' lang='lat'><strong>643.</strong></span> <span class='ocrx_word' id='word_1_394' title='bbox 1679 3553 2019 3614; x_wconf 84' lang='lat' dir='ltr'><strong>Theodoreti,</strong></span> <span class='ocrx_word' id='word_1_395' title='bbox 2053 3552 2123 3602; x_wconf 87' lang='lat' dir='ltr'><strong>ad</strong></span> <span class='ocrx_word' id='word_1_396' title='bbox 2146 3553 2285 3602; x_wconf 88' lang='lat' dir='ltr'><strong>Dan.</strong></span> <span class='ocrx_word' id='word_1_397' title='bbox 2313 3551 2406 3600; x_wconf 87' lang='lat' dir='ltr'><strong>IX.</strong></span> <span class='ocrx_word' id='word_1_398' title='bbox 2430 3553 2649 3616; x_wconf 89' lang='lat' dir='ltr'><strong>interpr.</strong></span> <span class='ocrx_word' id='word_1_399' title='bbox 2675 3550 2745 3606; x_wconf 84' lang='grc' dir='ltr'><strong>ΙΙ,</strong></span> 
     </span>
     <span class='ocr_line' id='line_1_37' title="bbox 239 3637 2745 3709; baseline -0.004 -15"><span class='ocrx_word' id='word_1_400' title='bbox 239 3645 292 3694; x_wconf 84' lang='lat' dir='ltr'><strong>b.</strong></span> <span class='ocrx_word' id='word_1_401' title='bbox 321 3662 374 3709; x_wconf 92' lang='lat' dir='ltr'><strong>p.</strong></span> <span class='ocrx_word' id='word_1_402' title='bbox 417 3645 576 3694; x_wconf 78' lang='lat'><strong>1240.</strong></span> <span class='ocrx_word' id='word_1_403' title='bbox 623 3644 700 3692; x_wconf 85' lang='lat' dir='ltr'><strong>Et</strong></span> <span class='ocrx_word' id='word_1_404' title='bbox 732 3644 863 3708; x_wconf 90' lang='lat' dir='ltr'><strong>quia</strong></span> <span class='ocrx_word' id='word_1_405' title='bbox 899 3642 1144 3693; x_wconf 86' lang='lat' dir='ltr'><strong>Christus</strong></span> <span class='ocrx_word' id='word_1_406' title='bbox 1179 3657 1349 3708; x_wconf 89' lang='lat' dir='ltr'><strong>usque</strong></span> <span class='ocrx_word' id='word_1_407' title='bbox 1388 3640 1458 3690; x_wconf 87' lang='lat' dir='ltr'><strong>ad</strong></span> <span class='ocrx_word' id='word_1_408' title='bbox 1493 3640 1652 3690; x_wconf 84' lang='lat' dir='ltr'><strong>finem</strong></span> <span class='ocrx_word' id='word_1_409' title='bbox 1690 3645 1745 3690; x_wconf 89' lang='lat' dir='ltr'><strong>et</strong></span> <span class='ocrx_word' id='word_1_410' title='bbox 1778 3639 2039 3702; x_wconf 87' lang='lat' dir='ltr'><strong>ultimum,</strong></span> <span class='ocrx_word' id='word_1_411' title='bbox 2077 3644 2131 3688; x_wconf 93' lang='lat' dir='ltr'><strong>et</strong></span> <span class='ocrx_word' id='word_1_412' title='bbox 2163 3653 2335 3703; x_wconf 82' lang='lat' dir='ltr'><strong>usque</strong></span> <span class='ocrx_word' id='word_1_413' title='bbox 2371 3638 2439 3687; x_wconf 87' lang='lat' dir='ltr'><strong>ad</strong></span> <span class='ocrx_word' id='word_1_414' title='bbox 2474 3637 2745 3686; x_wconf 88' lang='lat' dir='ltr'><strong>minimum</strong></span> 
     </span>
     <span class='ocr_line' id='line_1_38' title="bbox 241 3725 2746 3796; baseline -0.003 -16"><span class='ocrx_word' id='word_1_415' title='bbox 241 3731 606 3796; x_wconf 84' lang='lat' dir='ltr'><strong>quadrantem</strong></span> <span class='ocrx_word' id='word_1_416' title='bbox 646 3729 842 3794; x_wconf 79' lang='lat' dir='ltr'><strong>lytrum</strong></span> <span class='ocrx_word' id='word_1_417' title='bbox 877 3746 971 3796; x_wconf 86' lang='lat' dir='ltr'><strong>pro</strong></span> <span class='ocrx_word' id='word_1_418' title='bbox 1011 3729 1191 3780; x_wconf 84' lang='lat' dir='ltr'><strong>debito</strong></span> <span class='ocrx_word' id='word_1_419' title='bbox 1241 3729 1450 3794; x_wconf 84' lang='lat' dir='ltr'><strong>peccati</strong></span> <span class='ocrx_word' id='word_1_420' title='bbox 1487 3727 1703 3776; x_wconf 89' lang='lat' dir='ltr'><strong>humani</strong></span> <span class='ocrx_word' id='word_1_421' title='bbox 1752 3725 1911 3776; x_wconf 88' lang='lat' dir='ltr'><strong>solvit</strong></span> <span class='ocrx_word' id='word_1_422' title='bbox 1956 3725 2104 3789; x_wconf 88' lang='lat' dir='ltr'><strong>Deo;</strong></span> <span class='ocrx_word' id='word_1_423' title='bbox 2154 3725 2279 3774; x_wconf 91' lang='lat' dir='ltr'><strong>ideo</strong></span> <span class='ocrx_word' id='word_1_424' title='bbox 2328 3725 2549 3774; x_wconf 83' lang='lat' dir='ltr'><strong>dicitur:</strong></span> <span class='ocrx_word' id='word_1_425' title='bbox 2600 3738 2746 3773; x_wconf 90' lang='lat' dir='ltr'><strong>coer-</strong></span> 
     </span>
     <span class='ocr_line' id='line_1_39' title="bbox 241 3809 2747 3882; baseline -0.003 -15"><span class='ocrx_word' id='word_1_426' title='bbox 241 3819 424 3869; x_wconf 85' lang='lat' dir='ltr'><strong>cuisse</strong></span> <span class='ocrx_word' id='word_1_427' title='bbox 475 3816 729 3867; x_wconf 86' lang='lat' dir='ltr'><strong>delictum</strong></span> <span class='ocrx_word' id='word_1_428' title='bbox 778 3821 834 3866; x_wconf 83' lang='lat' dir='ltr'><strong>et</strong></span> <span class='ocrx_word' id='word_1_429' title='bbox 869 3817 1114 3882; x_wconf 83' lang='lat' dir='ltr'><strong>expiasse</strong></span> <span class='ocrx_word' id='word_1_430' title='bbox 1149 3816 1503 3880; x_wconf 86' lang='lat' dir='ltr'><strong>iniquitatem.</strong></span> <span class='ocrx_word' id='word_1_431' title='bbox 1567 3813 1840 3878; x_wconf 86' lang='lat' dir='ltr'><strong>Siquidem</strong></span> <span class='ocrx_word' id='word_1_432' title='bbox 1875 3813 2041 3878; x_wconf 87' lang='lat' dir='ltr'><strong>Apoc.</strong></span> <span class='ocrx_word' id='word_1_433' title='bbox 2083 3816 2129 3874; x_wconf 88' lang='lat'><strong>1,</strong></span> <span class='ocrx_word' id='word_1_434' title='bbox 2167 3815 2215 3861; x_wconf 90' lang='lat'><strong>5.</strong></span> <span class='ocrx_word' id='word_1_435' title='bbox 2262 3811 2515 3876; x_wconf 85' lang='lat' dir='ltr'><strong>scriptum</strong></span> <span class='ocrx_word' id='word_1_436' title='bbox 2562 3815 2645 3860; x_wconf 88' lang='lat' dir='ltr'><strong>est</strong></span> <span class='ocrx_word' id='word_1_437' title='bbox 2681 3809 2747 3858; x_wconf 84' lang='lat' dir='ltr'><strong>de</strong></span> 
     </span>
     <span class='ocr_line' id='line_1_40' title="bbox 238 3895 2745 3971; baseline -0.004 -17"><span class='ocrx_word' id='word_1_438' title='bbox 238 3905 364 3956; x_wconf 88' lang='lat' dir='ltr'><strong>illo:</strong></span> <span class='ocrx_word' id='word_1_439' title='bbox 411 3905 542 3971; x_wconf 80' lang='lat' dir='ltr'><strong>„qui</strong></span> <span class='ocrx_word' id='word_1_440' title='bbox 579 3904 716 3953; x_wconf 85' lang='lat' dir='ltr'><strong>lavit</strong></span> <span class='ocrx_word' id='word_1_441' title='bbox 748 3919 848 3954; x_wconf 90' lang='lat' dir='ltr'><strong>nos</strong></span> <span class='ocrx_word' id='word_1_442' title='bbox 885 3917 918 3953; x_wconf 90' lang='lat' dir='ltr'><strong>a</strong></span> <span class='ocrx_word' id='word_1_443' title='bbox 953 3904 1190 3969; x_wconf 88' lang='lat' dir='ltr'><strong>peccatis</strong></span> <span class='ocrx_word' id='word_1_444' title='bbox 1227 3903 1424 3952; x_wconf 86' lang='lat' dir='ltr'><strong>nostris</strong></span> <span class='ocrx_word' id='word_1_445' title='bbox 1461 3903 1516 3950; x_wconf 90' lang='lat' dir='ltr'><strong>in</strong></span> <span class='ocrx_word' id='word_1_446' title='bbox 1553 3901 1813 3966; x_wconf 84' lang='lat' dir='ltr'><strong>sanguine</strong></span> <span class='ocrx_word' id='word_1_447' title='bbox 1850 3903 1997 3950; x_wconf 80' lang='lat' dir='ltr'><strong>suo.“</strong></span> <span class='ocrx_word' id='word_1_448' title='bbox 2060 3899 2261 3949; x_wconf 88' lang='lat' dir='ltr'><strong>Paulus</strong></span> <span class='ocrx_word' id='word_1_449' title='bbox 2299 3903 2493 3961; x_wconf 88' lang='lat' dir='ltr'><strong>autem,</strong></span> <span class='ocrx_word' id='word_1_450' title='bbox 2540 3895 2745 3946; x_wconf 86' lang='lat' dir='ltr'><strong>Coloss.</strong></span> 
     </span>
     <span class='ocr_line' id='line_1_41' title="bbox 239 3984 2745 4062; baseline -0.005 -20"><span class='ocrx_word' id='word_1_451' title='bbox 239 3995 287 4056; x_wconf 81' lang='lat'><strong>2,</strong></span> <span class='ocrx_word' id='word_1_452' title='bbox 317 3996 402 4044; x_wconf 80' lang='lat'><strong>14.</strong></span> <span class='ocrx_word' id='word_1_453' title='bbox 447 3991 754 4055; x_wconf 81' lang='lat' dir='ltr'><strong>„Christum</strong></span> <span class='ocrx_word' id='word_1_454' title='bbox 783 3989 1046 4062; x_wconf 82' lang='lat' dir='ltr'><strong>delevisse</strong></span> <span class='ocrx_word' id='word_1_455' title='bbox 1083 3988 1496 4054; x_wconf 86' lang='lat' dir='ltr'><strong>chirographum</strong></span> <span class='ocrx_word' id='word_1_456' title='bbox 1533 3991 1749 4038; x_wconf 85' lang='lat' dir='ltr'><strong>nostrae</strong></span> <span class='ocrx_word' id='word_1_457' title='bbox 1787 3987 2159 4048; x_wconf 85' lang='lat' dir='ltr'><strong>damnationis,</strong></span> <span class='ocrx_word' id='word_1_458' title='bbox 2200 3984 2343 4050; x_wconf 91' lang='lat' dir='ltr'><strong>quod</strong></span> <span class='ocrx_word' id='word_1_459' title='bbox 2380 3989 2497 4033; x_wconf 90' lang='lat' dir='ltr'><strong>erat</strong></span> <span class='ocrx_word' id='word_1_460' title='bbox 2532 3987 2745 4032; x_wconf 87' lang='lat' dir='ltr'><strong>contra·</strong></span> 
     </span>
     <span class='ocr_line' id='line_1_42' title="bbox 237 4065 2747 4139; baseline -0.006 -8"><span class='ocrx_word' id='word_1_461' title='bbox 237 4083 373 4131; x_wconf 87' lang='lat' dir='ltr'><strong>rium</strong></span> <span class='ocrx_word' id='word_1_462' title='bbox 422 4080 620 4130; x_wconf 83' lang='lat' dir='ltr'><strong>nobis“</strong></span> <span class='ocrx_word' id='word_1_463' title='bbox 671 4076 916 4128; x_wconf 86' lang='lat' dir='ltr'><strong>affirmat.</strong></span> <span class='ocrx_word' id='word_1_464' title='bbox 977 4078 1245 4139; x_wconf 82' lang='lat' dir='ltr'><strong>Quoniam</strong></span> <span class='ocrx_word' id='word_1_465' title='bbox 1292 4081 1470 4126; x_wconf 86' lang='lat' dir='ltr'><strong>autem</strong></span> <span class='ocrx_word' id='word_1_466' title='bbox 1520 4075 1779 4124; x_wconf 88' lang='lat' dir='ltr'><strong>Passione</strong></span> <span class='ocrx_word' id='word_1_467' title='bbox 1829 4089 1929 4124; x_wconf 90' lang='lat' dir='ltr'><strong>sua</strong></span> <span class='ocrx_word' id='word_1_468' title='bbox 1966 4077 2019 4123; x_wconf 87' lang='lat' dir='ltr'><strong>et</strong></span> <span class='ocrx_word' id='word_1_469' title='bbox 2052 4074 2225 4123; x_wconf 86' lang='lat' dir='ltr'><strong>Morte</strong></span> <span class='ocrx_word' id='word_1_470' title='bbox 2274 4070 2567 4136; x_wconf 88' lang='lat' dir='ltr'><strong>promeruit</strong></span> <span class='ocrx_word' id='word_1_471' title='bbox 2604 4065 2747 4132; x_wconf 88' lang='lat' dir='ltr'><strong>apud</strong></span> 
     </span>
     <span class='ocr_line' id='line_1_43' title="bbox 237 4154 2746 4230; baseline -0.006 -12"><span class='ocrx_word' id='word_1_472' title='bbox 237 4170 434 4229; x_wconf 85' lang='lat' dir='ltr'><strong>Deum,</strong></span> <span class='ocrx_word' id='word_1_473' title='bbox 484 4170 550 4217; x_wconf 85' lang='lat' dir='ltr'><strong>ut</strong></span> <span class='ocrx_word' id='word_1_474' title='bbox 586 4165 749 4230; x_wconf 81' lang='lat' dir='ltr'><strong>digne</strong></span> <span class='ocrx_word' id='word_1_475' title='bbox 785 4163 1064 4214; x_wconf 88' lang='lat' dir='ltr'><strong>credentes</strong></span> <span class='ocrx_word' id='word_1_476' title='bbox 1101 4166 1156 4213; x_wconf 89' lang='lat' dir='ltr'><strong>in</strong></span> <span class='ocrx_word' id='word_1_477' title='bbox 1191 4165 1362 4229; x_wconf 89' lang='lat' dir='ltr'><strong>ipsum</strong></span> <span class='ocrx_word' id='word_1_478' title='bbox 1403 4162 1607 4211; x_wconf 86' lang='lat' dir='ltr'><strong>iustitia</strong></span> <span class='ocrx_word' id='word_1_479' title='bbox 1645 4167 1697 4210; x_wconf 91' lang='lat' dir='ltr'><strong>et</strong></span> <span class='ocrx_word' id='word_1_480' title='bbox 1732 4161 2015 4210; x_wconf 81' lang='lat' dir='ltr'><strong>sanctitate</strong></span> <span class='ocrx_word' id='word_1_481' title='bbox 2052 4159 2396 4221; x_wconf 87' lang='lat' dir='ltr'><strong>donarentur,</strong></span> <span class='ocrx_word' id='word_1_482' title='bbox 2434 4156 2503 4205; x_wconf 90' lang='lat' dir='ltr'><strong>ab</strong></span> <span class='ocrx_word' id='word_1_483' title='bbox 2538 4154 2746 4219; x_wconf 83' lang='lat' dir='ltr'><strong>Angelo</strong></span> 
     </span>
     <span class='ocr_line' id='line_1_44' title="bbox 237 4243 2745 4321; baseline -0.006 -15"><span class='ocrx_word' id='word_1_484' title='bbox 237 4255 604 4321; x_wconf 87' lang='lat' dir='ltr'><strong>promittitur:</strong></span> <span class='ocrx_word' id='word_1_485' title='bbox 662 4251 946 4302; x_wconf 84' lang='lat' dir='ltr'><strong>Messias</strong></span> <span class='ocrx_word' id='word_1_486' title='bbox 999 4254 1316 4301; x_wconf 87' lang='lat' dir='ltr'><strong>venturus</strong></span> <span class='ocrx_word' id='word_1_487' title='bbox 1378 4248 1453 4297; x_wconf 82' lang='lat' dir='ltr'><strong>ad</strong></span> <span class='ocrx_word' id='word_1_488' title='bbox 1511 4246 1961 4297; x_wconf 85' lang='lat' dir='ltr'><strong>adducendam</strong></span> <span class='ocrx_word' id='word_1_489' title='bbox 2016 4245 2357 4295; x_wconf 87' lang='lat' dir='ltr'><strong>iustitiam.</strong></span> <span class='ocrx_word' id='word_1_490' title='bbox 2432 4243 2564 4292; x_wconf 88' lang='lat' dir='ltr'><strong>Cum</strong></span> <span class='ocrx_word' id='word_1_491' title='bbox 2618 4255 2745 4291; x_wconf 83' lang='lat' dir='ltr'><strong>vero</strong></span> 
     </span>
     <span class='ocr_line' id='line_1_45' title="bbox 237 4330 2749 4407; baseline -0.006 -14"><span class='ocrx_word' id='word_1_492' title='bbox 237 4359 424 4394; x_wconf 83' lang='lat' dir='ltr'><strong>omnes</strong></span> <span class='ocrx_word' id='word_1_493' title='bbox 463 4339 855 4407; x_wconf 88' lang='lat' dir='ltr'><strong>promissiones</strong></span> <span class='ocrx_word' id='word_1_494' title='bbox 893 4353 928 4388; x_wconf 85' lang='lat' dir='ltr'><strong>a</strong></span> <span class='ocrx_word' id='word_1_495' title='bbox 960 4337 1240 4403; x_wconf 87' lang='lat' dir='ltr'><strong>Prophetis</strong></span> <span class='ocrx_word' id='word_1_496' title='bbox 1275 4336 1451 4386; x_wconf 85' lang='lat' dir='ltr'><strong>factae</strong></span> <span class='ocrx_word' id='word_1_497' title='bbox 1487 4335 1543 4383; x_wconf 90' lang='lat' dir='ltr'><strong>in</strong></span> <span class='ocrx_word' id='word_1_498' title='bbox 1581 4333 1790 4383; x_wconf 82' lang='lat' dir='ltr'><strong>Christo</strong></span> <span class='ocrx_word' id='word_1_499' title='bbox 1830 4336 2077 4382; x_wconf 86' lang='lat' dir='ltr'><strong>eventum</strong></span> <span class='ocrx_word' id='word_1_500' title='bbox 2114 4331 2424 4391; x_wconf 85' lang='lat' dir='ltr'><strong>habuerint,</strong></span> <span class='ocrx_word' id='word_1_501' title='bbox 2473 4335 2635 4395; x_wconf 88' lang='lat' dir='ltr'><strong>atque</strong></span> <span class='ocrx_word' id='word_1_502' title='bbox 2672 4330 2749 4378; x_wconf 86' lang='lat' dir='ltr'><strong>ita</strong></span> 
     </span>
     <span class='ocr_line' id='line_1_46' title="bbox 234 4418 2747 4488; baseline -0.007 -7"><span class='ocrx_word' id='word_1_503' title='bbox 234 4433 438 4481; x_wconf 80' lang='lat' dir='ltr'><strong>veritas</strong></span> <span class='ocrx_word' id='word_1_504' title='bbox 477 4441 670 4478; x_wconf 83' lang='lat' dir='ltr'><strong>earum</strong></span> <span class='ocrx_word' id='word_1_505' title='bbox 710 4423 1022 4474; x_wconf 86' lang='lat' dir='ltr'><strong>confirmata</strong></span> <span class='ocrx_word' id='word_1_506' title='bbox 1058 4427 1156 4488; x_wconf 74' lang='lat' dir='ltr'><strong>sit3</strong></span> <span class='ocrx_word' id='word_1_507' title='bbox 1191 4424 1380 4472; x_wconf 89' lang='lat' dir='ltr'><strong>merito</strong></span> <span class='ocrx_word' id='word_1_508' title='bbox 1405 4423 1470 4472; x_wconf 90' lang='lat' dir='ltr'><strong>iis</strong></span> <span class='ocrx_word' id='word_1_509' title='bbox 1510 4419 1630 4470; x_wconf 92' lang='lat' dir='ltr'><strong>coll.</strong></span> <span class='ocrx_word' id='word_1_510' title='bbox 1668 4419 1857 4470; x_wconf 83' lang='lat' dir='ltr'><strong>Matth.</strong></span> <span class='ocrx_word' id='word_1_511' title='bbox 1887 4422 1967 4482; x_wconf 93' lang='lat'><strong>11,</strong></span> <span class='ocrx_word' id='word_1_512' title='bbox 1996 4421 2077 4468; x_wconf 88' lang='grc'><strong>13.</strong></span> <span class='ocrx_word' id='word_1_513' title='bbox 2125 4418 2321 4469; x_wconf 83' lang='lat' dir='ltr'><strong>Joann.</strong></span> <span class='ocrx_word' id='word_1_514' title='bbox 2350 4420 2397 4480; x_wconf 91' lang='lat'><strong>1,</strong></span> <span class='ocrx_word' id='word_1_515' title='bbox 2423 4419 2507 4468; x_wconf 80' lang='lat'><strong>45.</strong></span> <span class='ocrx_word' id='word_1_516' title='bbox 2544 4418 2747 4468; x_wconf 87' lang='lat' dir='ltr'><strong>sistitur</strong></span> 
     </span>
     <span class='ocr_line' id='line_1_47' title="bbox 233 4503 2744 4584; baseline -0.007 -15"><span class='ocrx_word' id='word_1_517' title='bbox 233 4513 606 4584; x_wconf 88' lang='lat' dir='ltr'><strong>praeconio</strong></span> <span class='ocrx_word' id='word_1_518' title='bbox 645 4510 1004 4576; x_wconf 82' lang='lat' dir='ltr'><strong>Evangelii</strong></span> <span class='ocrx_word' id='word_1_519' title='bbox 1043 4515 1097 4560; x_wconf 91' lang='lat' dir='ltr'><strong>et</strong></span> <span class='ocrx_word' id='word_1_520' title='bbox 1131 4510 1329 4560; x_wconf 85' lang='lat' dir='ltr'><strong>rebus</strong></span> <span class='ocrx_word' id='word_1_521' title='bbox 1366 4508 1580 4573; x_wconf 85' lang='lat' dir='ltr'><strong>gestis</strong></span> <span class='ocrx_word' id='word_1_522' title='bbox 1617 4506 1915 4572; x_wconf 88' lang='lat' dir='ltr'><strong>sigillum</strong></span> <span class='ocrx_word' id='word_1_523' title='bbox 1952 4505 2238 4556; x_wconf 88' lang='lat' dir='ltr'><strong>addidisse.</strong></span> <span class='ocrx_word' id='word_1_524' title='bbox 2292 4503 2371 4554; x_wconf 82' lang='lat' dir='ltr'><strong>Cf.</strong></span> <span class='ocrx_word' id='word_1_525' title='bbox 2410 4503 2744 4564; x_wconf 84' lang='lat' dir='ltr'><strong>Tertulliani,</strong></span> 
     </span>
    </p>
   </div>
   <div class='ocr_carea' id='block_1_6' title="bbox 235 4591 2745 4726">
    <p class='ocr_par' dir='ltr' id='par_1_6' title="bbox 235 4591 2745 4726">
     <span class='ocr_line' id='line_1_48' title="bbox 235 4591 2745 4661; baseline -0.006 -7"><span class='ocrx_word' id='word_1_526' title='bbox 235 4611 425 4656; x_wconf 78' lang='lat' dir='ltr'><strong>contra</strong></span> <span class='ocrx_word' id='word_1_527' title='bbox 447 4600 587 4652; x_wconf 84' lang='lat' dir='ltr'><strong>Jud.</strong></span> <span class='ocrx_word' id='word_1_528' title='bbox 615 4615 669 4648; x_wconf 91' lang='lat' dir='ltr'><strong>n.</strong></span> <span class='ocrx_word' id='word_1_529' title='bbox 695 4601 744 4648; x_wconf 90' lang='lat'><strong>8.</strong></span> <span class='ocrx_word' id='word_1_530' title='bbox 769 4599 860 4661; x_wconf 90' lang='lat' dir='ltr'><strong>IV,</strong></span> <span class='ocrx_word' id='word_1_531' title='bbox 887 4599 969 4648; x_wconf 82' lang='lat'><strong>30.</strong></span> <span class='ocrx_word' id='word_1_532' title='bbox 1015 4597 1164 4646; x_wconf 83' lang='lat' dir='ltr'><strong>Haec</strong></span> <span class='ocrx_word' id='word_1_533' title='bbox 1201 4601 1380 4646; x_wconf 88' lang='lat' dir='ltr'><strong>autem</strong></span> <span class='ocrx_word' id='word_1_534' title='bbox 1415 4596 1520 4645; x_wconf 90' lang='lat' dir='ltr'><strong>duo</strong></span> <span class='ocrx_word' id='word_1_535' title='bbox 1558 4594 1855 4660; x_wconf 85' lang='lat' dir='ltr'><strong>penultima</strong></span> <span class='ocrx_word' id='word_1_536' title='bbox 1894 4593 2169 4655; x_wconf 86' lang='lat' dir='ltr'><strong>beneficia,</strong></span> <span class='ocrx_word' id='word_1_537' title='bbox 2210 4598 2467 4657; x_wconf 85' lang='lat' dir='ltr'><strong>tanquam</strong></span> <span class='ocrx_word' id='word_1_538' title='bbox 2504 4591 2745 4650; x_wconf 81' lang='lat' dir='ltr'><strong>effectus,</strong></span> 
     </span>
     <span class='ocr_line' id='line_1_49' title="bbox 2371 4678 2435 4726; baseline 0 -17"><span class='ocrx_word' id='word_1_539' title='bbox 2371 4678 2435 4726; x_wconf 60' lang='lat'><strong>0*</strong></span> 
     </span>
    </p>
   </div>
  </div>
 </body>
</html>
