3267 5259
1120 390 1405 442 &anguium
1434 394 1481 432 s.
1500 391 1730 433 natta-ei.
2543 381 2670 447 263

582 636 643 714 ξ.
690 636 795 700 43.
856 632 1237 698 Persona
1283 658 1333 697 s.
1368 632 1787 699 Matthaei
1831 634 2260 721 Apostoli.

390 822 636 887 Primus
670 824 957 887 omnium
994 822 1356 907 Evangelio
1402 823 1748 888 scribendo
1782 846 2047 888 manum
2079 825 2369 891 admovit
2400 825 2465 890 S.
2498 826 2665 890 Mat-

221 935 413 999 thaeus
434 938 469 1017 ¹,
503 936 611 1020 qui
645 945 711 999 et
734 934 899 998 Levi
915 936 966 1017 2;
999 944 1253 1020 patrem
1276 934 1504 1000 habuit
1522 934 1894 1021 Alphaeum
1911 940 1954 1019 ³,
1978 939 2254 1022 patriam
2278 936 2664 1020 Galilaeam‚

222 1049 507 1111 nationem
538 1046 904 1111 Judaicam.
951 1047 1327 1133 Antequam
1372 1071 1411 1111 a
1443 1046 1700 1113 Christo
1745 1048 1828 1112 ad
1871 1050 2293 1113 ministerium
2335 1050 2659 1135 evangeli-

224 1182 343 1223 cum
380 1168 641 1223 vocatus
688 1168 890 1242 esset,
941 1158 1353 1244 publicorum
1396 1159 1816 1244 vectigalium
1859 1161 2271 1225 exactionem
2317 1162 2380 1225 in
2423 1160 2664 1226 telonio

222 1270 533 1335 exercebat
576 1293 787 1357 prope
837 1272 1165 1335 civitatem
1212 1270 1672 1357 Caphar-naum
1723 1271 1808 1335 ad
1852 1295 2031 1336 mare
2063 1272 2446 1337 Tiberiadis.
2498 1274 2663 1339 Cum

218 1384 319 1447 hoc
346 1407 449 1449 suo
480 1406 749 1447 munere
783 1382 1185 1467 fungeretur,
1216 1394 1491 1447 vocatus
1524 1406 1563 1447 a
1596 1382 1881 1467 Christ03
1929 1384 2168 1449 relictis
2201 1384 2500 1450 omnibus
2529 1409 2666 1451 sur-

216 1520 353 1580 gens
378 1505 627 1561 secutus
658 1506 759 1561 est
789 1518 967 1578 eum3
1009 1494 1353 1582 factusque
1386 1506 1484 1560 est
1515 1496 1597 1561 ab
1630 1494 1755 1561 hac
1786 1496 1936 1561 inde
1968 1499 2313 1562 vocatione
2345 1536 2430 1547 —-
2463 1521 2658 1585 quam

216 1608 386 1673 solam
409 1632 550 1674 cum
574 1619 803 1673 secuto
830 1610 1128 1673 convivio
1158 1608 1603 1694 S.Evangelia
1636 1619 2184 1675 enarrant—non
2207 1612 2402 1676 modo
2433 1611 2666 1677 nobilis

218 1720 415 1785 Christi
444 1721 797 1807 discipulus
830 1710 1254 1808 eiusdemque
1288 1721 1623 1787 doctrinae
1650 1722 1907 1787 auditor
1930 1721 2224 1808 diligens,
2261 1746 2664 1810 operumque

216 1846 503 1919 spectator
524 1834 907 1899 industrius:
934 1834 1047 1899 sed
1077 1844 1142 1899 et
1170 1858 1337 1899 unus
1364 1858 1447 1899 ex
1474 1834 1822 1900 duodecim
1845 1835 2176 1922 Apostolis
2199 1836 2344 1901 Filii
2369 1837 2498 1901 Dei
2524 1836 2662 1901 Sal-

216 1950 419 2011 vatoris
440 1947 497 2011 N
500 1948 683 2031 ostri3
708 1948 839 2012 imo
869 1957 934 2011 et
950 1946 1392 2032 Evangelista.
1421 1946 1768 2027 Quomodo
1795 1958 2014 2014 autem
2041 1950 2100 2013 d.
2121 1950 2490 2014 Matthaeus
2515 1956 2664 2036 post

217 2062 463 2141 magistri
480 2062 577 2125 sui
595 2062 663 2125 in
685 2058 905 2125 coelos
924 2063 1373 2125 ascensionem
1392 2073 1655 2147 praeter
1671 2061 1715 2126 J
1717 2061 1962 2126 udaeos
1976 2066 2000 2105 ⁴
2016 2065 2082 2125 in
2102 2063 2381 2127 citeriori
2396 2061 2662 2126 Aethio-

214 2172 315 2255 pia,
351 2195 507 2257 quae
550 2174 828 2237 vicinior
860 2182 960 2237 est
993 2172 1323 2259 Aegypto,
1363 2194 1497 2237 non
1540 2171 1748 2238 solum
1793 2174 2120 2239 Christum
2159 2174 2659 2260 praedicaverit,

213 2304 401 2347 verum
432 2286 623 2348 etiam
656 2286 966 2369 martyrio
1001 2288 1387 2349 coronatus⁵
1416 2285 1629 2367 fuerit,
1662 2296 1922 2351 veteres
1953 2286 2218 2351 tradunt
2248 2288 2596 2372 scriptores
2617 2290 2659 2351 ⁶.

220 2414 340 2423 ’.-

386 2486 423 2551 ¹)
458 2484 725 2547 Ματθαῖος,
752 2486 951 2537 confer.
982 2485 1103 2534 ’ΒΜ
1138 2503 1330 2537 nomen
1368 2488 1513 2553 quod
1549 2486 1816 2553 significat
1860 2486 2056 2537 donum
2097 2488 2330 2538 Domini.
2401 2486 2487 2538 Ita
2536 2486 2662 2537 olim
2747 2560 2756 2565 -

212 2572 297 2619 ism
327 2587 362 2622 s.
384 2572 635 2636 Isidorus,
672 2573 976 2638 Etymolog.
1001 2574 1120 2637 VII,
1148 2576 1195 2624 9.
1234 2574 1333 2637 111,
1362 2576 1479 2625 287.
1526 2575 1702 2624 Arabs
1728 2576 1998 2638 Kirstenii,
2025 2576 2169 2625 vitae
2193 2574 2660 2640 Evangelistarum

212 2666 404 2722 quatuor
437 2674 499 2709 ex
524 2674 573 2709 a.
600 2676 648 2710 c.
672 2674 797 2710 mss.
834 2658 991 2710 Caes.
1012 2660 1244 2710 Vindob.
1276 2660 1511 2711 Breslae.
1542 2664 1692 2712 1608.
1727 2678 1778 2727 p.
1807 2662 1864 2710 in
1897 2662 2052 2711 titulo
2087 2658 2462 2731 προλεγομένων
2499 2662 2659 2711 inter·

210 2750 413 2808 pretatur
446 2748 701 2797 electus
740 2746 1023 2797 almustafl.
1097 2746 1139 2813 ²)
1178 2748 1299 2797 Hoc
1334 2754 1451 2797 erat
1487 2750 1599 2798 eius
1639 2764 1949 2813 cognomen,
1985 2753 2047 2798 ut
2083 2764 2146 2798 ex
2179 2748 2312 2798 Luc.
2338 2750 2388 2810 5,
2415 2747 2660 2803 27.,coll.

210 2829 363 2881 matth.
396 2836 443 2895 9,
477 2834 847 2889 9..manifeste
884 2835 1139 2899 sequitur.
1190 2834 1271 2884 Cf.
1304 2851 1357 2900 p.
1392 2836 1477 2885 45.
1528 2834 1798 2897 Cotelerii‚
1834 2838 1942 2885 not.
1978 2838 2026 2885 9.
2065 2834 2134 2883 ad
2172 2833 2354 2884 Const.
2390 2850 2475 2901 ap.
2511 2835 2660 2897 VIII,
2725 2867 2732 2873 ,

210 2918 275 2966 22.
298 2919 369 2968 ed.
394 2920 599 2971 Clerici.
638 2920 682 2983 1,
708 2921 827 2970 413.
876 2920 1027 2970 Duos
1053 2922 1193 2970 enim
1220 2920 1459 2971 diversos
1492 2920 1688 2971 Christi
1726 2921 2018 2986 discipulos
2055 2937 2174 2970 cum
2211 2922 2493 2973 neotericis
2531 2936 2657 2973 con-

210 3001 375 3069 fingere
406 3006 560 3069 velle,
598 3022 709 3055 non
747 3011 829 3056 est
862 3022 1099 3057 necesse.
1148 3008 1211 3057 L.
1240 3013 1453 3073 praeter
1490 3007 1626 3057 alios
1663 3007 1867 3069 Frisch,
1908 3022 2094 3057 comm.
2134 3007 2200 3057 de
2225 3007 2499 3058 Matthaeo
2539 3024 2660 3058 cum

212 3090 317 3140 Levi
346 3108 447 3143 non
484 3092 879 3144 confundendo.
928 3093 1077 3159 Lips.
1106 3095 1257 3143 1746.
1316 3094 1431 3145 Hos
1468 3094 1724 3144 refutavit
1759 3095 1916 3143 etiam
1951 3093 2128 3157 Khell,
2155 3092 2340 3159 Eclog.
2381 3094 2511 3145 Obs.
2537 3094 2580 3156 1,
2607 3097 2658 3144 9.

210 3180 339 3240 p.43.
396 3178 435 3246 ³)
470 3178 609 3230 Coll.
642 3180 810 3229 Marc.
836 3182 887 3241 2,
915 3182 993 3229 14.
1030 3180 1117 3229 ad.
1161 3198 1211 3246 q.
1243 3180 1279 3230 l.
1314 3197 1363 3230 v.
1400 3180 1720 3247 Stiltingum,
1755 3180 1820 3229 de
1855 3196 1896 3231 s.
1923 3180 2196 3231 Matthaeo
2228 3182 2329 3247 Ap.
2356 3186 2408 3231 et
2431 3182 2658 3247 Evang„

210 3263 251 3311 in
270 3266 370 3314 Act.
394 3265 447 3316 S.
484 3266 537 3317 S.
574 3250 722 3333 Sepf.
746 3266 838 3329 VI,
866 3268 983 3317 200.
1009 3284 1050 3317 s.
1101 3267 1234 3316 Luc.
1270 3270 1319 3331 5,
1356 3270 1437 3318 27.
1477 3268 1801 3333 adpellative
1841 3268 2224 3333 „publicanus“
2266 3268 2475 3318 dicitur.
2533 3268 2662 3317 Fuit

212 3366 365 3417 nempe
386 3353 571 3404 Matth.
598 3356 649 3416 9,
675 3354 725 3403 9.
763 3354 955 3403 sedens
980 3355 1037 3403 in
1060 3354 1275 3417 teloni0‚
1314 3355 1429 3403 sive
1466 3354 1774 3415 telonarius,
1813 3351 2030 3417 τελίονης
2067 3354 2212 3419 apud
2237 3354 2470 3418 Suidam,
2497 3355 2658 3405 Thes.

208 3435 263 3494 11,
286 3442 419 3488 1067.
466 3440 747 3490 Suicerum
782 3440 941 3491 Thes.
974 3440 1121 3489 Eccl.
1157 3440 1227 3501 11,
1268 3443 1417 3491 1266.
1442 3458 1501 3504 8.,
1541 3443 1631 3506 qui
1669 3446 1786 3491 erat
1820 3442 2026 3506 species
2069 3441 2371 3507 publicani3
2419 3456 2453 3491 a
2487 3442 2660 3507 publi-

208 3526 325 3573 canis
358 3527 493 3575 enim
532 3526 783 3575 telonarii
816 3528 875 3575 in
910 3526 1119 3591 legibus
1154 3526 1513 3576 Romanorum
1550 3528 1970 3592 distinguuntur.
2030 3528 2166 3577 Erat
2200 3533 2376 3578 autem
2419 3528 2659 3595 publica-

208 3624 359 3659 norum
382 3628 565 3677 genus,
602 3628 729 3662 nam
765 3612 933 3661 hocce
970 3614 1181 3662 nomine
1218 3628 1361 3663 nunc
1392 3615 1586 3679 potiori
1610 3616 1688 3662 uti
1713 3614 1892 3676 lice-at,
1921 3614 1988 3664 ob
2015 3614 2231 3664 fraudes
2263 3620 2317 3664 et
2339 3616 2661 3678 imposturas

206 3694 393 3747 Judaeis
428 3714 599 3763 aeque
638 3712 703 3747 ac
740 3698 994 3748 Romanis
1032 3698 1189 3748 valde
1227 3714 1460 3749 exosum.
1524 3699 1844 3765 Cumprimis
1883 3706 2058 3749 autem
2091 3700 2287 3751 Judaei
2323 3702 2446 3751 odio
2483 3702 2656 3767 publi-

207 3795 337 3833 canos
358 3784 641 3851 plusquam
678 3785 857 3835 hostili
895 3786 1370 3850 prosequebantur,
1408 3790 1592 3851 utpote
1630 3788 1722 3851 qui
1757 3787 2058 3836 libertatem
2094 3802 2304 3853 semper
2342 3787 2656 3837 anhelantes

206 3872 497 3932 magistratui
535 3872 717 3922 alieno
754 3872 1039 3937 vectigalia
1080 3873 1196 3922 sine
1242 3887 1450 3922 summa
1496 3874 1659 3922 animi
1703 3873 1951 3924 molestia
1997 3874 2231 3939 pendere
2269 3876 2355 3923 vix
2391 3878 2655 3939 poterant,

206 3960 479 4015 praesertim
514 3960 559 4009 si
598 3958 883 4008 accederet
926 3964 1233 4009 exactorum
1278 3960 1549 4024 iniquitas,
1578 3960 1766 4025 quain
1791 3960 1897 4008 vita
1929 3960 2338 4024 publicanorum
2374 3958 2506 4009 nihil
2541 3963 2658 4009 erat

206 4039 509 4105 frequentius.
561 4044 811 4094 Ceterum
848 4045 1003 4109 plura
1039 4045 1105 4094 de
1141 4044 1443 4111 publicanis
1482 4046 1687 4095 erudite
1733 4050 1990 4110 congesta
2021 4046 2056 4095 l.
2095 4060 2182 4111 ap.
2215 4046 2490 4110 Bezange,
2523 4046 2654 4095 Intr.

206 4141 239 4187 p.
262 4130 331 4177 67.
354 4144 394 4179 s.
438 4131 501 4181 F.
533 4128 596 4180 G.
624 4130 959 4195 (ih-egerium,
998 4132 1065 4181 de
1100 4132 1529 4197 temperamentis
1566 4133 1748 4197 script.
1785 4132 1848 4181 N.
1881 4130 1960 4193 T„
1991 4133 2046 4180 in
2070 4130 2227 4181 Thes.
2255 4146 2376 4181 noir.
2401 4131 2472 4193 11,
2501 4132 2584 4181 34.
2610 4148 2653 4181 s.

208 4214 235 4273 ⁴)
267 4214 325 4264 [ἴε
358 4218 723 4267 vetustissima
746 4216 945 4267 habent
978 4220 1305 4267 monimenta
1334 4218 1403 4267 ab
1428 4218 1826 4283 Hagiographis
1853 4218 1922 4267 ad
1947 4218 2084 4266 diem
2121 4220 2203 4267 21.
2231 4216 2376 4282 Sept.
2404 4218 2656 4282 excitata,

206 4296 229 4343 1-
256 4316 289 4348 s.
320 4317 361 4351 c.
396 4320 448 4368 p.
485 4305 607 4354 206.
634 4320 677 4353 s.
754 4304 795 4367 ⁵)
833 4302 895 4351 In
932 4304 1063 4352 urbe
1101 4303 1331 4369 quadam
1367 4303 1674 4353 Naddaber.
1737 4302 1778 4369 Β)
1814 4303 1878 4352 L.
1903 4303 2143 4365 Eusebii,
2183 4302 2252 4351 H.
2277 4303 2342 4352 Ε.
2369 4303 2466 4364 ΠΙ,
2493 4305 2577 4353 24.
2601 4320 2656 4369 p.

204 4384 265 4433 95.
298 4388 405 4448 Quo
430 4390 647 4439 interim
682 4404 879 4453 genere
908 4391 1093 4439 mortis
1130 4388 1504 4439 clarificaverit
1537 4390 1730 4451 Deum,
1769 4395 1824 4439 et
1859 4389 1988 4439 ubi?
2023 4390 2198 4439 minus
2235 4395 2380 4439 certe
2418 4396 2656 4441 narrant.

202 4467 459 4536 lapidibus
492 4474 750 4524 obrutum
782 4472 1086 4538 Beschberi,
1112 4475 1277 4525 habet
1298 4476 1473 4525 Arabs
1496 4476 1752 4525 Kirstenii
1778 4494 1828 4541 p.
1856 4476 1938 4526 30.
1973 4476 2150 4540 Atque
2175 4474 2310 4525 haec
2335 4476 2402 4525 de
2426 4490 2660 4541 persona

202 4570 233 4603 s.
250 4556 487 4611 Matthaei
525 4558 831 4624 sufficiant3
868 4561 1025 4625 plura
1060 4562 1209 4611 dabit
1246 4562 1635 4613 eruditissimus
1664 4562 1892 4627 Stilting,
1931 4564 1986 4611 in
2007 4563 2126 4612 Act.
2165 4561 2218 4611 S.
2246 4560 2300 4612 S.
2325 4562 2463 4613 Boll.
2488 4563 2523 4613 1.
2551 4580 2592 4613 s.
2621 4564 2656 4617 l.
