<?xml version="1.0" encoding="UTF-8"?>
<!DOCTYPE html PUBLIC "-//W3C//DTD XHTML 1.0 Transitional//EN"
    "http://www.w3.org/TR/xhtml1/DTD/xhtml1-transitional.dtd">
<html xmlns="http://www.w3.org/1999/xhtml" xml:lang="en" lang="en">
 <head>
  <title>
</title>
<meta http-equiv="Content-Type" content="text/html;charset=utf-8" />
  <meta name='ocr-system' content='tesseract 3.04.00' />
  <meta name='ocr-capabilities' content='ocr_page ocr_carea ocr_par ocr_line ocrx_word'/>
</head>
<body>
  <div class='ocr_page' id='page_1' title='image "./historiarevelat00unkngoog_0108.png"; bbox 0 0 3267 5259; ppageno 0'>
   <div class='ocr_carea' id='block_1_1' title="bbox 545 484 2197 551">
    <p class='ocr_par' dir='ltr' id='par_1_1' title="bbox 545 484 2197 551">
     <span class='ocr_line' id='line_1_1' title="bbox 545 484 2197 551; baseline 0.004 -19"><span class='ocrx_word' id='word_1_1' title='bbox 545 484 694 533; x_wconf 81' lang='lat' dir='ltr'>XCII</span> <span class='ocrx_word' id='word_1_2' title='bbox 1361 502 1606 551; x_wconf 74' lang='lat' dir='ltr'>Apparatus</span> <span class='ocrx_word' id='word_1_3' title='bbox 1639 500 1859 540; x_wconf 70' lang='lat' dir='ltr'>uiatorico</span> <span class='ocrx_word' id='word_1_4' title='bbox 1880 522 1927 529; x_wconf 86' lang='lat'>--</span> <span class='ocrx_word' id='word_1_5' title='bbox 1946 500 2197 541; x_wconf 81' lang='lat' dir='ltr'>chronicus.</span> 
     </span>
    </p>
   </div>
   <div class='ocr_carea' id='block_1_2' title="bbox 543 678 3041 3570">
    <p class='ocr_par' dir='ltr' id='par_1_2' title="bbox 543 678 3041 2529">
     <span class='ocr_line' id='line_1_2' title="bbox 543 678 3036 754; baseline 0 -17"><span class='ocrx_word' id='word_1_6' title='bbox 543 700 589 737; x_wconf 88' lang='lat' dir='ltr'>s.</span> <span class='ocrx_word' id='word_1_7' title='bbox 621 680 872 736; x_wconf 86' lang='lat' dir='ltr'>Jacobi</span> <span class='ocrx_word' id='word_1_8' title='bbox 911 678 1224 754; x_wconf 82' lang='lat' dir='ltr'>epistola</span> <span class='ocrx_word' id='word_1_9' title='bbox 1263 679 1420 737; x_wconf 87' lang='lat' dir='ltr'>inter</span> <span class='ocrx_word' id='word_1_10' title='bbox 1451 681 1708 737; x_wconf 88' lang='lat' dir='ltr'>eruditos</span> <span class='ocrx_word' id='word_1_11' title='bbox 1739 700 1942 737; x_wconf 88' lang='lat' dir='ltr'>rursus</span> <span class='ocrx_word' id='word_1_12' title='bbox 1974 700 2183 753; x_wconf 87' lang='lat' dir='ltr'>magno</span> <span class='ocrx_word' id='word_1_13' title='bbox 2214 680 2465 738; x_wconf 80' lang='lat' dir='ltr'>invice-m</span> <span class='ocrx_word' id='word_1_14' title='bbox 2504 682 2770 737; x_wconf 81' lang='lat' dir='ltr'>dissensu</span> <span class='ocrx_word' id='word_1_15' title='bbox 2802 688 3036 738; x_wconf 89' lang='lat' dir='ltr'>contro-</span> 
     </span>
     <span class='ocr_line' id='line_1_3' title="bbox 543 783 3037 860; baseline 0.001 -21"><span class='ocrx_word' id='word_1_16' title='bbox 543 784 818 841; x_wconf 79' lang='lat' dir='ltr'>vertitur.</span> <span class='ocrx_word' id='word_1_17' title='bbox 853 783 1126 860; x_wconf 85' lang='lat' dir='ltr'>Plerique</span> <span class='ocrx_word' id='word_1_18' title='bbox 1155 786 1219 839; x_wconf 89' lang='lat' dir='ltr'>in</span> <span class='ocrx_word' id='word_1_19' title='bbox 1245 803 1465 840; x_wconf 88' lang='lat' dir='ltr'>annum</span> <span class='ocrx_word' id='word_1_20' title='bbox 1495 789 1593 841; x_wconf 89' lang='grc'>61.</span> <span class='ocrx_word' id='word_1_21' title='bbox 1621 783 1787 842; x_wconf 88' lang='lat' dir='ltr'>illam</span> <span class='ocrx_word' id='word_1_22' title='bbox 1812 786 2137 855; x_wconf 82' lang='lat' dir='ltr'>conferunt,</span> <span class='ocrx_word' id='word_1_23' title='bbox 2168 804 2279 841; x_wconf 90' lang='lat' dir='ltr'>non</span> <span class='ocrx_word' id='word_1_24' title='bbox 2306 786 2431 841; x_wconf 87' lang='lat' dir='ltr'>sine</span> <span class='ocrx_word' id='word_1_25' title='bbox 2454 786 2582 843; x_wconf 79' lang='lat' dir='ltr'>veri</span> <span class='ocrx_word' id='word_1_26' title='bbox 2608 786 2800 860; x_wconf 87' lang='lat' dir='ltr'>specie</span> <span class='ocrx_word' id='word_1_27' title='bbox 2824 805 3037 860; x_wconf 75' lang='lat' dir='ltr'>provo-</span> 
     </span>
     <span class='ocr_line' id='line_1_4' title="bbox 544 887 3040 966; baseline 0 -21"><span class='ocrx_word' id='word_1_28' title='bbox 544 894 740 945; x_wconf 84' lang='lat' dir='ltr'>cantes</span> <span class='ocrx_word' id='word_1_29' title='bbox 759 889 830 945; x_wconf 90' lang='lat' dir='ltr'>ad</span> <span class='ocrx_word' id='word_1_30' title='bbox 847 887 954 945; x_wconf 88' lang='lat' dir='ltr'>illa</span> <span class='ocrx_word' id='word_1_31' title='bbox 972 887 1277 944; x_wconf 88' lang='lat' dir='ltr'>literarum</span> <span class='ocrx_word' id='word_1_32' title='bbox 1302 887 1733 964; x_wconf 80' lang='lat' dir='ltr'>encyclicarum</span> <span class='ocrx_word' id='word_1_33' title='bbox 1758 910 1803 946; x_wconf 88' lang='lat' dir='ltr'>s.</span> <span class='ocrx_word' id='word_1_34' title='bbox 1820 889 2022 947; x_wconf 82' lang='lat' dir='ltr'>Jacobi</span> <span class='ocrx_word' id='word_1_35' title='bbox 2046 888 2056 925; x_wconf 83' lang='lat'><strong>¹</strong></span> <span class='ocrx_word' id='word_1_36' title='bbox 2086 889 2236 957; x_wconf 82' lang='lat' dir='ltr'>loca3</span> <span class='ocrx_word' id='word_1_37' title='bbox 2264 890 2427 966; x_wconf 81' lang='lat' dir='ltr'>queis</span> <span class='ocrx_word' id='word_1_38' title='bbox 2450 890 2766 947; x_wconf 76' lang='lat' dir='ltr'>exarandis</span> <span class='ocrx_word' id='word_1_39' title='bbox 2790 890 3040 964; x_wconf 78' lang='lat' dir='ltr'>epistola</span> 
     </span>
     <span class='ocr_line' id='line_1_5' title="bbox 543 990 3037 1067; baseline 0 -20"><span class='ocrx_word' id='word_1_40' title='bbox 543 1013 586 1047; x_wconf 90' lang='lat' dir='ltr'>s.</span> <span class='ocrx_word' id='word_1_41' title='bbox 609 992 776 1049; x_wconf 86' lang='lat' dir='ltr'>Pauli</span> <span class='ocrx_word' id='word_1_42' title='bbox 812 993 883 1049; x_wconf 89' lang='lat' dir='ltr'>ad</span> <span class='ocrx_word' id='word_1_43' title='bbox 908 990 1146 1048; x_wconf 85' lang='lat' dir='ltr'>Galatas</span> <span class='ocrx_word' id='word_1_44' title='bbox 1169 998 1228 1048; x_wconf 88' lang='lat' dir='ltr'>et</span> <span class='ocrx_word' id='word_1_45' title='bbox 1251 992 1539 1048; x_wconf 77' lang='lat' dir='ltr'>Romanos</span> <span class='ocrx_word' id='word_1_46' title='bbox 1563 991 1715 1049; x_wconf 87' lang='lat' dir='ltr'>male</span> <span class='ocrx_word' id='word_1_47' title='bbox 1738 992 2039 1049; x_wconf 82' lang='lat' dir='ltr'>intellecta</span> <span class='ocrx_word' id='word_1_48' title='bbox 2070 1012 2271 1049; x_wconf 86' lang='lat' dir='ltr'>ansam</span> <span class='ocrx_word' id='word_1_49' title='bbox 2302 992 2634 1067; x_wconf 79' lang='lat' dir='ltr'>praebuisse</span> <span class='ocrx_word' id='word_1_50' title='bbox 2664 994 2924 1051; x_wconf 74' lang='lat' dir='ltr'>videtur.</span> <span class='ocrx_word' id='word_1_51' title='bbox 2964 994 3037 1049; x_wconf 90' lang='lat' dir='ltr'>In</span> 
     </span>
     <span class='ocr_line' id='line_1_6' title="bbox 543 1094 3040 1171; baseline -0.001 -18"><span class='ocrx_word' id='word_1_52' title='bbox 543 1098 654 1153; x_wconf 89' lang='lat' dir='ltr'>hac</span> <span class='ocrx_word' id='word_1_53' title='bbox 678 1100 866 1153; x_wconf 82' lang='lat' dir='ltr'>aetate</span> <span class='ocrx_word' id='word_1_54' title='bbox 888 1095 1240 1152; x_wconf 86' lang='lat' dir='ltr'>stabilienda</span> <span class='ocrx_word' id='word_1_55' title='bbox 1262 1094 1678 1153; x_wconf 90' lang='lat' dir='ltr'>confirmamur</span> <span class='ocrx_word' id='word_1_56' title='bbox 1701 1096 1897 1166; x_wconf 88' lang='lat' dir='ltr'>etiam,</span> <span class='ocrx_word' id='word_1_57' title='bbox 1932 1096 2219 1153; x_wconf 72' lang='lat' dir='ltr'>relatione</span> <span class='ocrx_word' id='word_1_58' title='bbox 2250 1095 2525 1171; x_wconf 85' lang='lat' dir='ltr'>epistolae</span> <span class='ocrx_word' id='word_1_59' title='bbox 2550 1097 2609 1153; x_wconf 84' lang='lat' dir='ltr'>S.</span> <span class='ocrx_word' id='word_1_60' title='bbox 2630 1097 2795 1153; x_wconf 88' lang='lat' dir='ltr'>Petri</span> <span class='ocrx_word' id='word_1_61' title='bbox 2822 1098 3040 1171; x_wconf 86' lang='lat' dir='ltr'>prioris</span> 
     </span>
     <span class='ocr_line' id='line_1_7' title="bbox 544 1198 3041 1278; baseline -0.001 -20"><span class='ocrx_word' id='word_1_62' title='bbox 544 1202 615 1258; x_wconf 90' lang='lat' dir='ltr'>ad</span> <span class='ocrx_word' id='word_1_63' title='bbox 665 1206 925 1258; x_wconf 82' lang='lat' dir='ltr'>nostram</span> <span class='ocrx_word' id='word_1_64' title='bbox 969 1220 1014 1257; x_wconf 82' lang='lat' dir='ltr'>S.</span> <span class='ocrx_word' id='word_1_65' title='bbox 1047 1200 1267 1257; x_wconf 88' lang='lat' dir='ltr'>Jacobi.</span> <span class='ocrx_word' id='word_1_66' title='bbox 1334 1200 1624 1257; x_wconf 87' lang='lat' dir='ltr'>Instituta</span> <span class='ocrx_word' id='word_1_67' title='bbox 1664 1201 1951 1278; x_wconf 85' lang='lat' dir='ltr'>siquidem</span> <span class='ocrx_word' id='word_1_68' title='bbox 1996 1199 2305 1258; x_wconf 87' lang='lat' dir='ltr'>collatione.</span> <span class='ocrx_word' id='word_1_69' title='bbox 2322 1198 2363 1271; x_wconf 80' lang='lat'>²,</span> <span class='ocrx_word' id='word_1_70' title='bbox 2399 1201 2665 1277; x_wconf 79' lang='lat' dir='ltr'>aliquam</span> <span class='ocrx_word' id='word_1_71' title='bbox 2696 1202 3041 1276; x_wconf 79' lang='lat' dir='ltr'>scriptionis</span> 
     </span>
     <span class='ocr_line' id='line_1_8' title="bbox 547 1304 3038 1382; baseline 0 -20"><span class='ocrx_word' id='word_1_72' title='bbox 547 1306 1012 1363; x_wconf 81' lang='lat' dir='ltr'>communionem</span> <span class='ocrx_word' id='word_1_73' title='bbox 1058 1304 1120 1361; x_wconf 88' lang='lat' dir='ltr'>in</span> <span class='ocrx_word' id='word_1_74' title='bbox 1167 1305 1356 1361; x_wconf 85' lang='lat' dir='ltr'>lit-eris</span> <span class='ocrx_word' id='word_1_75' title='bbox 1401 1304 1602 1361; x_wconf 87' lang='lat' dir='ltr'>Jacobi</span> <span class='ocrx_word' id='word_1_76' title='bbox 1651 1311 1709 1361; x_wconf 88' lang='lat' dir='ltr'>et</span> <span class='ocrx_word' id='word_1_77' title='bbox 1738 1305 1899 1361; x_wconf 87' lang='lat' dir='ltr'>Petri</span> <span class='ocrx_word' id='word_1_78' title='bbox 1933 1306 2111 1375; x_wconf 87' lang='lat' dir='ltr'>cerni,</span> <span class='ocrx_word' id='word_1_79' title='bbox 2148 1306 2470 1382; x_wconf 83' lang='lat' dir='ltr'>divumque</span> <span class='ocrx_word' id='word_1_80' title='bbox 2504 1306 2840 1381; x_wconf 86' lang='lat' dir='ltr'>Principem</span> <span class='ocrx_word' id='word_1_81' title='bbox 2874 1309 3038 1381; x_wconf 83' lang='lat' dir='ltr'>Apo-</span> 
     </span>
     <span class='ocr_line' id='line_1_9' title="bbox 543 1408 3035 1485; baseline 0 -20"><span class='ocrx_word' id='word_1_82' title='bbox 543 1409 827 1467; x_wconf 87' lang='lat' dir='ltr'>stolorum</span> <span class='ocrx_word' id='word_1_83' title='bbox 861 1410 932 1465; x_wconf 88' lang='lat' dir='ltr'>ad</span> <span class='ocrx_word' id='word_1_84' title='bbox 963 1408 1202 1467; x_wconf 82' lang='lat' dir='ltr'>laudata</span> <span class='ocrx_word' id='word_1_85' title='bbox 1231 1430 1274 1465; x_wconf 78' lang='lat' dir='ltr'>S.</span> <span class='ocrx_word' id='word_1_86' title='bbox 1293 1409 1494 1466; x_wconf 89' lang='lat' dir='ltr'>Jacobi</span> <span class='ocrx_word' id='word_1_87' title='bbox 1519 1409 1647 1467; x_wconf 86' lang='lat' dir='ltr'>loca</span> <span class='ocrx_word' id='word_1_88' title='bbox 1676 1410 2011 1484; x_wconf 76' lang='lat' dir='ltr'>respexisse,</span> <span class='ocrx_word' id='word_1_89' title='bbox 2046 1409 2155 1467; x_wconf 79' lang='lat' dir='ltr'>vix</span> <span class='ocrx_word' id='word_1_90' title='bbox 2187 1409 2249 1465; x_wconf 91' lang='lat' dir='ltr'>in</span> <span class='ocrx_word' id='word_1_91' title='bbox 2284 1410 2532 1469; x_wconf 89' lang='lat' dir='ltr'>dubium</span> <span class='ocrx_word' id='word_1_92' title='bbox 2560 1410 2763 1468; x_wconf 75' lang='lat' dir='ltr'>vocari</span> <span class='ocrx_word' id='word_1_93' title='bbox 2798 1412 3035 1485; x_wconf 86' lang='lat' dir='ltr'>poterit.</span> 
     </span>
     <span class='ocr_line' id='line_1_10' title="bbox 546 1512 3037 1589; baseline 0 -20"><span class='ocrx_word' id='word_1_94' title='bbox 546 1514 745 1586; x_wconf 84' lang='lat' dir='ltr'>Igitur</span> <span class='ocrx_word' id='word_1_95' title='bbox 795 1512 1100 1588; x_wconf 87' lang='lat' dir='ltr'>epistolam</span> <span class='ocrx_word' id='word_1_96' title='bbox 1144 1513 1346 1571; x_wconf 84' lang='lat' dir='ltr'>Jacobi</span> <span class='ocrx_word' id='word_1_97' title='bbox 1377 1514 1466 1570; x_wconf 88' lang='lat' dir='ltr'>uti</span> <span class='ocrx_word' id='word_1_98' title='bbox 1501 1519 1628 1588; x_wconf 87' lang='lat' dir='ltr'>post</span> <span class='ocrx_word' id='word_1_99' title='bbox 1660 1512 1792 1570; x_wconf 84' lang='lat' dir='ltr'>illas</span> <span class='ocrx_word' id='word_1_100' title='bbox 1822 1512 2022 1583; x_wconf 81' lang='lat' dir='ltr'>Pauli,</span> <span class='ocrx_word' id='word_1_101' title='bbox 2072 1514 2156 1569; x_wconf 83' lang='lat' dir='ltr'>sic</span> <span class='ocrx_word' id='word_1_102' title='bbox 2186 1519 2324 1570; x_wconf 86' lang='lat' dir='ltr'>ante</span> <span class='ocrx_word' id='word_1_103' title='bbox 2358 1514 2519 1571; x_wconf 88' lang='lat' dir='ltr'>Petri</span> <span class='ocrx_word' id='word_1_104' title='bbox 2552 1513 2807 1589; x_wconf 81' lang='lat' dir='ltr'>primam</span> <span class='ocrx_word' id='word_1_105' title='bbox 2836 1515 3037 1571; x_wconf 83' lang='lat' dir='ltr'>datam</span> 
     </span>
     <span class='ocr_line' id='line_1_11' title="bbox 545 1617 3036 1695; baseline -0 -21"><span class='ocrx_word' id='word_1_106' title='bbox 545 1637 664 1674; x_wconf 86' lang='lat' dir='ltr'>esse</span> <span class='ocrx_word' id='word_1_107' title='bbox 715 1624 1006 1693; x_wconf 62' lang='lat' dir='ltr'>putamus</span> <span class='ocrx_word' id='word_1_108' title='bbox 1068 1618 1178 1674; x_wconf 84' lang='lat' dir='ltr'>Sed</span> <span class='ocrx_word' id='word_1_109' title='bbox 1215 1623 1274 1675; x_wconf 87' lang='lat' dir='ltr'>et</span> <span class='ocrx_word' id='word_1_110' title='bbox 1318 1618 1386 1674; x_wconf 87' lang='lat' dir='ltr'>de</span> <span class='ocrx_word' id='word_1_111' title='bbox 1435 1623 1692 1691; x_wconf 89' lang='lat' dir='ltr'>tempore</span> <span class='ocrx_word' id='word_1_112' title='bbox 1722 1637 1835 1695; x_wconf 90' lang='lat' dir='ltr'>quo</span> <span class='ocrx_word' id='word_1_113' title='bbox 1868 1618 2085 1693; x_wconf 89' lang='lat' dir='ltr'>scripta</span> <span class='ocrx_word' id='word_1_114' title='bbox 2125 1619 2204 1674; x_wconf 85' lang='lat' dir='ltr'>sit.</span> <span class='ocrx_word' id='word_1_115' title='bbox 2236 1617 2380 1675; x_wconf 84' lang='lat' dir='ltr'>haec</span> <span class='ocrx_word' id='word_1_116' title='bbox 2409 1617 2537 1693; x_wconf 87' lang='lat' dir='ltr'>ipsa</span> <span class='ocrx_word' id='word_1_117' title='bbox 2566 1619 2763 1693; x_wconf 89' lang='lat' dir='ltr'>prima</span> <span class='ocrx_word' id='word_1_118' title='bbox 2791 1640 2835 1675; x_wconf 78' lang='lat' dir='ltr'>S.</span> <span class='ocrx_word' id='word_1_119' title='bbox 2870 1619 3036 1675; x_wconf 85' lang='lat' dir='ltr'>Petri</span> 
     </span>
     <span class='ocr_line' id='line_1_12' title="bbox 547 1720 3039 1798; baseline 0 -20"><span class='ocrx_word' id='word_1_120' title='bbox 547 1722 792 1796; x_wconf 88' lang='lat' dir='ltr'>epistola</span> <span class='ocrx_word' id='word_1_121' title='bbox 822 1722 885 1779; x_wconf 90' lang='lat' dir='ltr'>in</span> <span class='ocrx_word' id='word_1_122' title='bbox 917 1723 1174 1779; x_wconf 81' lang='lat' dir='ltr'>diversas</span> <span class='ocrx_word' id='word_1_123' title='bbox 1207 1723 1516 1780; x_wconf 82' lang='lat' dir='ltr'>admodum</span> <span class='ocrx_word' id='word_1_124' title='bbox 1542 1742 1751 1798; x_wconf 88' lang='lat' dir='ltr'>—-p1·o</span> <span class='ocrx_word' id='word_1_125' title='bbox 1778 1720 1905 1791; x_wconf 87' lang='lat' dir='ltr'>loci,</span> <span class='ocrx_word' id='word_1_126' title='bbox 1942 1721 2095 1778; x_wconf 86' lang='lat' dir='ltr'>unde</span> <span class='ocrx_word' id='word_1_127' title='bbox 2124 1722 2301 1777; x_wconf 84' lang='lat' dir='ltr'>missa</span> <span class='ocrx_word' id='word_1_128' title='bbox 2330 1721 2599 1792; x_wconf 84' lang='lat' dir='ltr'>habetur,</span> <span class='ocrx_word' id='word_1_129' title='bbox 2634 1722 2929 1780; x_wconf 73' lang='lat' dir='ltr'>varie-tate</span> <span class='ocrx_word' id='word_1_130' title='bbox 2954 1756 3039 1763; x_wconf 76' lang='lat'>—-</span> 
     </span>
     <span class='ocr_line' id='line_1_13' title="bbox 545 1826 3039 1902; baseline 0 -20"><span class='ocrx_word' id='word_1_131' title='bbox 545 1826 847 1901; x_wconf 84' lang='lat' dir='ltr'>opiniones</span> <span class='ocrx_word' id='word_1_132' title='bbox 887 1827 1107 1884; x_wconf 87' lang='lat' dir='ltr'>abeunt</span> <span class='ocrx_word' id='word_1_133' title='bbox 1149 1828 1515 1902; x_wconf 82' lang='lat' dir='ltr'>interpretes.</span> <span class='ocrx_word' id='word_1_134' title='bbox 1579 1826 1973 1883; x_wconf 83' lang='lat' dir='ltr'>Secundam</span> <span class='ocrx_word' id='word_1_135' title='bbox 2004 1826 2205 1882; x_wconf 76' lang='lat' dir='ltr'>brevi</span> <span class='ocrx_word' id='word_1_136' title='bbox 2238 1831 2403 1882; x_wconf 87' lang='lat' dir='ltr'>ante</span> <span class='ocrx_word' id='word_1_137' title='bbox 2434 1831 2725 1883; x_wconf 86' lang='lat' dir='ltr'>mort-em</span> <span class='ocrx_word' id='word_1_138' title='bbox 2755 1829 3039 1901; x_wconf 83' lang='lat' dir='ltr'>scriptam</span> 
     </span>
     <span class='ocr_line' id='line_1_14' title="bbox 545 1928 3038 2007; baseline 0 -20"><span class='ocrx_word' id='word_1_139' title='bbox 545 1930 700 1987; x_wconf 86' lang='lat' dir='ltr'>clare</span> <span class='ocrx_word' id='word_1_140' title='bbox 753 1931 956 1988; x_wconf 81' lang='lat' dir='ltr'>innuit</span> <span class='ocrx_word' id='word_1_141' title='bbox 986 1932 1042 1987; x_wconf 92' lang='lat' dir='ltr'>d.</span> <span class='ocrx_word' id='word_1_142' title='bbox 1076 1932 1286 1988; x_wconf 86' lang='lat' dir='ltr'>Petrus</span> <span class='ocrx_word' id='word_1_143' title='bbox 1311 1928 1350 2002; x_wconf 83' lang='lat'>³,</span> <span class='ocrx_word' id='word_1_144' title='bbox 1399 1932 1654 2005; x_wconf 81' lang='lat' dir='ltr'>primam</span> <span class='ocrx_word' id='word_1_145' title='bbox 1703 1950 1838 2004; x_wconf 87' lang='lat' dir='ltr'>ergo</span> <span class='ocrx_word' id='word_1_146' title='bbox 1884 1929 2185 2007; x_wconf 87' lang='lat' dir='ltr'>aliquanto</span> <span class='ocrx_word' id='word_1_147' title='bbox 2218 1930 2380 2004; x_wconf 87' lang='lat' dir='ltr'>prius</span> <span class='ocrx_word' id='word_1_148' title='bbox 2410 1929 2690 1987; x_wconf 87' lang='lat' dir='ltr'>collocare</span> <span class='ocrx_word' id='word_1_149' title='bbox 2720 1931 3038 2006; x_wconf 84' lang='lat' dir='ltr'>oportebit,</span> 
     </span>
     <span class='ocr_line' id='line_1_15' title="bbox 547 2032 3041 2113; baseline -0 -21"><span class='ocrx_word' id='word_1_150' title='bbox 547 2054 680 2092; x_wconf 87' lang='lat' dir='ltr'>cum</span> <span class='ocrx_word' id='word_1_151' title='bbox 705 2032 729 2072; x_wconf 76' lang='lat'>⁴</span> <span class='ocrx_word' id='word_1_152' title='bbox 787 2043 988 2111; x_wconf 88' lang='lat' dir='ltr'>apert-e</span> <span class='ocrx_word' id='word_1_153' title='bbox 1041 2037 1198 2093; x_wconf 86' lang='lat' dir='ltr'>dicat</span> <span class='ocrx_word' id='word_1_154' title='bbox 1251 2036 1583 2107; x_wconf 88' lang='lat' dir='ltr'>,secundam</span> <span class='ocrx_word' id='word_1_155' title='bbox 1635 2036 1825 2092; x_wconf 89' lang='lat' dir='ltr'>scribo</span> <span class='ocrx_word' id='word_1_156' title='bbox 1878 2033 2223 2109; x_wconf 79' lang='lat' dir='ltr'>epistolam‘.</span> <span class='ocrx_word' id='word_1_157' title='bbox 2304 2034 2458 2091; x_wconf 82' lang='lat' dir='ltr'>Satis</span> <span class='ocrx_word' id='word_1_158' title='bbox 2512 2034 2713 2113; x_wconf 79' lang='lat' dir='ltr'>ita-que</span> <span class='ocrx_word' id='word_1_159' title='bbox 2764 2046 3041 2092; x_wconf 81' lang='lat' dir='ltr'>accurate</span> 
     </span>
     <span class='ocr_line' id='line_1_16' title="bbox 546 2138 3039 2217; baseline -0 -21"><span class='ocrx_word' id='word_1_160' title='bbox 546 2138 852 2217; x_wconf 87' lang='lat' dir='ltr'>utriusque</span> <span class='ocrx_word' id='word_1_161' title='bbox 883 2146 1110 2216; x_wconf 82' lang='lat' dir='ltr'>tempus</span> <span class='ocrx_word' id='word_1_162' title='bbox 1140 2140 1384 2197; x_wconf 87' lang='lat' dir='ltr'>definire</span> <span class='ocrx_word' id='word_1_163' title='bbox 1413 2139 1634 2209; x_wconf 87' lang='lat' dir='ltr'>liceret,</span> <span class='ocrx_word' id='word_1_164' title='bbox 1677 2140 1724 2195; x_wconf 84' lang='lat' dir='ltr'>si</span> <span class='ocrx_word' id='word_1_165' title='bbox 1758 2140 1828 2196; x_wconf 91' lang='lat' dir='ltr'>de</span> <span class='ocrx_word' id='word_1_166' title='bbox 1860 2157 2014 2195; x_wconf 85' lang='lat' dir='ltr'>anno</span> <span class='ocrx_word' id='word_1_167' title='bbox 2044 2138 2355 2195; x_wconf 79' lang='lat' dir='ltr'>emortuali</span> <span class='ocrx_word' id='word_1_168' title='bbox 2386 2139 2445 2195; x_wconf 84' lang='lat' dir='ltr'>S.</span> <span class='ocrx_word' id='word_1_169' title='bbox 2478 2139 2641 2195; x_wconf 85' lang='lat' dir='ltr'>Petri</span> <span class='ocrx_word' id='word_1_170' title='bbox 2674 2140 2845 2196; x_wconf 88' lang='lat' dir='ltr'>nobis</span> <span class='ocrx_word' id='word_1_171' title='bbox 2876 2148 3039 2195; x_wconf 83' lang='lat' dir='ltr'>certo</span> 
     </span>
     <span class='ocr_line' id='line_1_17' title="bbox 545 2242 3041 2321; baseline -0.001 -20"><span class='ocrx_word' id='word_1_172' title='bbox 545 2248 852 2301; x_wconf 84' lang='lat' dir='ltr'>constaret.</span> <span class='ocrx_word' id='word_1_173' title='bbox 915 2246 1111 2321; x_wconf 80' lang='lat' dir='ltr'>Atque</span> <span class='ocrx_word' id='word_1_174' title='bbox 1155 2244 1238 2301; x_wconf 88' lang='lat' dir='ltr'>sic</span> <span class='ocrx_word' id='word_1_175' title='bbox 1285 2244 1365 2300; x_wconf 88' lang='lat' dir='ltr'>ad</span> <span class='ocrx_word' id='word_1_176' title='bbox 1411 2243 1904 2321; x_wconf 88' lang='lat' dir='ltr'>quaestionem</span> <span class='ocrx_word' id='word_1_177' title='bbox 1950 2242 2117 2299; x_wconf 82' lang='lat' dir='ltr'>illam</span> <span class='ocrx_word' id='word_1_178' title='bbox 2162 2242 2599 2300; x_wconf 85' lang='lat' dir='ltr'>celeberrimam</span> <span class='ocrx_word' id='word_1_179' title='bbox 2654 2262 2810 2320; x_wconf 91' lang='lat' dir='ltr'>,quo</span> <span class='ocrx_word' id='word_1_180' title='bbox 2858 2264 3041 2301; x_wconf 86' lang='lat' dir='ltr'>anno</span> 
     </span>
     <span class='ocr_line' id='line_1_18' title="bbox 543 2346 3036 2424; baseline -0.001 -19"><span class='ocrx_word' id='word_1_181' title='bbox 543 2366 748 2405; x_wconf 85' lang='lat' dir='ltr'>aerae</span> <span class='ocrx_word' id='word_1_182' title='bbox 809 2348 1264 2405; x_wconf 79' lang='lat' dir='ltr'>christianae</span> <span class='ocrx_word' id='word_1_183' title='bbox 1324 2346 1713 2423; x_wconf 85' lang='lat' dir='ltr'>Principes</span> <span class='ocrx_word' id='word_1_184' title='bbox 1774 2346 2286 2423; x_wconf 85' lang='lat' dir='ltr'>Apostolorum</span> <span class='ocrx_word' id='word_1_185' title='bbox 2344 2348 2781 2424; x_wconf 87' lang='lat' dir='ltr'>martyrium</span> <span class='ocrx_word' id='word_1_186' title='bbox 2846 2350 3036 2424; x_wconf 86' lang='lat' dir='ltr'>passi</span> 
     </span>
     <span class='ocr_line' id='line_1_19' title="bbox 544 2450 2123 2529; baseline -0.001 -20"><span class='ocrx_word' id='word_1_187' title='bbox 544 2451 886 2509; x_wconf 84' lang='lat' dir='ltr'>fuerint?‘</span> <span class='ocrx_word' id='word_1_188' title='bbox 919 2452 1256 2509; x_wconf 86' lang='lat' dir='ltr'>solvendam</span> <span class='ocrx_word' id='word_1_189' title='bbox 1286 2453 1452 2529; x_wconf 85' lang='lat' dir='ltr'>quasi</span> <span class='ocrx_word' id='word_1_190' title='bbox 1485 2452 1665 2509; x_wconf 84' lang='lat' dir='ltr'>inviti</span> <span class='ocrx_word' id='word_1_191' title='bbox 1698 2450 2123 2526; x_wconf 87' lang='lat' dir='ltr'>compellimur.</span> 
     </span>
    </p>

    <p class='ocr_par' dir='ltr' id='par_1_3' title="bbox 543 2554 3041 3570">
     <span class='ocr_line' id='line_1_20' title="bbox 757 2554 3039 2624; baseline -0.001 -13"><span class='ocrx_word' id='word_1_192' title='bbox 757 2560 850 2611; x_wconf 85' lang='lat'>56.</span> <span class='ocrx_word' id='word_1_193' title='bbox 918 2558 1078 2620; x_wconf 80' lang='lat' dir='ltr'><strong><em>Quod</em></strong></span> <span class='ocrx_word' id='word_1_194' title='bbox 1120 2576 1165 2613; x_wconf 74' lang='grc' dir='ltr'>ε.</span> <span class='ocrx_word' id='word_1_195' title='bbox 1213 2576 1258 2615; x_wconf 79' lang='grc' dir='ltr'>ε.</span> <span class='ocrx_word' id='word_1_196' title='bbox 1307 2558 1511 2612; x_wconf 75' lang='lat' dir='ltr'>Petrus</span> <span class='ocrx_word' id='word_1_197' title='bbox 1571 2564 1622 2611; x_wconf 80' lang='lat' dir='ltr'>et</span> <span class='ocrx_word' id='word_1_198' title='bbox 1667 2558 1884 2611; x_wconf 74' lang='lat' dir='ltr'>Paulus</span> <span class='ocrx_word' id='word_1_199' title='bbox 1930 2574 2071 2610; x_wconf 78' lang='grc' dir='ltr'>αηηο</span> <span class='ocrx_word' id='word_1_200' title='bbox 2113 2563 2241 2624; x_wconf 74' lang='lat' dir='ltr'>poet</span> <span class='ocrx_word' id='word_1_201' title='bbox 2288 2554 2489 2609; x_wconf 66' lang='lat' dir='ltr'>Chr-ists:</span> <span class='ocrx_word' id='word_1_202' title='bbox 2528 2557 2715 2609; x_wconf 73' lang='lat' dir='ltr'>natale</span> <span class='ocrx_word' id='word_1_203' title='bbox 2766 2560 2805 2609; x_wconf 85' lang='lat'><strong><em>6</em></strong></span> <span class='ocrx_word' id='word_1_204' title='bbox 2814 2560 2864 2613; x_wconf 86' lang='lat'>7.</span> <span class='ocrx_word' id='word_1_205' title='bbox 2912 2558 3039 2611; x_wconf 80' lang='lat' dir='ltr'>Aer.</span> 
     </span>
     <span class='ocr_line' id='line_1_21' title="bbox 555 2658 3037 2735; baseline 0.001 -19"><span class='ocrx_word' id='word_1_206' title='bbox 555 2662 712 2733; x_wconf 72' lang='lat' dir='ltr'>Vuly.</span> <span class='ocrx_word' id='word_1_207' title='bbox 747 2663 1010 2732; x_wconf 75' lang='lat' dir='ltr'>martyrio</span> <span class='ocrx_word' id='word_1_208' title='bbox 1045 2664 1292 2716; x_wconf 73' lang='lat' dir='ltr'>coronati</span> <span class='ocrx_word' id='word_1_209' title='bbox 1322 2664 1428 2717; x_wconf 73' lang='lat' dir='ltr'>sint</span> <span class='ocrx_word' id='word_1_210' title='bbox 1458 2662 1740 2717; x_wconf 70' lang='lat' dir='ltr'>evincitur.</span> <span class='ocrx_word' id='word_1_211' title='bbox 1790 2660 1975 2716; x_wconf 85' lang='lat' dir='ltr'>Nemo</span> <span class='ocrx_word' id='word_1_212' title='bbox 2007 2660 2261 2735; x_wconf 84' lang='lat' dir='ltr'>prudens</span> <span class='ocrx_word' id='word_1_213' title='bbox 2291 2658 2524 2717; x_wconf 84' lang='lat' dir='ltr'>dubitat</span> <span class='ocrx_word' id='word_1_214' title='bbox 2552 2658 2611 2717; x_wconf 84' lang='lat' dir='ltr'>S.</span> <span class='ocrx_word' id='word_1_215' title='bbox 2646 2660 2704 2717; x_wconf 89' lang='lat' dir='ltr'>S.</span> <span class='ocrx_word' id='word_1_216' title='bbox 2739 2661 3037 2718; x_wconf 85' lang='lat' dir='ltr'>Petrum</span> 
     </span>
     <span class='ocr_line' id='line_1_22' title="bbox 545 2762 3035 2841; baseline 0 -20"><span class='ocrx_word' id='word_1_217' title='bbox 545 2770 614 2821; x_wconf 82' lang='lat' dir='ltr'>et</span> <span class='ocrx_word' id='word_1_218' title='bbox 642 2764 944 2822; x_wconf 86' lang='lat' dir='ltr'>Paulum</span> <span class='ocrx_word' id='word_1_219' title='bbox 1004 2764 1344 2841; x_wconf 84' lang='lat' dir='ltr'>martyrii</span> <span class='ocrx_word' id='word_1_220' title='bbox 1405 2765 1715 2841; x_wconf 88' lang='lat' dir='ltr'>palmam</span> <span class='ocrx_word' id='word_1_221' title='bbox 1784 2764 2190 2822; x_wconf 85' lang='lat' dir='ltr'>obtinuisse</span> <span class='ocrx_word' id='word_1_222' title='bbox 2252 2764 2528 2819; x_wconf 87' lang='lat' dir='ltr'>Nerone</span> <span class='ocrx_word' id='word_1_223' title='bbox 2589 2762 3035 2838; x_wconf 85' lang='lat' dir='ltr'>imperante;</span> 
     </span>
     <span class='ocr_line' id='line_1_23' title="bbox 546 2868 3039 2946; baseline 0 -21"><span class='ocrx_word' id='word_1_224' title='bbox 546 2868 808 2927; x_wconf 79' lang='lat' dir='ltr'>maxima</span> <span class='ocrx_word' id='word_1_225' title='bbox 855 2875 1052 2925; x_wconf 85' lang='lat' dir='ltr'>tamen</span> <span class='ocrx_word' id='word_1_226' title='bbox 1097 2870 1255 2927; x_wconf 84' lang='lat' dir='ltr'>inter</span> <span class='ocrx_word' id='word_1_227' title='bbox 1305 2870 1771 2945; x_wconf 83' lang='lat' dir='ltr'>chronographos</span> <span class='ocrx_word' id='word_1_228' title='bbox 1825 2870 2023 2943; x_wconf 86' lang='lat' dir='ltr'>agitur</span> <span class='ocrx_word' id='word_1_229' title='bbox 2074 2868 2422 2943; x_wconf 83' lang='lat' dir='ltr'>disputatiO,</span> <span class='ocrx_word' id='word_1_230' title='bbox 2472 2888 2727 2946; x_wconf 84' lang='lat' dir='ltr'>quonam</span> <span class='ocrx_word' id='word_1_231' title='bbox 2774 2888 2933 2926; x_wconf 86' lang='lat' dir='ltr'>anno</span> <span class='ocrx_word' id='word_1_232' title='bbox 2982 2870 3039 2925; x_wconf 90' lang='lat' dir='ltr'>id</span> 
     </span>
     <span class='ocr_line' id='line_1_24' title="bbox 543 2971 3039 3050; baseline -0 -21"><span class='ocrx_word' id='word_1_233' title='bbox 543 2973 766 3030; x_wconf 85' lang='lat' dir='ltr'>factum</span> <span class='ocrx_word' id='word_1_234' title='bbox 797 2972 912 3030; x_wconf 84' lang='lat' dir='ltr'>sit?</span> <span class='ocrx_word' id='word_1_235' title='bbox 967 2973 1234 3050; x_wconf 84' lang='lat' dir='ltr'>Antiqua</span> <span class='ocrx_word' id='word_1_236' title='bbox 1265 2972 1628 3031; x_wconf 86' lang='lat' dir='ltr'>monimenta</span> <span class='ocrx_word' id='word_1_237' title='bbox 1658 2992 1798 3048; x_wconf 86' lang='lat' dir='ltr'>prae</span> <span class='ocrx_word' id='word_1_238' title='bbox 1828 2973 2033 3031; x_wconf 89' lang='lat' dir='ltr'>ceteris</span> <span class='ocrx_word' id='word_1_239' title='bbox 2074 2971 2441 3030; x_wconf 79' lang='lat' dir='ltr'>consula-mus</span> <span class='ocrx_word' id='word_1_240' title='bbox 2485 2978 2733 3047; x_wconf 81' lang='lat' dir='ltr'>oportet.</span> <span class='ocrx_word' id='word_1_241' title='bbox 2797 2973 2857 3029; x_wconf 82' lang='lat' dir='ltr'>S.</span> <span class='ocrx_word' id='word_1_242' title='bbox 2892 2972 3039 3029; x_wconf 87' lang='lat' dir='ltr'>Cle-</span> 
     </span>
     <span class='ocr_line' id='line_1_25' title="bbox 545 3074 3039 3155; baseline -0 -22"><span class='ocrx_word' id='word_1_243' title='bbox 545 3096 740 3133; x_wconf 89' lang='lat' dir='ltr'>mens</span> <span class='ocrx_word' id='word_1_244' title='bbox 792 3076 1154 3135; x_wconf 84' lang='lat' dir='ltr'>Romanus</span> <span class='ocrx_word' id='word_1_245' title='bbox 1173 3074 1214 3147; x_wconf 78' lang='grc'><strong>5,</strong></span> <span class='ocrx_word' id='word_1_246' title='bbox 1271 3096 1458 3154; x_wconf 85' lang='lat' dir='ltr'>neque</span> <span class='ocrx_word' id='word_1_247' title='bbox 1503 3078 1709 3135; x_wconf 89' lang='lat' dir='ltr'>urbem</span> <span class='ocrx_word' id='word_1_248' title='bbox 1752 3096 1937 3155; x_wconf 90' lang='lat' dir='ltr'>neque</span> <span class='ocrx_word' id='word_1_249' title='bbox 1986 3077 2397 3151; x_wconf 83' lang='lat' dir='ltr'>imperatorem</span> <span class='ocrx_word' id='word_1_250' title='bbox 2450 3075 2881 3133; x_wconf 88' lang='lat' dir='ltr'>nominandum</span> <span class='ocrx_word' id='word_1_251' title='bbox 2924 3076 3039 3133; x_wconf 85' lang='lat' dir='ltr'>sibi</span> 
     </span>
     <span class='ocr_line' id='line_1_26' title="bbox 545 3180 3041 3259; baseline -0.001 -21"><span class='ocrx_word' id='word_1_252' title='bbox 545 3200 663 3238; x_wconf 82' lang='lat' dir='ltr'>esse</span> <span class='ocrx_word' id='word_1_253' title='bbox 687 3187 895 3252; x_wconf 84' lang='lat' dir='ltr'>censet,</span> <span class='ocrx_word' id='word_1_254' title='bbox 922 3184 1030 3239; x_wconf 86' lang='lat' dir='ltr'>sub</span> <span class='ocrx_word' id='word_1_255' title='bbox 1055 3201 1169 3259; x_wconf 92' lang='lat' dir='ltr'>quo</span> <span class='ocrx_word' id='word_1_256' title='bbox 1192 3182 1401 3238; x_wconf 86' lang='lat' dir='ltr'>Petrus</span> <span class='ocrx_word' id='word_1_257' title='bbox 1425 3187 1484 3239; x_wconf 89' lang='lat' dir='ltr'>et</span> <span class='ocrx_word' id='word_1_258' title='bbox 1497 3181 1719 3239; x_wconf 88' lang='lat' dir='ltr'>Paulus</span> <span class='ocrx_word' id='word_1_259' title='bbox 1745 3184 1893 3258; x_wconf 83' lang='lat' dir='ltr'>passi</span> <span class='ocrx_word' id='word_1_260' title='bbox 1916 3182 2181 3251; x_wconf 83' lang='lat' dir='ltr'>fuerunt3</span> <span class='ocrx_word' id='word_1_261' title='bbox 2207 3182 2350 3259; x_wconf 90' lang='lat' dir='ltr'>quia</span> <span class='ocrx_word' id='word_1_262' title='bbox 2368 3186 2683 3258; x_wconf 90' lang='lat' dir='ltr'>utrumque</span> <span class='ocrx_word' id='word_1_263' title='bbox 2706 3180 3041 3237; x_wconf 88' lang='lat' dir='ltr'>Corinthiis</span> 
     </span>
     <span class='ocr_line' id='line_1_27' title="bbox 547 3285 3038 3363; baseline -0.001 -20"><span class='ocrx_word' id='word_1_264' title='bbox 547 3286 917 3343; x_wconf 87' lang='lat' dir='ltr'>notissimum</span> <span class='ocrx_word' id='word_1_265' title='bbox 946 3286 1130 3363; x_wconf 88' lang='lat' dir='ltr'>ponit.</span> <span class='ocrx_word' id='word_1_266' title='bbox 1194 3286 1357 3344; x_wconf 87' lang='lat' dir='ltr'>Haec</span> <span class='ocrx_word' id='word_1_267' title='bbox 1385 3286 1496 3344; x_wconf 89' lang='lat' dir='ltr'>loci</span> <span class='ocrx_word' id='word_1_268' title='bbox 1529 3291 1585 3344; x_wconf 90' lang='lat' dir='ltr'>et</span> <span class='ocrx_word' id='word_1_269' title='bbox 1618 3288 1895 3362; x_wconf 87' lang='lat' dir='ltr'>temporis</span> <span class='ocrx_word' id='word_1_270' title='bbox 1926 3286 2185 3356; x_wconf 88' lang='lat' dir='ltr'>omissi0,</span> <span class='ocrx_word' id='word_1_271' title='bbox 2237 3290 2391 3343; x_wconf 88' lang='lat' dir='ltr'>certe</span> <span class='ocrx_word' id='word_1_272' title='bbox 2422 3304 2538 3343; x_wconf 89' lang='lat' dir='ltr'>non</span> <span class='ocrx_word' id='word_1_273' title='bbox 2570 3304 2644 3341; x_wconf 81' lang='lat' dir='ltr'>ex</span> <span class='ocrx_word' id='word_1_274' title='bbox 2674 3285 3038 3358; x_wconf 81' lang='lat' dir='ltr'>ignorantia,</span> 
     </span>
     <span class='ocr_line' id='line_1_28' title="bbox 545 3388 3039 3469; baseline -0 -23"><span class='ocrx_word' id='word_1_275' title='bbox 545 3391 642 3447; x_wconf 85' lang='lat' dir='ltr'>sed</span> <span class='ocrx_word' id='word_1_276' title='bbox 693 3411 766 3447; x_wconf 87' lang='lat' dir='ltr'>ex</span> <span class='ocrx_word' id='word_1_277' title='bbox 820 3390 1125 3449; x_wconf 78' lang='lat' dir='ltr'>verissima</span> <span class='ocrx_word' id='word_1_278' title='bbox 1166 3392 1430 3449; x_wconf 89' lang='lat' dir='ltr'>omnium</span> <span class='ocrx_word' id='word_1_279' title='bbox 1461 3391 1532 3448; x_wconf 86' lang='lat' dir='ltr'>ad</span> <span class='ocrx_word' id='word_1_280' title='bbox 1578 3410 1721 3469; x_wconf 88' lang='lat' dir='ltr'>quos</span> <span class='ocrx_word' id='word_1_281' title='bbox 1766 3392 2061 3467; x_wconf 79' lang='lat' dir='ltr'>spectabat</span> <span class='ocrx_word' id='word_1_282' title='bbox 2107 3388 2353 3465; x_wconf 87' lang='lat' dir='ltr'>epistola</span> <span class='ocrx_word' id='word_1_283' title='bbox 2387 3388 2649 3450; x_wconf 89' lang='lat' dir='ltr'>fidelium</span> <span class='ocrx_word' id='word_1_284' title='bbox 2699 3388 3039 3462; x_wconf 85' lang='lat' dir='ltr'>cognitione</span> 
     </span>
     <span class='ocr_line' id='line_1_29' title="bbox 546 3492 3039 3570; baseline -0.002 -18"><span class='ocrx_word' id='word_1_285' title='bbox 546 3494 766 3570; x_wconf 91' lang='lat' dir='ltr'>optime</span> <span class='ocrx_word' id='word_1_286' title='bbox 795 3496 1125 3570; x_wconf 84' lang='lat' dir='ltr'>explicatur</span> <span class='ocrx_word' id='word_1_287' title='bbox 1146 3493 1187 3552; x_wconf 77' lang='lat'>⁶.</span> <span class='ocrx_word' id='word_1_288' title='bbox 1243 3492 1648 3552; x_wconf 81' lang='lat' dir='ltr'>Tertulliano⁷</span> <span class='ocrx_word' id='word_1_289' title='bbox 1688 3500 1883 3551; x_wconf 88' lang='lat' dir='ltr'>autem</span> <span class='ocrx_word' id='word_1_290' title='bbox 1914 3495 2054 3551; x_wconf 86' lang='lat' dir='ltr'>sat-is</span> <span class='ocrx_word' id='word_1_291' title='bbox 2084 3494 2203 3551; x_wconf 86' lang='lat' dir='ltr'>fuit</span> <span class='ocrx_word' id='word_1_292' title='bbox 2232 3494 2727 3551; x_wconf 83' lang='lat' dir='ltr'>animadvertere:</span> <span class='ocrx_word' id='word_1_293' title='bbox 2779 3494 3039 3561; x_wconf 85' lang='lat' dir='ltr'>,orien-</span> 
     </span>
    </p>
   </div>
   <div class='ocr_carea' id='block_1_3' title="bbox 545 3606 956 3613">
    <p class='ocr_par' dir='ltr' id='par_1_4' title="bbox 545 3606 956 3613">
     <span class='ocr_line' id='line_1_30' title="bbox 545 3606 956 3613; baseline 0 -1"><span class='ocrx_word' id='word_1_294' title='bbox 545 3606 956 3613; x_wconf 74' lang='lat'>———-—-—.——-</span> 
     </span>
    </p>
   </div>
   <div class='ocr_carea' id='block_1_4' title="bbox 545 3620 3040 4750">
    <p class='ocr_par' dir='ltr' id='par_1_5' title="bbox 545 3620 3040 4043">
     <span class='ocr_line' id='line_1_31' title="bbox 546 3620 3040 3710; baseline -0 -15"><span class='ocrx_word' id='word_1_295' title='bbox 546 3662 672 3695; x_wconf 82' lang='lat' dir='ltr'>vare</span> <span class='ocrx_word' id='word_1_296' title='bbox 717 3646 1017 3697; x_wconf 78' lang='lat' dir='ltr'>adhucdum</span> <span class='ocrx_word' id='word_1_297' title='bbox 1065 3646 1345 3696; x_wconf 86' lang='lat' dir='ltr'>debemus:</span> <span class='ocrx_word' id='word_1_298' title='bbox 1399 3646 1625 3696; x_wconf 84' lang='lat' dir='ltr'>Criticos</span> <span class='ocrx_word' id='word_1_299' title='bbox 1674 3646 1829 3694; x_wconf 82' lang='lat' dir='ltr'>nimis</span> <span class='ocrx_word' id='word_1_300' title='bbox 1877 3620 2079 3695; x_wconf 49' lang='lat' dir='ltr'>stricte·</span> <span class='ocrx_word' id='word_1_301' title='bbox 2108 3650 2161 3693; x_wconf 91' lang='lat' dir='ltr'>et</span> <span class='ocrx_word' id='word_1_302' title='bbox 2208 3660 2412 3695; x_wconf 86' lang='lat' dir='ltr'>summo</span> <span class='ocrx_word' id='word_1_303' title='bbox 2460 3645 2517 3693; x_wconf 88' lang='lat' dir='ltr'>iu</span> <span class='ocrx_word' id='word_1_304' title='bbox 2562 3646 2735 3710; x_wconf 86' lang='lat' dir='ltr'>rigore</span> <span class='ocrx_word' id='word_1_305' title='bbox 2786 3646 3040 3709; x_wconf 83' lang='lat' dir='ltr'>accipere</span> 
     </span>
     <span class='ocr_line' id='line_1_32' title="bbox 546 3730 3039 3799; baseline -0.001 -16"><span class='ocrx_word' id='word_1_306' title='bbox 546 3733 854 3783; x_wconf 82' lang='lat' dir='ltr'>adverbium</span> <span class='ocrx_word' id='word_1_307' title='bbox 882 3730 1054 3794; x_wconf 69' lang='grc' dir='ltr'><strong>,εὖθῦς“</strong></span> <span class='ocrx_word' id='word_1_308' title='bbox 1081 3734 1224 3798; x_wconf 85' lang='lat' dir='ltr'>apud</span> <span class='ocrx_word' id='word_1_309' title='bbox 1250 3734 1641 3799; x_wconf 80' lang='lat' dir='ltr'>Hegesippum3</span> <span class='ocrx_word' id='word_1_310' title='bbox 1684 3748 1801 3781; x_wconf 89' lang='lat' dir='ltr'>cum</span> <span class='ocrx_word' id='word_1_311' title='bbox 1828 3734 2000 3797; x_wconf 84' lang='lat' dir='ltr'>possit</span> <span class='ocrx_word' id='word_1_312' title='bbox 2036 3732 2263 3797; x_wconf 80' lang='lat' dir='ltr'>benigne</span> <span class='ocrx_word' id='word_1_313' title='bbox 2301 3736 2356 3780; x_wconf 89' lang='lat' dir='ltr'>et</span> <span class='ocrx_word' id='word_1_314' title='bbox 2392 3731 2666 3780; x_wconf 84' lang='lat' dir='ltr'>commode</span> <span class='ocrx_word' id='word_1_315' title='bbox 2705 3733 2859 3793; x_wconf 88' lang='lat' dir='ltr'>sumi,</span> <span class='ocrx_word' id='word_1_316' title='bbox 2903 3731 3039 3781; x_wconf 88' lang='lat' dir='ltr'>illud</span> 
     </span>
     <span class='ocr_line' id='line_1_33' title="bbox 545 3818 3037 3885; baseline -0 -16"><span class='ocrx_word' id='word_1_317' title='bbox 545 3820 720 3869; x_wconf 84' lang='lat' dir='ltr'>latiori</span> <span class='ocrx_word' id='word_1_318' title='bbox 771 3834 931 3885; x_wconf 85' lang='lat' dir='ltr'>quam</span> <span class='ocrx_word' id='word_1_319' title='bbox 979 3821 1097 3870; x_wconf 84' lang='lat' dir='ltr'>voci</span> <span class='ocrx_word' id='word_1_320' title='bbox 1145 3820 1270 3869; x_wconf 88' lang='grc'><strong>111110</strong></span> <span class='ocrx_word' id='word_1_321' title='bbox 1318 3821 1568 3869; x_wconf 85' lang='lat' dir='ltr'>convenit</span> <span class='ocrx_word' id='word_1_322' title='bbox 1604 3818 2018 3885; x_wconf 81' lang='lat' dir='ltr'>significatione,</span> <span class='ocrx_word' id='word_1_323' title='bbox 2071 3818 2137 3868; x_wconf 85' lang='lat' dir='ltr'>de</span> <span class='ocrx_word' id='word_1_324' title='bbox 2172 3818 2401 3883; x_wconf 75' lang='lat' dir='ltr'>longiori</span> <span class='ocrx_word' id='word_1_325' title='bbox 2438 3818 2691 3883; x_wconf 87' lang='lat' dir='ltr'>temporis</span> <span class='ocrx_word' id='word_1_326' title='bbox 2746 3818 3037 3868; x_wconf 81' lang='lat' dir='ltr'>intervallo</span> 
     </span>
     <span class='ocr_line' id='line_1_34' title="bbox 547 3894 3038 3973; baseline -0.001 -17"><span class='ocrx_word' id='word_1_327' title='bbox 547 3922 667 3956; x_wconf 89' lang='lat' dir='ltr'>eum</span> <span class='ocrx_word' id='word_1_328' title='bbox 703 3922 1009 3973; x_wconf 82' lang='lat' dir='ltr'>usurpasse.</span> <span class='ocrx_word' id='word_1_329' title='bbox 1070 3908 1190 3956; x_wconf 89' lang='lat' dir='ltr'>Non</span> <span class='ocrx_word' id='word_1_330' title='bbox 1234 3908 1373 3956; x_wconf 86' lang='grc'><strong>0111111</strong></span> <span class='ocrx_word' id='word_1_331' title='bbox 1397 3894 1498 3956; x_wconf 53' lang='lat' dir='ltr'>&#39;ita</span> <span class='ocrx_word' id='word_1_332' title='bbox 1523 3908 1793 3968; x_wconf 76' lang='lat' dir='ltr'>continuo,</span> <span class='ocrx_word' id='word_1_333' title='bbox 1837 3906 1931 3956; x_wconf 85' lang='lat' dir='ltr'>sed</span> <span class='ocrx_word' id='word_1_334' title='bbox 1976 3906 2185 3954; x_wconf 85' lang='lat' dir='ltr'>demum</span> <span class='ocrx_word' id='word_1_335' title='bbox 2224 3906 2411 3955; x_wconf 83' lang='lat' dir='ltr'>annis</span> <span class='ocrx_word' id='word_1_336' title='bbox 2449 3910 2732 3970; x_wconf 86' lang='lat' dir='ltr'>quatuor</span> <span class='ocrx_word' id='word_1_337' title='bbox 2768 3914 3038 3970; x_wconf 81' lang='lat' dir='ltr'>postea,</span> 
     </span>
     <span class='ocr_line' id='line_1_35' title="bbox 549 3992 1614 4043; baseline 0.001 -2"><span class='ocrx_word' id='word_1_338' title='bbox 549 3992 748 4042; x_wconf 89' lang='lat' dir='ltr'>bellum</span> <span class='ocrx_word' id='word_1_339' title='bbox 785 3993 1079 4043; x_wconf 88' lang='lat' dir='ltr'>intulerunt</span> <span class='ocrx_word' id='word_1_340' title='bbox 1113 3992 1336 4043; x_wconf 84' lang='lat' dir='ltr'>Judaeis</span> <span class='ocrx_word' id='word_1_341' title='bbox 1373 3992 1614 4043; x_wconf 85' lang='lat' dir='ltr'>Romani.</span> 
     </span>
    </p>

    <p class='ocr_par' dir='ltr' id='par_1_6' title="bbox 545 4078 3038 4750">
     <span class='ocr_line' id='line_1_36' title="bbox 761 4078 3037 4145; baseline 0 -16"><span class='ocrx_word' id='word_1_342' title='bbox 761 4080 797 4145; x_wconf 89' lang='lat'>¹)</span> <span class='ocrx_word' id='word_1_343' title='bbox 839 4080 896 4129; x_wconf 85' lang='lat' dir='ltr'>C.</span> <span class='ocrx_word' id='word_1_344' title='bbox 924 4083 972 4129; x_wconf 89' lang='lat'>3.</span> <span class='ocrx_word' id='word_1_345' title='bbox 1012 4086 1065 4129; x_wconf 87' lang='lat' dir='ltr'>et</span> <span class='ocrx_word' id='word_1_346' title='bbox 1099 4080 1147 4142; x_wconf 82' lang='lat'>4,</span> <span class='ocrx_word' id='word_1_347' title='bbox 1175 4081 1224 4129; x_wconf 85' lang='lat'>4.</span> <span class='ocrx_word' id='word_1_348' title='bbox 1249 4096 1293 4129; x_wconf 83' lang='lat' dir='ltr'>s.</span> <span class='ocrx_word' id='word_1_349' title='bbox 1332 4080 1562 4145; x_wconf 81' lang='lat' dir='ltr'>aliaque.</span> <span class='ocrx_word' id='word_1_350' title='bbox 1621 4080 1664 4145; x_wconf 84' lang='lat'>²)</span> <span class='ocrx_word' id='word_1_351' title='bbox 1702 4079 1746 4129; x_wconf 91' lang='lat'>1.</span> <span class='ocrx_word' id='word_1_352' title='bbox 1783 4080 1924 4129; x_wconf 88' lang='lat' dir='ltr'>Petr.</span> <span class='ocrx_word' id='word_1_353' title='bbox 1966 4082 2010 4142; x_wconf 88' lang='lat'>1,</span> <span class='ocrx_word' id='word_1_354' title='bbox 2050 4080 2131 4128; x_wconf 88' lang='grc'>22.</span> <span class='ocrx_word' id='word_1_355' title='bbox 2170 4080 2252 4128; x_wconf 90' lang='grc'>23.</span> <span class='ocrx_word' id='word_1_356' title='bbox 2294 4078 2413 4128; x_wconf 85' lang='grc'><strong>0011.</strong></span> <span class='ocrx_word' id='word_1_357' title='bbox 2451 4078 2569 4127; x_wconf 69' lang='grc'><strong>5110.</strong></span> <span class='ocrx_word' id='word_1_358' title='bbox 2611 4080 2657 4139; x_wconf 91' lang='grc'>1,</span> <span class='ocrx_word' id='word_1_359' title='bbox 2700 4080 2779 4127; x_wconf 92' lang='lat'>18.</span> <span class='ocrx_word' id='word_1_360' title='bbox 2808 4094 2851 4129; x_wconf 87' lang='lat' dir='ltr'>s.</span> <span class='ocrx_word' id='word_1_361' title='bbox 2890 4080 3037 4130; x_wconf 86' lang='lat' dir='ltr'>Petr.</span> 
     </span>
     <span class='ocr_line' id='line_1_37' title="bbox 551 4166 3037 4230; baseline 0.001 -16"><span class='ocrx_word' id='word_1_362' title='bbox 551 4172 595 4227; x_wconf 86' lang='lat'>1,</span> <span class='ocrx_word' id='word_1_363' title='bbox 623 4168 704 4215; x_wconf 79' lang='lat'>24.</span> <span class='ocrx_word' id='word_1_364' title='bbox 741 4167 860 4216; x_wconf 85' lang='lat' dir='ltr'>Jac.</span> <span class='ocrx_word' id='word_1_365' title='bbox 889 4168 934 4227; x_wconf 93' lang='lat'>1,</span> <span class='ocrx_word' id='word_1_366' title='bbox 965 4169 1044 4217; x_wconf 91' lang='lat'>11.</span> <span class='ocrx_word' id='word_1_367' title='bbox 1070 4167 1210 4216; x_wconf 86' lang='lat' dir='ltr'>Petr.</span> <span class='ocrx_word' id='word_1_368' title='bbox 1236 4170 1286 4229; x_wconf 81' lang='lat'>4,</span> <span class='ocrx_word' id='word_1_369' title='bbox 1313 4170 1360 4217; x_wconf 90' lang='grc'>8.</span> <span class='ocrx_word' id='word_1_370' title='bbox 1386 4168 1504 4218; x_wconf 83' lang='lat' dir='ltr'>Jac.</span> <span class='ocrx_word' id='word_1_371' title='bbox 1531 4168 1578 4230; x_wconf 86' lang='lat'>5,</span> <span class='ocrx_word' id='word_1_372' title='bbox 1606 4170 1689 4217; x_wconf 91' lang='grc'>20.</span> <span class='ocrx_word' id='word_1_373' title='bbox 1714 4166 1855 4216; x_wconf 86' lang='lat' dir='ltr'>Petr.</span> <span class='ocrx_word' id='word_1_374' title='bbox 1883 4168 1931 4229; x_wconf 90' lang='grc'>5,</span> <span class='ocrx_word' id='word_1_375' title='bbox 1958 4168 2007 4215; x_wconf 85' lang='grc'>5.</span> <span class='ocrx_word' id='word_1_376' title='bbox 2031 4166 2149 4215; x_wconf 60' lang='grc'><strong>5110.</strong></span> <span class='ocrx_word' id='word_1_377' title='bbox 2176 4168 2225 4227; x_wconf 85' lang='grc'><strong>4,</strong></span> <span class='ocrx_word' id='word_1_378' title='bbox 2257 4168 2304 4215; x_wconf 89' lang='grc'>5.</span> <span class='ocrx_word' id='word_1_379' title='bbox 2334 4168 2381 4215; x_wconf 88' lang='grc'><strong>6.</strong></span> <span class='ocrx_word' id='word_1_380' title='bbox 2406 4166 2545 4215; x_wconf 86' lang='lat' dir='ltr'>Petr.</span> <span class='ocrx_word' id='word_1_381' title='bbox 2574 4166 2622 4226; x_wconf 86' lang='lat'>5,</span> <span class='ocrx_word' id='word_1_382' title='bbox 2650 4166 2698 4215; x_wconf 87' lang='grc'>6.</span> <span class='ocrx_word' id='word_1_383' title='bbox 2722 4166 2845 4215; x_wconf 72' lang='grc'><strong>5110.</strong></span> <span class='ocrx_word' id='word_1_384' title='bbox 2872 4168 2923 4227; x_wconf 86' lang='grc'><strong>4,</strong></span> <span class='ocrx_word' id='word_1_385' title='bbox 2954 4169 3037 4216; x_wconf 89' lang='grc'>10.</span> 
     </span>
     <span class='ocr_line' id='line_1_38' title="bbox 547 4252 3038 4319; baseline 0 -18"><span class='ocrx_word' id='word_1_386' title='bbox 547 4252 588 4317; x_wconf 78' lang='lat'>³)</span> <span class='ocrx_word' id='word_1_387' title='bbox 626 4252 697 4303; x_wconf 88' lang='lat'>11.</span> <span class='ocrx_word' id='word_1_388' title='bbox 725 4256 771 4316; x_wconf 92' lang='lat'>1,</span> <span class='ocrx_word' id='word_1_389' title='bbox 801 4255 882 4302; x_wconf 85' lang='lat'>14.</span> <span class='ocrx_word' id='word_1_390' title='bbox 932 4253 973 4318; x_wconf 76' lang='lat'>⁴)</span> <span class='ocrx_word' id='word_1_391' title='bbox 1010 4253 1080 4303; x_wconf 93' lang='lat'>11.</span> <span class='ocrx_word' id='word_1_392' title='bbox 1107 4256 1154 4315; x_wconf 83' lang='lat'>3,</span> <span class='ocrx_word' id='word_1_393' title='bbox 1185 4256 1229 4302; x_wconf 93' lang='lat'>1.</span> <span class='ocrx_word' id='word_1_394' title='bbox 1270 4254 1310 4319; x_wconf 77' lang='lat'>⁵)</span> <span class='ocrx_word' id='word_1_395' title='bbox 1349 4254 1433 4303; x_wconf 84' lang='lat' dir='ltr'>Ad</span> <span class='ocrx_word' id='word_1_396' title='bbox 1467 4253 1588 4303; x_wconf 90' lang='lat' dir='ltr'>Cor.</span> <span class='ocrx_word' id='word_1_397' title='bbox 1615 4253 1657 4315; x_wconf 90' lang='lat'>1,</span> <span class='ocrx_word' id='word_1_398' title='bbox 1691 4256 1740 4303; x_wconf 81' lang='grc' dir='ltr'>ὅ.</span> <span class='ocrx_word' id='word_1_399' title='bbox 1774 4270 1827 4319; x_wconf 89' lang='lat' dir='ltr'>p.</span> <span class='ocrx_word' id='word_1_400' title='bbox 1864 4255 1945 4302; x_wconf 85' lang='grc'>61.</span> <span class='ocrx_word' id='word_1_401' title='bbox 1996 4252 2036 4318; x_wconf 75' lang='lat'>⁶)</span> <span class='ocrx_word' id='word_1_402' title='bbox 2074 4252 2127 4303; x_wconf 84' lang='lat' dir='ltr'>S.</span> <span class='ocrx_word' id='word_1_403' title='bbox 2167 4252 2411 4302; x_wconf 81' lang='lat' dir='ltr'>Clemens</span> <span class='ocrx_word' id='word_1_404' title='bbox 2458 4252 2593 4301; x_wconf 89' lang='lat' dir='ltr'>bene</span> <span class='ocrx_word' id='word_1_405' title='bbox 2642 4254 2791 4301; x_wconf 82' lang='lat' dir='ltr'>novit</span> <span class='ocrx_word' id='word_1_406' title='bbox 2840 4258 2897 4301; x_wconf 88' lang='lat' dir='ltr'>et</span> <span class='ocrx_word' id='word_1_407' title='bbox 2940 4254 3038 4302; x_wconf 87' lang='lat' dir='ltr'>ubi</span> 
     </span>
     <span class='ocr_line' id='line_1_39' title="bbox 547 4338 3037 4405; baseline 0 -18"><span class='ocrx_word' id='word_1_408' title='bbox 547 4344 599 4387; x_wconf 88' lang='lat' dir='ltr'>et</span> <span class='ocrx_word' id='word_1_409' title='bbox 636 4338 901 4403; x_wconf 89' lang='lat' dir='ltr'>quomodo</span> <span class='ocrx_word' id='word_1_410' title='bbox 939 4340 1084 4404; x_wconf 83' lang='lat' dir='ltr'>passi</span> <span class='ocrx_word' id='word_1_411' title='bbox 1121 4340 1226 4388; x_wconf 87' lang='lat' dir='ltr'>siut</span> <span class='ocrx_word' id='word_1_412' title='bbox 1273 4356 1317 4389; x_wconf 87' lang='lat' dir='ltr'>s.</span> <span class='ocrx_word' id='word_1_413' title='bbox 1353 4340 1542 4389; x_wconf 86' lang='lat' dir='ltr'>Petrus</span> <span class='ocrx_word' id='word_1_414' title='bbox 1581 4345 1634 4389; x_wconf 86' lang='lat' dir='ltr'>et</span> <span class='ocrx_word' id='word_1_415' title='bbox 1670 4339 1897 4404; x_wconf 81' lang='lat' dir='ltr'>Paulus,</span> <span class='ocrx_word' id='word_1_416' title='bbox 1947 4342 2076 4405; x_wconf 83' lang='lat' dir='ltr'>quia</span> <span class='ocrx_word' id='word_1_417' title='bbox 2120 4356 2161 4389; x_wconf 82' lang='lat' dir='ltr'>s.</span> <span class='ocrx_word' id='word_1_418' title='bbox 2200 4339 2357 4389; x_wconf 85' lang='lat' dir='ltr'>Pauli</span> <span class='ocrx_word' id='word_1_419' title='bbox 2408 4338 2533 4387; x_wconf 88' lang='lat' dir='ltr'>olim</span> <span class='ocrx_word' id='word_1_420' title='bbox 2582 4338 2794 4388; x_wconf 84' lang='lat' dir='ltr'>adiutor</span> <span class='ocrx_word' id='word_1_421' title='bbox 2839 4340 3037 4399; x_wconf 80' lang='lat' dir='ltr'>fuerat,</span> 
     </span>
     <span class='ocr_line' id='line_1_40' title="bbox 545 4424 3036 4491; baseline 0 -16"><span class='ocrx_word' id='word_1_422' title='bbox 545 4426 696 4475; x_wconf 85' lang='lat' dir='ltr'>cuius</span> <span class='ocrx_word' id='word_1_423' title='bbox 751 4429 1020 4475; x_wconf 81' lang='lat' dir='ltr'>strenuam</span> <span class='ocrx_word' id='word_1_424' title='bbox 1077 4440 1290 4491; x_wconf 85' lang='lat' dir='ltr'>operam</span> <span class='ocrx_word' id='word_1_425' title='bbox 1345 4428 1632 4491; x_wconf 86' lang='lat' dir='ltr'>praeconio</span> <span class='ocrx_word' id='word_1_426' title='bbox 1688 4426 1971 4491; x_wconf 84' lang='lat' dir='ltr'>Evangelii</span> <span class='ocrx_word' id='word_1_427' title='bbox 2024 4428 2317 4491; x_wconf 84' lang='lat' dir='ltr'>impensam</span> <span class='ocrx_word' id='word_1_428' title='bbox 2376 4424 2565 4474; x_wconf 84' lang='lat' dir='ltr'>laudat</span> <span class='ocrx_word' id='word_1_429' title='bbox 2615 4424 2907 4489; x_wconf 84' lang='lat' dir='ltr'>Apostolus</span> <span class='ocrx_word' id='word_1_430' title='bbox 2964 4426 3036 4475; x_wconf 83' lang='lat' dir='ltr'>ad</span> 
     </span>
     <span class='ocr_line' id='line_1_41' title="bbox 545 4510 3037 4578; baseline 0.001 -19"><span class='ocrx_word' id='word_1_431' title='bbox 545 4510 772 4576; x_wconf 89' lang='lat' dir='ltr'>Philipp.</span> <span class='ocrx_word' id='word_1_432' title='bbox 809 4513 858 4573; x_wconf 83' lang='lat'>4,</span> <span class='ocrx_word' id='word_1_433' title='bbox 892 4514 939 4561; x_wconf 87' lang='lat'>3.</span> <span class='ocrx_word' id='word_1_434' title='bbox 1003 4512 1044 4577; x_wconf 75' lang='lat'>⁷)</span> <span class='ocrx_word' id='word_1_435' title='bbox 1083 4512 1284 4562; x_wconf 85' lang='lat' dir='ltr'>Contra</span> <span class='ocrx_word' id='word_1_436' title='bbox 1321 4512 1604 4563; x_wconf 84' lang='lat' dir='ltr'>Gnosticos</span> <span class='ocrx_word' id='word_1_437' title='bbox 1642 4514 1917 4578; x_wconf 84' lang='lat' dir='ltr'>scorpiace</span> <span class='ocrx_word' id='word_1_438' title='bbox 1953 4528 2004 4562; x_wconf 88' lang='lat' dir='ltr'>n.</span> <span class='ocrx_word' id='word_1_439' title='bbox 2044 4515 2125 4562; x_wconf 89' lang='lat'>15.</span> <span class='ocrx_word' id='word_1_440' title='bbox 2164 4513 2207 4575; x_wconf 94' lang='grc' dir='ltr'><strong>Ι,</strong></span> <span class='ocrx_word' id='word_1_441' title='bbox 2246 4514 2364 4561; x_wconf 81' lang='grc'><strong>246.</strong></span> <span class='ocrx_word' id='word_1_442' title='bbox 2398 4510 2478 4561; x_wconf 66' lang='lat' dir='ltr'>«S.</span> <span class='ocrx_word' id='word_1_443' title='bbox 2505 4510 2791 4576; x_wconf 85' lang='lat' dir='ltr'>Apostolos</span> <span class='ocrx_word' id='word_1_444' title='bbox 2828 4512 3037 4561; x_wconf 79' lang='lat' dir='ltr'>Romae</span> 
     </span>
     <span class='ocr_line' id='line_1_42' title="bbox 546 4597 3034 4664; baseline 0 -18"><span class='ocrx_word' id='word_1_445' title='bbox 546 4597 742 4647; x_wconf 87' lang='lat' dir='ltr'>obiisse</span> <span class='ocrx_word' id='word_1_446' title='bbox 791 4597 892 4647; x_wconf 93' lang='lat' dir='ltr'>hoc</span> <span class='ocrx_word' id='word_1_447' title='bbox 930 4604 1111 4647; x_wconf 85' lang='lat' dir='ltr'>nostro</span> <span class='ocrx_word' id='word_1_448' title='bbox 1162 4604 1397 4664; x_wconf 90' lang='lat' dir='ltr'>tempore</span> <span class='ocrx_word' id='word_1_449' title='bbox 1446 4600 1781 4664; x_wconf 85' lang='lat' dir='ltr'>impudenter</span> <span class='ocrx_word' id='word_1_450' title='bbox 1828 4613 2025 4664; x_wconf 85' lang='lat' dir='ltr'>negare</span> <span class='ocrx_word' id='word_1_451' title='bbox 2076 4614 2236 4648; x_wconf 85' lang='lat' dir='ltr'>ausus</span> <span class='ocrx_word' id='word_1_452' title='bbox 2288 4604 2393 4648; x_wconf 85' lang='lat' dir='ltr'>est:</span> <span class='ocrx_word' id='word_1_453' title='bbox 2444 4598 2600 4647; x_wconf 78' lang='lat' dir='ltr'>Ferd.</span> <span class='ocrx_word' id='word_1_454' title='bbox 2654 4598 3034 4662; x_wconf 73' lang='lat' dir='ltr'>Gregorovius,</span> 
     </span>
     <span class='ocr_line' id='line_1_43' title="bbox 548 4682 2427 4750; baseline 0.001 -18"><span class='ocrx_word' id='word_1_455' title='bbox 548 4682 866 4733; x_wconf 86' lang='lat' dir='ltr'>Geschichte</span> <span class='ocrx_word' id='word_1_456' title='bbox 905 4683 1001 4732; x_wconf 90' lang='lat' dir='ltr'>der</span> <span class='ocrx_word' id='word_1_457' title='bbox 1035 4682 1188 4732; x_wconf 78' lang='lat' dir='ltr'>stadt</span> <span class='ocrx_word' id='word_1_458' title='bbox 1221 4685 1357 4733; x_wconf 87' lang='lat' dir='ltr'>Rom</span> <span class='ocrx_word' id='word_1_459' title='bbox 1392 4685 1463 4732; x_wconf 88' lang='lat' dir='ltr'>im</span> <span class='ocrx_word' id='word_1_460' title='bbox 1499 4684 1825 4734; x_wconf 83' lang='lat' dir='ltr'>Mittelalter.</span> <span class='ocrx_word' id='word_1_461' title='bbox 1866 4684 2055 4750; x_wconf 83' lang='lat' dir='ltr'>Stuttg.</span> <span class='ocrx_word' id='word_1_462' title='bbox 2085 4686 2235 4735; x_wconf 82' lang='lat'>1859.</span> <span class='ocrx_word' id='word_1_463' title='bbox 2274 4685 2315 4748; x_wconf 92' lang='lat'>1,</span> <span class='ocrx_word' id='word_1_464' title='bbox 2344 4687 2427 4734; x_wconf 88' lang='grc'>81.</span> 
     </span>
    </p>
   </div>
   <div class='ocr_carea' id='block_1_5' title="bbox 3227 2232 3229 3183">
    <p class='ocr_par' dir='ltr' id='par_1_7' title="bbox 3227 2232 3229 3183">
     <span class='ocr_line' id='line_1_44' title="bbox 3227 2232 3229 3183; baseline 0 0"><span class='ocrx_word' id='word_1_465' title='bbox 3227 2232 3229 3183; x_wconf 95' lang='lat' dir='ltr'> </span> 
     </span>
    </p>
   </div>
  </div>
 </body>
</html>
