<?xml version="1.0" encoding="UTF-8"?>
<!DOCTYPE html PUBLIC "-//W3C//DTD XHTML 1.0 Transitional//EN"
    "http://www.w3.org/TR/xhtml1/DTD/xhtml1-transitional.dtd">
<html xmlns="http://www.w3.org/1999/xhtml" xml:lang="en" lang="en">
 <head>
  <title>
</title>
<meta http-equiv="Content-Type" content="text/html;charset=utf-8" />
  <meta name='ocr-system' content='tesseract 3.04.00' />
  <meta name='ocr-capabilities' content='ocr_page ocr_carea ocr_par ocr_line ocrx_word'/>
</head>
<body>
  <div class='ocr_page' id='page_1' title='image "./historiarevelat00unkngoog_0593.png"; bbox 0 0 3267 5259; ppageno 0'>
   <div class='ocr_carea' id='block_1_1' title="bbox 1160 424 2667 511">
    <p class='ocr_par' dir='ltr' id='par_1_1' title="bbox 1160 424 2667 511">
     <span class='ocr_line' id='line_1_1' title="bbox 1160 424 2667 511; baseline 0.009 -13"><span class='ocrx_word' id='word_1_1' title='bbox 1160 456 1355 508; x_wconf 78' lang='lat' dir='ltr'>Epistola</span> <span class='ocrx_word' id='word_1_2' title='bbox 1381 456 1437 499; x_wconf 77' lang='lat' dir='ltr'>ad</span> <span class='ocrx_word' id='word_1_3' title='bbox 1464 456 1698 499; x_wconf 81' lang='lat' dir='ltr'>Hebraeos.</span> <span class='ocrx_word' id='word_1_4' title='bbox 2029 424 2041 435; x_wconf 34' lang='lat' dir='ltr'>s</span> <span class='ocrx_word' id='word_1_5' title='bbox 2538 444 2667 511; x_wconf 77' lang='grc'>465</span> 
     </span>
    </p>
   </div>
   <div class='ocr_carea' id='block_1_2' title="bbox 168 634 2674 2499">
    <p class='ocr_par' dir='ltr' id='par_1_2' title="bbox 168 634 2674 2499">
     <span class='ocr_line' id='line_1_2' title="bbox 173 634 2664 715; baseline 0.003 -24"><span class='ocrx_word' id='word_1_6' title='bbox 173 634 581 711; x_wconf 75' lang='lat' dir='ltr'>solymitanae</span> <span class='ocrx_word' id='word_1_7' title='bbox 598 636 818 694; x_wconf 88' lang='lat' dir='ltr'>habent</span> <span class='ocrx_word' id='word_1_8' title='bbox 838 636 1113 712; x_wconf 82' lang='lat' dir='ltr'>epistolae</span> <span class='ocrx_word' id='word_1_9' title='bbox 1136 638 1312 697; x_wconf 85' lang='lat' dir='ltr'>huius</span> <span class='ocrx_word' id='word_1_10' title='bbox 1341 658 1701 715; x_wconf 83' lang='lat' dir='ltr'>anonymum</span> <span class='ocrx_word' id='word_1_11' title='bbox 1721 640 2061 715; x_wconf 87' lang='lat' dir='ltr'>scriptorem</span> <span class='ocrx_word' id='word_1_12' title='bbox 2089 636 2126 696; x_wconf 89' lang='lat'>¹.</span> <span class='ocrx_word' id='word_1_13' title='bbox 2174 639 2293 697; x_wconf 86' lang='lat' dir='ltr'>Nos</span> <span class='ocrx_word' id='word_1_14' title='bbox 2308 641 2496 697; x_wconf 85' lang='lat' dir='ltr'>missis</span> <span class='ocrx_word' id='word_1_15' title='bbox 2521 639 2664 698; x_wconf 88' lang='lat' dir='ltr'>alio-</span> 
     </span>
     <span class='ocr_line' id='line_1_3' title="bbox 171 739 2668 821; baseline 0.002 -24"><span class='ocrx_word' id='word_1_16' title='bbox 171 758 311 797; x_wconf 86' lang='lat' dir='ltr'>rum</span> <span class='ocrx_word' id='word_1_17' title='bbox 330 739 583 799; x_wconf 88' lang='lat' dir='ltr'>iudiciis</span> <span class='ocrx_word' id='word_1_18' title='bbox 596 740 719 800; x_wconf 85' lang='lat' dir='ltr'>illis</span> <span class='ocrx_word' id='word_1_19' title='bbox 734 742 1074 814; x_wconf 71' lang='lat' dir='ltr'><strong>accedimus,</strong></span> <span class='ocrx_word' id='word_1_20' title='bbox 1102 746 1162 801; x_wconf 87' lang='lat' dir='ltr'>et</span> <span class='ocrx_word' id='word_1_21' title='bbox 1176 760 1310 801; x_wconf 90' lang='lat' dir='ltr'>cum</span> <span class='ocrx_word' id='word_1_22' title='bbox 1325 744 1399 801; x_wconf 87' lang='lat' dir='ltr'>iis</span> <span class='ocrx_word' id='word_1_23' title='bbox 1414 742 1662 802; x_wconf 87' lang='lat' dir='ltr'>facimus</span> <span class='ocrx_word' id='word_1_24' title='bbox 1677 742 2095 819; x_wconf 71' lang='lat' dir='ltr'><strong>interpretibus</strong></span> <span class='ocrx_word' id='word_1_25' title='bbox 2108 764 2122 814; x_wconf 92' lang='lat'>;</span> <span class='ocrx_word' id='word_1_26' title='bbox 2148 746 2271 821; x_wconf 86' lang='lat' dir='ltr'>qui</span> <span class='ocrx_word' id='word_1_27' title='bbox 2294 742 2351 802; x_wconf 81' lang='lat' dir='ltr'><strong>S.</strong></span> <span class='ocrx_word' id='word_1_28' title='bbox 2371 742 2668 802; x_wconf 88' lang='lat' dir='ltr'>Paulum</span> 
     </span>
     <span class='ocr_line' id='line_1_4' title="bbox 172 844 2664 924; baseline 0.002 -22"><span class='ocrx_word' id='word_1_29' title='bbox 172 848 626 921; x_wconf 80' lang='lat' dir='ltr'><strong>scriptorem</strong></span> <span class='ocrx_word' id='word_1_30' title='bbox 670 846 1023 923; x_wconf 88' lang='lat' dir='ltr'>epistolae</span> <span class='ocrx_word' id='word_1_31' title='bbox 1068 848 1151 905; x_wconf 90' lang='lat' dir='ltr'>ad</span> <span class='ocrx_word' id='word_1_32' title='bbox 1194 848 1563 907; x_wconf 89' lang='lat' dir='ltr'>Hebraeos</span> <span class='ocrx_word' id='word_1_33' title='bbox 1608 844 2244 924; x_wconf 81' lang='lat' dir='ltr'>pronunciarunt2.</span> <span class='ocrx_word' id='word_1_34' title='bbox 2285 847 2456 911; x_wconf 79' lang='lat' dir='ltr'>Quod</span> <span class='ocrx_word' id='word_1_35' title='bbox 2485 851 2664 907; x_wconf 85' lang='lat' dir='ltr'>ratio·</span> 
     </span>
     <span class='ocr_line' id='line_1_5' title="bbox 172 950 2666 1029; baseline 0.002 -22"><span class='ocrx_word' id='word_1_36' title='bbox 172 950 355 1008; x_wconf 90' lang='lat' dir='ltr'>nibus</span> <span class='ocrx_word' id='word_1_37' title='bbox 388 951 652 1009; x_wconf 84' lang='lat' dir='ltr'>internis</span> <span class='ocrx_word' id='word_1_38' title='bbox 683 956 744 1009; x_wconf 88' lang='lat' dir='ltr'>et</span> <span class='ocrx_word' id='word_1_39' title='bbox 772 952 1035 1011; x_wconf 81' lang='lat' dir='ltr'>externis</span> <span class='ocrx_word' id='word_1_40' title='bbox 1062 952 1577 1012; x_wconf 88' lang='lat' dir='ltr'>demonstrandum</span> <span class='ocrx_word' id='word_1_41' title='bbox 1608 954 1998 1029; x_wconf 79' lang='lat' dir='ltr'>aggredimur.</span> <span class='ocrx_word' id='word_1_42' title='bbox 2039 953 2134 1010; x_wconf 83' lang='lat' dir='ltr'>Ad</span> <span class='ocrx_word' id='word_1_43' title='bbox 2164 953 2576 1012; x_wconf 79' lang='lat' dir='ltr'>vindicandam</span> <span class='ocrx_word' id='word_1_44' title='bbox 2607 952 2666 1011; x_wconf 81' lang='lat' dir='ltr'><strong>S.</strong></span> 
     </span>
     <span class='ocr_line' id='line_1_6' title="bbox 170 1054 2668 1135; baseline 0.002 -24"><span class='ocrx_word' id='word_1_45' title='bbox 170 1054 367 1113; x_wconf 85' lang='lat' dir='ltr'>Paulo</span> <span class='ocrx_word' id='word_1_46' title='bbox 390 1056 557 1114; x_wconf 86' lang='lat' dir='ltr'>hanc</span> <span class='ocrx_word' id='word_1_47' title='bbox 579 1056 885 1133; x_wconf 86' lang='lat' dir='ltr'>epistolam</span> <span class='ocrx_word' id='word_1_48' title='bbox 910 1077 1047 1133; x_wconf 86' lang='lat' dir='ltr'>prae</span> <span class='ocrx_word' id='word_1_49' title='bbox 1078 1060 1283 1117; x_wconf 86' lang='lat' dir='ltr'>ceteris</span> <span class='ocrx_word' id='word_1_50' title='bbox 1306 1057 1358 1116; x_wconf 94' lang='lat' dir='ltr'><strong>I.</strong></span> <span class='ocrx_word' id='word_1_51' title='bbox 1386 1059 1628 1117; x_wconf 83' lang='lat' dir='ltr'>notandi</span> <span class='ocrx_word' id='word_1_52' title='bbox 1651 1058 1902 1117; x_wconf 81' lang='lat' dir='ltr'>veniunt</span> <span class='ocrx_word' id='word_1_53' title='bbox 1925 1062 1986 1116; x_wconf 91' lang='lat' dir='ltr'>et</span> <span class='ocrx_word' id='word_1_54' title='bbox 2007 1058 2370 1135; x_wconf 81' lang='lat' dir='ltr'>expendendi</span> <span class='ocrx_word' id='word_1_55' title='bbox 2393 1058 2668 1135; x_wconf 84' lang='lat' dir='ltr'>epistolae</span> 
     </span>
     <span class='ocr_line' id='line_1_7' title="bbox 170 1160 2667 1241; baseline 0.001 -23"><span class='ocrx_word' id='word_1_56' title='bbox 170 1160 573 1219; x_wconf 65' lang='lat' dir='ltr'>characteres.</span> <span class='ocrx_word' id='word_1_57' title='bbox 620 1161 684 1220; x_wconf 81' lang='lat' dir='ltr'>Si</span> <span class='ocrx_word' id='word_1_58' title='bbox 714 1161 1000 1220; x_wconf 90' lang='lat' dir='ltr'>iudicium</span> <span class='ocrx_word' id='word_1_59' title='bbox 1028 1162 1336 1221; x_wconf 86' lang='lat' dir='ltr'>ferendum</span> <span class='ocrx_word' id='word_1_60' title='bbox 1367 1168 1455 1222; x_wconf 87' lang='lat' dir='ltr'>est</span> <span class='ocrx_word' id='word_1_61' title='bbox 1483 1184 1559 1221; x_wconf 88' lang='lat' dir='ltr'>ex</span> <span class='ocrx_word' id='word_1_62' title='bbox 1587 1164 1803 1221; x_wconf 83' lang='lat' dir='ltr'>intima</span> <span class='ocrx_word' id='word_1_63' title='bbox 1831 1163 2026 1221; x_wconf 90' lang='lat' dir='ltr'>indole</span> <span class='ocrx_word' id='word_1_64' title='bbox 2059 1163 2263 1241; x_wconf 87' lang='lat' dir='ltr'>scripti</span> <span class='ocrx_word' id='word_1_65' title='bbox 2293 1164 2486 1232; x_wconf 87' lang='lat' dir='ltr'>huius,</span> <span class='ocrx_word' id='word_1_66' title='bbox 2535 1163 2667 1241; x_wconf 85' lang='lat' dir='ltr'>qui·</span> 
     </span>
     <span class='ocr_line' id='line_1_8' title="bbox 170 1264 2665 1345; baseline 0.001 -23"><span class='ocrx_word' id='word_1_67' title='bbox 170 1284 437 1343; x_wconf 84' lang='lat' dir='ltr'>cumque</span> <span class='ocrx_word' id='word_1_68' title='bbox 472 1264 623 1324; x_wconf 89' lang='lat' dir='ltr'>illud</span> <span class='ocrx_word' id='word_1_69' title='bbox 650 1267 1096 1339; x_wconf 80' lang='lat' dir='ltr'>examinaverit,</span> <span class='ocrx_word' id='word_1_70' title='bbox 1131 1267 1197 1325; x_wconf 90' lang='lat' dir='ltr'>in</span> <span class='ocrx_word' id='word_1_71' title='bbox 1222 1287 1429 1342; x_wconf 86' lang='lat' dir='ltr'>genere</span> <span class='ocrx_word' id='word_1_72' title='bbox 1454 1270 1553 1326; x_wconf 91' lang='lat' dir='ltr'>hic</span> <span class='ocrx_word' id='word_1_73' title='bbox 1580 1268 1832 1345; x_wconf 81' lang='lat' dir='ltr'>reperiet</span> <span class='ocrx_word' id='word_1_74' title='bbox 1861 1268 2007 1344; x_wconf 88' lang='lat' dir='ltr'>legis</span> <span class='ocrx_word' id='word_1_75' title='bbox 2037 1270 2326 1327; x_wconf 84' lang='lat' dir='ltr'>doctorem</span> <span class='ocrx_word' id='word_1_76' title='bbox 2349 1286 2665 1338; x_wconf 89' lang='lat' dir='ltr'>summum,</span> 
     </span>
     <span class='ocr_line' id='line_1_9' title="bbox 168 1370 2662 1448; baseline 0.001 -20"><span class='ocrx_word' id='word_1_77' title='bbox 168 1372 277 1448; x_wconf 89' lang='lat' dir='ltr'>qui</span> <span class='ocrx_word' id='word_1_78' title='bbox 300 1390 437 1429; x_wconf 89' lang='lat' dir='ltr'>non</span> <span class='ocrx_word' id='word_1_79' title='bbox 462 1370 655 1429; x_wconf 87' lang='lat' dir='ltr'>solum</span> <span class='ocrx_word' id='word_1_80' title='bbox 676 1376 984 1448; x_wconf 83' lang='lat' dir='ltr'>praecepta</span> <span class='ocrx_word' id='word_1_81' title='bbox 1012 1372 1085 1430; x_wconf 88' lang='lat' dir='ltr'>V.</span> <span class='ocrx_word' id='word_1_82' title='bbox 1117 1372 1185 1430; x_wconf 77' lang='lat' dir='ltr'><strong>T.</strong></span> <span class='ocrx_word' id='word_1_83' title='bbox 1217 1374 1435 1448; x_wconf 90' lang='lat' dir='ltr'>optime</span> <span class='ocrx_word' id='word_1_84' title='bbox 1464 1373 1752 1445; x_wconf 82' lang='lat' dir='ltr'>calluerit,</span> <span class='ocrx_word' id='word_1_85' title='bbox 1787 1392 1994 1431; x_wconf 84' lang='lat' dir='ltr'>verum</span> <span class='ocrx_word' id='word_1_86' title='bbox 2023 1374 2203 1432; x_wconf 87' lang='lat' dir='ltr'>etiam</span> <span class='ocrx_word' id='word_1_87' title='bbox 2231 1375 2464 1433; x_wconf 82' lang='lat' dir='ltr'>noverit</span> <span class='ocrx_word' id='word_1_88' title='bbox 2491 1392 2662 1431; x_wconf 87' lang='lat' dir='ltr'>usum</span> 
     </span>
     <span class='ocr_line' id='line_1_10' title="bbox 170 1474 2666 1554; baseline 0.001 -22"><span class='ocrx_word' id='word_1_89' title='bbox 170 1474 463 1533; x_wconf 86' lang='lat' dir='ltr'>sublimis</span> <span class='ocrx_word' id='word_1_90' title='bbox 484 1476 823 1534; x_wconf 88' lang='lat' dir='ltr'>-eorundem</span> <span class='ocrx_word' id='word_1_91' title='bbox 852 1478 1382 1553; x_wconf 86' lang='lat' dir='ltr'>interpretationis;</span> <span class='ocrx_word' id='word_1_92' title='bbox 1430 1478 1798 1554; x_wconf 78' lang='lat' dir='ltr'>cogndscitur</span> <span class='ocrx_word' id='word_1_93' title='bbox 1826 1478 1982 1537; x_wconf 90' lang='lat' dir='ltr'>idem</span> <span class='ocrx_word' id='word_1_94' title='bbox 2013 1498 2133 1536; x_wconf 88' lang='lat' dir='ltr'>non</span> <span class='ocrx_word' id='word_1_95' title='bbox 2174 1478 2540 1537; x_wconf 76' lang='lat' dir='ltr'>mediocriter</span> <span class='ocrx_word' id='word_1_96' title='bbox 2567 1477 2666 1536; x_wconf 88' lang='lat' dir='ltr'>sed</span> 
     </span>
     <span class='ocr_line' id='line_1_11' title="bbox 168 1579 2665 1661; baseline 0 -22"><span class='ocrx_word' id='word_1_97' title='bbox 168 1580 451 1639; x_wconf 82' lang='lat' dir='ltr'>maxime</span> <span class='ocrx_word' id='word_1_98' title='bbox 484 1579 661 1639; x_wconf 89' lang='lat' dir='ltr'>simul</span> <span class='ocrx_word' id='word_1_99' title='bbox 690 1587 955 1640; x_wconf 79' lang='lat' dir='ltr'>versatus</span> <span class='ocrx_word' id='word_1_100' title='bbox 986 1582 1051 1640; x_wconf 90' lang='lat' dir='ltr'>in</span> <span class='ocrx_word' id='word_1_101' title='bbox 1081 1582 1283 1641; x_wconf 81' lang='lat' dir='ltr'>Novae</span> <span class='ocrx_word' id='word_1_102' title='bbox 1312 1582 1485 1659; x_wconf 81' lang='lat' dir='ltr'>Legis</span> <span class='ocrx_word' id='word_1_103' title='bbox 1514 1583 1832 1661; x_wconf 82' lang='lat' dir='ltr'>mysteriis,</span> <span class='ocrx_word' id='word_1_104' title='bbox 1865 1602 2043 1659; x_wconf 88' lang='lat' dir='ltr'>supra</span> <span class='ocrx_word' id='word_1_105' title='bbox 2085 1587 2302 1642; x_wconf 76' lang='lat' dir='ltr'>ceteros</span> <span class='ocrx_word' id='word_1_106' title='bbox 2330 1580 2494 1641; x_wconf 88' lang='lat' dir='ltr'>illius</span> <span class='ocrx_word' id='word_1_107' title='bbox 2534 1582 2665 1641; x_wconf 80' lang='lat' dir='ltr'>aevi</span> 
     </span>
     <span class='ocr_line' id='line_1_12' title="bbox 170 1685 2672 1765; baseline 0.001 -23"><span class='ocrx_word' id='word_1_108' title='bbox 170 1685 524 1761; x_wconf 76' lang='lat' dir='ltr'>scriptor-ee.</span> <span class='ocrx_word' id='word_1_109' title='bbox 559 1687 743 1763; x_wconf 87' lang='lat' dir='ltr'>Atqui</span> <span class='ocrx_word' id='word_1_110' title='bbox 775 1686 881 1744; x_wconf 89' lang='lat' dir='ltr'>illa</span> <span class='ocrx_word' id='word_1_111' title='bbox 910 1691 1116 1759; x_wconf 82' lang='lat' dir='ltr'>aetate,</span> <span class='ocrx_word' id='word_1_112' title='bbox 1150 1706 1266 1765; x_wconf 88' lang='lat' dir='ltr'>qua</span> <span class='ocrx_word' id='word_1_113' title='bbox 1296 1694 1537 1747; x_wconf 87' lang='lat' dir='ltr'>exarata</span> <span class='ocrx_word' id='word_1_114' title='bbox 1558 1689 1676 1747; x_wconf 87' lang='lat' dir='ltr'>fuit</span> <span class='ocrx_word' id='word_1_115' title='bbox 1699 1688 1943 1765; x_wconf 88' lang='lat' dir='ltr'>epistola</span> <span class='ocrx_word' id='word_1_116' title='bbox 1962 1688 2092 1758; x_wconf 85' lang='lat' dir='ltr'>ista,</span> <span class='ocrx_word' id='word_1_117' title='bbox 2121 1708 2272 1746; x_wconf 90' lang='lat' dir='ltr'>unus</span> <span class='ocrx_word' id='word_1_118' title='bbox 2303 1687 2522 1746; x_wconf 87' lang='lat' dir='ltr'>Paulus</span> <span class='ocrx_word' id='word_1_119' title='bbox 2545 1690 2672 1745; x_wconf 84' lang='lat' dir='ltr'>erat</span> 
     </span>
     <span class='ocr_line' id='line_1_13' title="bbox 170 1790 2672 1872; baseline 0.001 -25"><span class='ocrx_word' id='word_1_120' title='bbox 170 1812 247 1848; x_wconf 82' lang='lat' dir='ltr'>ex</span> <span class='ocrx_word' id='word_1_121' title='bbox 270 1790 580 1849; x_wconf 83' lang='lat' dir='ltr'>Hebraeis</span> <span class='ocrx_word' id='word_1_122' title='bbox 602 1793 668 1849; x_wconf 91' lang='lat' dir='ltr'>in</span> <span class='ocrx_word' id='word_1_123' title='bbox 686 1791 839 1866; x_wconf 84' lang='lat' dir='ltr'>Lege</span> <span class='ocrx_word' id='word_1_124' title='bbox 861 1792 1241 1865; x_wconf 85' lang='lat' dir='ltr'>doctissimus,</span> <span class='ocrx_word' id='word_1_125' title='bbox 1268 1799 1329 1851; x_wconf 88' lang='lat' dir='ltr'>et</span> <span class='ocrx_word' id='word_1_126' title='bbox 1350 1798 1581 1870; x_wconf 84' lang='lat' dir='ltr'>praeter</span> <span class='ocrx_word' id='word_1_127' title='bbox 1602 1794 1774 1852; x_wconf 89' lang='lat' dir='ltr'>illum</span> <span class='ocrx_word' id='word_1_128' title='bbox 1799 1793 1997 1851; x_wconf 89' lang='lat' dir='ltr'>nullus</span> <span class='ocrx_word' id='word_1_129' title='bbox 2021 1793 2195 1863; x_wconf 88' lang='lat' dir='ltr'>alius;</span> <span class='ocrx_word' id='word_1_130' title='bbox 2222 1793 2292 1851; x_wconf 90' lang='lat' dir='ltr'>de</span> <span class='ocrx_word' id='word_1_131' title='bbox 2314 1812 2429 1872; x_wconf 91' lang='lat' dir='ltr'>quo</span> <span class='ocrx_word' id='word_1_132' title='bbox 2451 1791 2672 1851; x_wconf 90' lang='lat' dir='ltr'>mentio</span> 
     </span>
     <span class='ocr_line' id='line_1_14' title="bbox 172 1896 2668 1974; baseline -0 -21"><span class='ocrx_word' id='word_1_133' title='bbox 172 1896 485 1954; x_wconf 88' lang='lat' dir='ltr'>habeatur</span> <span class='ocrx_word' id='word_1_134' title='bbox 529 1900 634 1953; x_wconf 89' lang='lat' dir='ltr'>aut</span> <span class='ocrx_word' id='word_1_135' title='bbox 676 1898 956 1955; x_wconf 84' lang='lat' dir='ltr'>memoria</span> <span class='ocrx_word' id='word_1_136' title='bbox 1000 1898 1252 1974; x_wconf 78' lang='lat' dir='ltr'>supersit</span> <span class='ocrx_word' id='word_1_137' title='bbox 1294 1899 1358 1955; x_wconf 90' lang='lat' dir='ltr'>in</span> <span class='ocrx_word' id='word_1_138' title='bbox 1403 1898 1778 1956; x_wconf 87' lang='lat' dir='ltr'>monimentis</span> <span class='ocrx_word' id='word_1_139' title='bbox 1810 1897 2099 1955; x_wconf 83' lang='lat' dir='ltr'>Ecclesiae</span> <span class='ocrx_word' id='word_1_140' title='bbox 2139 1896 2302 1955; x_wconf 84' lang='lat' dir='ltr'>illius</span> <span class='ocrx_word' id='word_1_141' title='bbox 2345 1897 2504 1955; x_wconf 78' lang='lat' dir='ltr'>aevi:</span> <span class='ocrx_word' id='word_1_142' title='bbox 2549 1914 2668 1953; x_wconf 90' lang='lat' dir='ltr'>non</span> 
     </span>
     <span class='ocr_line' id='line_1_15' title="bbox 176 2000 2674 2081; baseline 0 -24"><span class='ocrx_word' id='word_1_143' title='bbox 176 2000 399 2071; x_wconf 78' lang='lat' dir='ltr'>Lucas,</span> <span class='ocrx_word' id='word_1_144' title='bbox 466 2019 583 2057; x_wconf 89' lang='lat' dir='ltr'>non</span> <span class='ocrx_word' id='word_1_145' title='bbox 636 2000 950 2071; x_wconf 83' lang='lat' dir='ltr'>Barnabas,</span> <span class='ocrx_word' id='word_1_146' title='bbox 1006 2020 1123 2059; x_wconf 93' lang='lat' dir='ltr'>non</span> <span class='ocrx_word' id='word_1_147' title='bbox 1174 2002 1341 2073; x_wconf 87' lang='lat' dir='ltr'>Silas,</span> <span class='ocrx_word' id='word_1_148' title='bbox 1400 2022 1515 2061; x_wconf 90' lang='lat' dir='ltr'>non</span> <span class='ocrx_word' id='word_1_149' title='bbox 1567 2002 1858 2071; x_wconf 81' lang='lat' dir='ltr'>Clemens3</span> <span class='ocrx_word' id='word_1_150' title='bbox 1915 2002 2015 2081; x_wconf 90' lang='lat' dir='ltr'>qui</span> <span class='ocrx_word' id='word_1_151' title='bbox 2068 2002 2133 2059; x_wconf 90' lang='lat' dir='ltr'>in</span> <span class='ocrx_word' id='word_1_152' title='bbox 2186 2003 2294 2060; x_wconf 91' lang='lat' dir='ltr'>hoc</span> <span class='ocrx_word' id='word_1_153' title='bbox 2339 2000 2674 2059; x_wconf 85' lang='lat' dir='ltr'>nullatenus</span> 
     </span>
     <span class='ocr_line' id='line_1_16' title="bbox 168 2104 2674 2182; baseline -0 -18"><span class='ocrx_word' id='word_1_154' title='bbox 168 2104 523 2181; x_wconf 80' lang='lat' dir='ltr'>comparari</span> <span class='ocrx_word' id='word_1_155' title='bbox 553 2110 801 2181; x_wconf 63' lang='lat' dir='ltr'>possunt⁸</span> <span class='ocrx_word' id='word_1_156' title='bbox 824 2126 956 2164; x_wconf 89' lang='lat' dir='ltr'>cum</span> <span class='ocrx_word' id='word_1_157' title='bbox 986 2107 1233 2164; x_wconf 86' lang='lat' dir='ltr'>Doctore</span> <span class='ocrx_word' id='word_1_158' title='bbox 1263 2108 1547 2181; x_wconf 85' lang='lat' dir='ltr'>gentium.</span> <span class='ocrx_word' id='word_1_159' title='bbox 1594 2108 2113 2182; x_wconf 86' lang='lat' dir='ltr'>Argumentationi</span> <span class='ocrx_word' id='word_1_160' title='bbox 2143 2107 2285 2165; x_wconf 89' lang='lat' dir='ltr'>huic</span> <span class='ocrx_word' id='word_1_161' title='bbox 2313 2106 2674 2181; x_wconf 83' lang='lat' dir='ltr'>suffragatur</span> 
     </span>
     <span class='ocr_line' id='line_1_17' title="bbox 172 2211 2669 2289; baseline 0 -22"><span class='ocrx_word' id='word_1_162' title='bbox 172 2211 263 2268; x_wconf 87' lang='lat'><strong>11.</strong></span> <span class='ocrx_word' id='word_1_163' title='bbox 299 2229 631 2269; x_wconf 87' lang='lat' dir='ltr'>consensus</span> <span class='ocrx_word' id='word_1_164' title='bbox 660 2215 731 2268; x_wconf 89' lang='lat' dir='ltr'>et</span> <span class='ocrx_word' id='word_1_165' title='bbox 758 2213 986 2289; x_wconf 92' lang='lat' dir='ltr'>quoad</span> <span class='ocrx_word' id='word_1_166' title='bbox 1018 2212 1402 2269; x_wconf 86' lang='lat' dir='ltr'>materiam</span> <span class='ocrx_word' id='word_1_167' title='bbox 1432 2216 1501 2269; x_wconf 85' lang='lat' dir='ltr'>et</span> <span class='ocrx_word' id='word_1_168' title='bbox 1529 2213 1713 2289; x_wconf 90' lang='lat' dir='ltr'>quod</span> <span class='ocrx_word' id='word_1_169' title='bbox 1742 2212 1822 2269; x_wconf 86' lang='lat' dir='ltr'>ad</span> <span class='ocrx_word' id='word_1_170' title='bbox 1855 2213 2150 2270; x_wconf 84' lang='lat' dir='ltr'>formam</span> <span class='ocrx_word' id='word_1_171' title='bbox 2195 2212 2428 2281; x_wconf 87' lang='lat' dir='ltr'>attinet,</span> <span class='ocrx_word' id='word_1_172' title='bbox 2482 2228 2669 2289; x_wconf 87' lang='lat' dir='ltr'>neque</span> 
     </span>
     <span class='ocr_line' id='line_1_18' title="bbox 168 2314 2670 2394; baseline -0 -21"><span class='ocrx_word' id='word_1_173' title='bbox 168 2314 503 2390; x_wconf 84' lang='lat' dir='ltr'>generalis,</span> <span class='ocrx_word' id='word_1_174' title='bbox 552 2316 649 2371; x_wconf 87' lang='lat' dir='ltr'>sed</span> <span class='ocrx_word' id='word_1_175' title='bbox 681 2316 853 2391; x_wconf 90' lang='lat' dir='ltr'>plane</span> <span class='ocrx_word' id='word_1_176' title='bbox 883 2315 1229 2389; x_wconf 79' lang='lat' dir='ltr'>singularis3</span> <span class='ocrx_word' id='word_1_177' title='bbox 1262 2316 1365 2394; x_wconf 93' lang='lat' dir='ltr'>qui</span> <span class='ocrx_word' id='word_1_178' title='bbox 1397 2317 1553 2374; x_wconf 85' lang='lat' dir='ltr'>inter</span> <span class='ocrx_word' id='word_1_179' title='bbox 1582 2318 1736 2375; x_wconf 83' lang='lat' dir='ltr'>hanc</span> <span class='ocrx_word' id='word_1_180' title='bbox 1767 2321 1825 2374; x_wconf 93' lang='lat' dir='ltr'>et</span> <span class='ocrx_word' id='word_1_181' title='bbox 1853 2321 2072 2375; x_wconf 86' lang='lat' dir='ltr'>ceteras</span> <span class='ocrx_word' id='word_1_182' title='bbox 2103 2315 2368 2391; x_wconf 87' lang='lat' dir='ltr'>Apostoli</span> <span class='ocrx_word' id='word_1_183' title='bbox 2399 2314 2670 2391; x_wconf 80' lang='lat' dir='ltr'>epistolas</span> 
     </span>
     <span class='ocr_line' id='line_1_19' title="bbox 170 2418 2670 2499; baseline 0.001 -23"><span class='ocrx_word' id='word_1_184' title='bbox 170 2418 527 2489; x_wconf 78' lang='lat' dir='ltr'>intercedit,</span> <span class='ocrx_word' id='word_1_185' title='bbox 562 2420 779 2497; x_wconf 91' lang='lat' dir='ltr'>quique</span> <span class='ocrx_word' id='word_1_186' title='bbox 809 2440 854 2477; x_wconf 87' lang='lat' dir='ltr'>s.</span> <span class='ocrx_word' id='word_1_187' title='bbox 880 2420 1132 2478; x_wconf 89' lang='lat' dir='ltr'>Paulum</span> <span class='ocrx_word' id='word_1_188' title='bbox 1164 2419 1357 2497; x_wconf 88' lang='lat' dir='ltr'>prima</span> <span class='ocrx_word' id='word_1_189' title='bbox 1386 2420 1577 2479; x_wconf 88' lang='lat' dir='ltr'>fronte</span> <span class='ocrx_word' id='word_1_190' title='bbox 1608 2420 1790 2478; x_wconf 81' lang='lat' dir='ltr'>refert</span> <span class='ocrx_word' id='word_1_191' title='bbox 1809 2418 1851 2479; x_wconf 80' lang='lat'><strong>3.</strong></span> <span class='ocrx_word' id='word_1_192' title='bbox 1897 2422 2034 2479; x_wconf 81' lang='lat' dir='ltr'>Sive</span> <span class='ocrx_word' id='word_1_193' title='bbox 2067 2440 2156 2477; x_wconf 83' lang='lat' dir='ltr'>res</span> <span class='ocrx_word' id='word_1_194' title='bbox 2186 2440 2334 2499; x_wconf 82' lang='lat' dir='ltr'>quae</span> <span class='ocrx_word' id='word_1_195' title='bbox 2365 2424 2670 2492; x_wconf 83' lang='lat' dir='ltr'>tractatur,</span> 
     </span>
    </p>
   </div>
   <div class='ocr_carea' id='block_1_3' title="bbox 245 2576 611 2585">
    <p class='ocr_par' dir='ltr' id='par_1_3' title="bbox 245 2576 611 2585">
     <span class='ocr_line' id='line_1_20' title="bbox 245 2576 611 2585; baseline 0 2674"><span class='ocrx_word' id='word_1_196' title='bbox 245 2576 611 2585; x_wconf 95' lang='lat' dir='ltr'> </span> 
     </span>
    </p>
   </div>
   <div class='ocr_carea' id='block_1_4' title="bbox 151 2662 2676 4807">
    <p class='ocr_par' dir='ltr' id='par_1_4' title="bbox 168 2662 2674 2817">
     <span class='ocr_line' id='line_1_21' title="bbox 168 2662 2674 2729; baseline -0.001 -14"><span class='ocrx_word' id='word_1_197' title='bbox 168 2665 238 2715; x_wconf 86' lang='lat' dir='ltr'>de</span> <span class='ocrx_word' id='word_1_198' title='bbox 264 2664 493 2729; x_wconf 85' lang='lat' dir='ltr'>origine</span> <span class='ocrx_word' id='word_1_199' title='bbox 519 2679 603 2727; x_wconf 90' lang='lat' dir='ltr'>ep.</span> <span class='ocrx_word' id='word_1_200' title='bbox 628 2662 697 2712; x_wconf 88' lang='lat' dir='ltr'>ad</span> <span class='ocrx_word' id='word_1_201' title='bbox 724 2662 887 2711; x_wconf 88' lang='lat' dir='ltr'>Hebr.</span> <span class='ocrx_word' id='word_1_202' title='bbox 914 2664 1135 2713; x_wconf 84' lang='lat' dir='ltr'>coniect.</span> <span class='ocrx_word' id='word_1_203' title='bbox 1161 2662 1282 2712; x_wconf 89' lang='lat' dir='ltr'>Jen.</span> <span class='ocrx_word' id='word_1_204' title='bbox 1313 2664 1461 2713; x_wconf 84' lang='lat'><strong>1829.</strong></span> <span class='ocrx_word' id='word_1_205' title='bbox 1496 2679 1547 2729; x_wconf 89' lang='lat' dir='ltr'>p.</span> <span class='ocrx_word' id='word_1_206' title='bbox 1573 2665 1621 2712; x_wconf 86' lang='grc'>6.</span> <span class='ocrx_word' id='word_1_207' title='bbox 1649 2678 1690 2712; x_wconf 90' lang='lat' dir='ltr'>s.</span> <span class='ocrx_word' id='word_1_208' title='bbox 1741 2662 1986 2724; x_wconf 67' lang='lat' dir='ltr'>Kffinoel,</span> <span class='ocrx_word' id='word_1_209' title='bbox 2013 2678 2200 2712; x_wconf 86' lang='lat' dir='ltr'>comm.</span> <span class='ocrx_word' id='word_1_210' title='bbox 2226 2663 2278 2711; x_wconf 89' lang='lat' dir='ltr'>in</span> <span class='ocrx_word' id='word_1_211' title='bbox 2307 2678 2388 2727; x_wconf 90' lang='lat' dir='ltr'>ep.</span> <span class='ocrx_word' id='word_1_212' title='bbox 2415 2662 2484 2712; x_wconf 80' lang='lat' dir='ltr'>ad</span> <span class='ocrx_word' id='word_1_213' title='bbox 2508 2662 2674 2713; x_wconf 88' lang='lat' dir='ltr'>Hebr.</span> 
     </span>
     <span class='ocr_line' id='line_1_22' title="bbox 169 2749 945 2817; baseline -0.003 -16"><span class='ocrx_word' id='word_1_214' title='bbox 169 2754 331 2817; x_wconf 79' lang='lat' dir='ltr'>Lips.</span> <span class='ocrx_word' id='word_1_215' title='bbox 367 2752 529 2800; x_wconf 82' lang='lat'><strong>1831.</strong></span> <span class='ocrx_word' id='word_1_216' title='bbox 555 2749 688 2815; x_wconf 83' lang='lat' dir='ltr'>prol.</span> <span class='ocrx_word' id='word_1_217' title='bbox 715 2766 765 2815; x_wconf 92' lang='lat' dir='ltr'>p.</span> <span class='ocrx_word' id='word_1_218' title='bbox 792 2751 876 2799; x_wconf 81' lang='grc'>26.</span> <span class='ocrx_word' id='word_1_219' title='bbox 902 2763 945 2799; x_wconf 91' lang='lat' dir='ltr'>s.</span> 
     </span>
    </p>

    <p class='ocr_par' dir='ltr' id='par_1_5' title="bbox 151 2834 2676 4735">
     <span class='ocr_line' id='line_1_23' title="bbox 401 2834 2675 2904; baseline 0.001 -19"><span class='ocrx_word' id='word_1_220' title='bbox 401 2838 445 2900; x_wconf 88' lang='lat'>¹)</span> <span class='ocrx_word' id='word_1_221' title='bbox 494 2834 707 2897; x_wconf 82' lang='lat' dir='ltr'>Ewald‚</span> <span class='ocrx_word' id='word_1_222' title='bbox 759 2835 949 2885; x_wconf 85' lang='lat' dir='ltr'>Gesch.</span> <span class='ocrx_word' id='word_1_223' title='bbox 992 2836 1088 2887; x_wconf 89' lang='lat' dir='ltr'>Isr.</span> <span class='ocrx_word' id='word_1_224' title='bbox 1131 2837 1231 2899; x_wconf 89' lang='lat' dir='ltr'>VI,</span> <span class='ocrx_word' id='word_1_225' title='bbox 1274 2838 1391 2887; x_wconf 82' lang='grc'><strong>638.</strong></span> <span class='ocrx_word' id='word_1_226' title='bbox 1466 2835 1507 2901; x_wconf 85' lang='lat'>²)</span> <span class='ocrx_word' id='word_1_227' title='bbox 1556 2838 1605 2886; x_wconf 88' lang='lat' dir='ltr'><strong>E</strong></span> <span class='ocrx_word' id='word_1_228' title='bbox 1655 2837 1942 2887; x_wconf 80' lang='lat' dir='ltr'>Catholicis</span> <span class='ocrx_word' id='word_1_229' title='bbox 1988 2838 2364 2904; x_wconf 83' lang='lat' dir='ltr'>interpretibus</span> <span class='ocrx_word' id='word_1_230' title='bbox 2413 2838 2675 2902; x_wconf 83' lang='lat' dir='ltr'>antiquio-</span> 
     </span>
     <span class='ocr_line' id='line_1_24' title="bbox 164 2922 2676 2989; baseline -0.001 -13"><span class='ocrx_word' id='word_1_231' title='bbox 164 2928 343 2988; x_wconf 85' lang='lat' dir='ltr'>ribus,</span> <span class='ocrx_word' id='word_1_232' title='bbox 388 2928 660 2989; x_wconf 85' lang='lat' dir='ltr'>quotquot</span> <span class='ocrx_word' id='word_1_233' title='bbox 686 2922 981 2988; x_wconf 81' lang='lat' dir='ltr'>Epistolam</span> <span class='ocrx_word' id='word_1_234' title='bbox 1016 2923 1157 2973; x_wconf 85' lang='lat' dir='ltr'>hanc</span> <span class='ocrx_word' id='word_1_235' title='bbox 1193 2924 1585 2973; x_wconf 81' lang='lat' dir='ltr'>commentariis</span> <span class='ocrx_word' id='word_1_236' title='bbox 1618 2924 1966 2987; x_wconf 86' lang='lat' dir='ltr'>illustrarunt,</span> <span class='ocrx_word' id='word_1_237' title='bbox 2003 2925 2114 2974; x_wconf 84' lang='lat' dir='ltr'>sive</span> <span class='ocrx_word' id='word_1_238' title='bbox 2152 2925 2568 2975; x_wconf 80' lang='lat' dir='ltr'>controversiam</span> <span class='ocrx_word' id='word_1_239' title='bbox 2605 2923 2676 2973; x_wconf 89' lang='lat' dir='ltr'>de</span> 
     </span>
     <span class='ocr_line' id='line_1_25' title="bbox 174 3010 2673 3078; baseline -0.001 -15"><span class='ocrx_word' id='word_1_240' title='bbox 174 3014 462 3078; x_wconf 82' lang='lat' dir='ltr'>scriptore</span> <span class='ocrx_word' id='word_1_241' title='bbox 490 3010 725 3060; x_wconf 86' lang='lat' dir='ltr'>eiusdem</span> <span class='ocrx_word' id='word_1_242' title='bbox 750 3010 1051 3075; x_wconf 80' lang='lat' dir='ltr'>attigerunt,</span> <span class='ocrx_word' id='word_1_243' title='bbox 1078 3026 1125 3059; x_wconf 93' lang='lat' dir='ltr'>e.</span> <span class='ocrx_word' id='word_1_244' title='bbox 1146 3026 1191 3059; x_wconf 87' lang='lat' dir='ltr'>c.</span> <span class='ocrx_word' id='word_1_245' title='bbox 1211 3010 1475 3075; x_wconf 83' lang='lat' dir='ltr'>Lyranus,</span> <span class='ocrx_word' id='word_1_246' title='bbox 1501 3011 1568 3060; x_wconf 94' lang='lat' dir='ltr'>D.</span> <span class='ocrx_word' id='word_1_247' title='bbox 1592 3010 1996 3073; x_wconf 77' lang='lat' dir='ltr'>carthusianus,</span> <span class='ocrx_word' id='word_1_248' title='bbox 2017 3011 2352 3073; x_wconf 75' lang='lat' dir='ltr'>Gathar-inus,</span> <span class='ocrx_word' id='word_1_249' title='bbox 2378 3010 2673 3074; x_wconf 83' lang='lat' dir='ltr'>Lindanus,</span> 
     </span>
     <span class='ocr_line' id='line_1_26' title="bbox 164 3096 2671 3164; baseline -0.001 -15"><span class='ocrx_word' id='word_1_250' title='bbox 164 3098 385 3161; x_wconf 78' lang='lat' dir='ltr'>sixtus,</span> <span class='ocrx_word' id='word_1_251' title='bbox 425 3096 721 3159; x_wconf 82' lang='lat' dir='ltr'>Salmeron‚</span> <span class='ocrx_word' id='word_1_252' title='bbox 758 3098 1098 3159; x_wconf 86' lang='lat' dir='ltr'>Possevinus,</span> <span class='ocrx_word' id='word_1_253' title='bbox 1138 3096 1295 3147; x_wconf 86' lang='lat' dir='ltr'>Corn.</span> <span class='ocrx_word' id='word_1_254' title='bbox 1334 3112 1369 3146; x_wconf 81' lang='lat' dir='ltr'>a</span> <span class='ocrx_word' id='word_1_255' title='bbox 1392 3097 1614 3164; x_wconf 88' lang='lat' dir='ltr'>Lapide,</span> <span class='ocrx_word' id='word_1_256' title='bbox 1641 3098 1907 3162; x_wconf 82' lang='lat' dir='ltr'>Testatus,</span> <span class='ocrx_word' id='word_1_257' title='bbox 1933 3099 2283 3161; x_wconf 81' lang='lat' dir='ltr'>Fromondus,</span> <span class='ocrx_word' id='word_1_258' title='bbox 2309 3098 2511 3162; x_wconf 85' lang='lat' dir='ltr'>Estius,</span> <span class='ocrx_word' id='word_1_259' title='bbox 2551 3097 2671 3148; x_wconf 84' lang='lat' dir='ltr'>Cal-</span> 
     </span>
     <span class='ocr_line' id='line_1_27' title="bbox 164 3183 2675 3249; baseline -0.001 -13"><span class='ocrx_word' id='word_1_260' title='bbox 164 3193 383 3247; x_wconf 80' lang='lat' dir='ltr'>metus,</span> <span class='ocrx_word' id='word_1_261' title='bbox 426 3183 743 3249; x_wconf 80' lang='lat' dir='ltr'>Goldhagen</span> <span class='ocrx_word' id='word_1_262' title='bbox 780 3183 981 3249; x_wconf 84' lang='lat' dir='ltr'>aliique</span> <span class='ocrx_word' id='word_1_263' title='bbox 1016 3184 1126 3234; x_wconf 83' lang='lat' dir='ltr'>fere</span> <span class='ocrx_word' id='word_1_264' title='bbox 1164 3199 1371 3245; x_wconf 88' lang='lat' dir='ltr'>omues,</span> <span class='ocrx_word' id='word_1_265' title='bbox 1410 3184 1589 3249; x_wconf 86' lang='lat' dir='ltr'>quoad</span> <span class='ocrx_word' id='word_1_266' title='bbox 1631 3184 1928 3235; x_wconf 80' lang='lat' dir='ltr'>subiectum</span> <span class='ocrx_word' id='word_1_267' title='bbox 1965 3189 2019 3235; x_wconf 90' lang='lat' dir='ltr'>et</span> <span class='ocrx_word' id='word_1_268' title='bbox 2054 3185 2316 3247; x_wconf 87' lang='lat' dir='ltr'>ordinem,</span> <span class='ocrx_word' id='word_1_269' title='bbox 2359 3185 2516 3235; x_wconf 83' lang='lat' dir='ltr'>Pauli</span> <span class='ocrx_word' id='word_1_270' title='bbox 2557 3198 2675 3235; x_wconf 83' lang='lat' dir='ltr'>esse</span> 
     </span>
     <span class='ocr_line' id='line_1_28' title="bbox 165 3270 2671 3337; baseline -0.002 -13"><span class='ocrx_word' id='word_1_271' title='bbox 165 3272 487 3324; x_wconf 79' lang='lat' dir='ltr'>credidere.</span> <span class='ocrx_word' id='word_1_272' title='bbox 502 3270 1095 3336; x_wconf 79' lang='lat' dir='ltr'>—Tergiversabantur</span> <span class='ocrx_word' id='word_1_273' title='bbox 1116 3271 1388 3332; x_wconf 87' lang='lat' dir='ltr'>Erasmus,</span> <span class='ocrx_word' id='word_1_274' title='bbox 1416 3270 1722 3334; x_wconf 86' lang='lat' dir='ltr'>Caietanus,</span> <span class='ocrx_word' id='word_1_275' title='bbox 1750 3277 1802 3321; x_wconf 87' lang='lat' dir='ltr'>et</span> <span class='ocrx_word' id='word_1_276' title='bbox 1825 3273 1888 3321; x_wconf 92' lang='lat' dir='ltr'>L.</span> <span class='ocrx_word' id='word_1_277' title='bbox 1907 3272 2074 3333; x_wconf 82' lang='lat' dir='ltr'>Vivis,</span> <span class='ocrx_word' id='word_1_278' title='bbox 2100 3278 2208 3323; x_wconf 86' lang='lat' dir='ltr'>not.</span> <span class='ocrx_word' id='word_1_279' title='bbox 2231 3272 2298 3322; x_wconf 81' lang='lat' dir='ltr'>ad</span> <span class='ocrx_word' id='word_1_280' title='bbox 2319 3272 2372 3321; x_wconf 88' lang='lat' dir='ltr'>S.</span> <span class='ocrx_word' id='word_1_281' title='bbox 2386 3272 2671 3337; x_wconf 83' lang='lat' dir='ltr'>Augustini</span> 
     </span>
     <span class='ocr_line' id='line_1_29' title="bbox 164 3356 2671 3425; baseline -0.001 -16"><span class='ocrx_word' id='word_1_282' title='bbox 164 3360 235 3410; x_wconf 84' lang='lat' dir='ltr'>de</span> <span class='ocrx_word' id='word_1_283' title='bbox 259 3360 391 3411; x_wconf 65' lang='grc' dir='ltr'><strong>Οἰν.</strong></span> <span class='ocrx_word' id='word_1_284' title='bbox 412 3358 537 3419; x_wconf 86' lang='lat' dir='ltr'>Dei,</span> <span class='ocrx_word' id='word_1_285' title='bbox 562 3360 641 3419; x_wconf 87' lang='grc'>10,</span> <span class='ocrx_word' id='word_1_286' title='bbox 662 3359 711 3407; x_wconf 90' lang='grc'>5.</span> <span class='ocrx_word' id='word_1_287' title='bbox 742 3358 823 3419; x_wconf 87' lang='grc'>16,</span> <span class='ocrx_word' id='word_1_288' title='bbox 843 3359 926 3406; x_wconf 91' lang='grc'>22.</span> <span class='ocrx_word' id='word_1_289' title='bbox 954 3356 1055 3422; x_wconf 94' lang='lat' dir='ltr'>Op.</span> <span class='ocrx_word' id='word_1_290' title='bbox 1076 3358 1158 3407; x_wconf 91' lang='lat' dir='ltr'>ed.</span> <span class='ocrx_word' id='word_1_291' title='bbox 1178 3357 1439 3408; x_wconf 87' lang='lat' dir='ltr'>Basileae.</span> <span class='ocrx_word' id='word_1_292' title='bbox 1464 3360 1615 3408; x_wconf 90' lang='grc'><strong>1522.</strong></span> <span class='ocrx_word' id='word_1_293' title='bbox 1643 3376 1692 3423; x_wconf 88' lang='lat' dir='ltr'>p.</span> <span class='ocrx_word' id='word_1_294' title='bbox 1713 3360 1831 3409; x_wconf 86' lang='grc'><strong>295.</strong></span> <span class='ocrx_word' id='word_1_295' title='bbox 1851 3361 1970 3409; x_wconf 89' lang='grc'><strong>497.</strong></span> <span class='ocrx_word' id='word_1_296' title='bbox 2006 3358 2122 3409; x_wconf 86' lang='lat' dir='ltr'>Hos</span> <span class='ocrx_word' id='word_1_297' title='bbox 2147 3362 2286 3411; x_wconf 87' lang='lat' dir='ltr'>iuste</span> <span class='ocrx_word' id='word_1_298' title='bbox 2309 3360 2671 3425; x_wconf 78' lang='lat' dir='ltr'>perstringunt</span> 
     </span>
     <span class='ocr_line' id='line_1_30' title="bbox 165 3444 2669 3511; baseline -0.001 -14"><span class='ocrx_word' id='word_1_299' title='bbox 165 3448 231 3497; x_wconf 81' lang='lat' dir='ltr'><strong>C.</strong></span> <span class='ocrx_word' id='word_1_300' title='bbox 258 3445 564 3506; x_wconf 77' lang='lat' dir='ltr'>Batonius,</span> <span class='ocrx_word' id='word_1_301' title='bbox 600 3444 793 3494; x_wconf 85' lang='lat' dir='ltr'>Annal.</span> <span class='ocrx_word' id='word_1_302' title='bbox 818 3446 902 3506; x_wconf 76' lang='grc'><strong>80,</strong></span> <span class='ocrx_word' id='word_1_303' title='bbox 928 3447 1011 3493; x_wconf 84' lang='grc'>54.</span> <span class='ocrx_word' id='word_1_304' title='bbox 1048 3462 1101 3509; x_wconf 91' lang='lat' dir='ltr'>p.</span> <span class='ocrx_word' id='word_1_305' title='bbox 1126 3446 1245 3495; x_wconf 92' lang='grc'><strong>581.</strong></span> <span class='ocrx_word' id='word_1_306' title='bbox 1295 3444 1355 3493; x_wconf 83' lang='lat' dir='ltr'><strong>O.</strong></span> <span class='ocrx_word' id='word_1_307' title='bbox 1382 3444 1751 3508; x_wconf 87' lang='lat' dir='ltr'>Bellarminus,</span> <span class='ocrx_word' id='word_1_308' title='bbox 1790 3445 1856 3495; x_wconf 88' lang='lat' dir='ltr'>de</span> <span class='ocrx_word' id='word_1_309' title='bbox 1896 3447 2072 3496; x_wconf 87' lang='lat' dir='ltr'>Verbo</span> <span class='ocrx_word' id='word_1_310' title='bbox 2097 3447 2200 3496; x_wconf 90' lang='lat' dir='ltr'>Dei</span> <span class='ocrx_word' id='word_1_311' title='bbox 2223 3446 2266 3507; x_wconf 89' lang='lat'>1,</span> <span class='ocrx_word' id='word_1_312' title='bbox 2295 3448 2376 3495; x_wconf 89' lang='grc'>17.</span> <span class='ocrx_word' id='word_1_313' title='bbox 2412 3462 2464 3511; x_wconf 92' lang='lat' dir='ltr'>p.</span> <span class='ocrx_word' id='word_1_314' title='bbox 2494 3446 2575 3495; x_wconf 86' lang='grc'>77.</span> <span class='ocrx_word' id='word_1_315' title='bbox 2604 3470 2669 3481; x_wconf 91' lang='grc'>-</span> 
     </span>
     <span class='ocr_line' id='line_1_31' title="bbox 164 3530 2673 3597; baseline -0.002 -11"><span class='ocrx_word' id='word_1_316' title='bbox 164 3534 572 3597; x_wconf 74' lang='lat' dir='ltr'>subscripsere</span> <span class='ocrx_word' id='word_1_317' title='bbox 622 3532 747 3581; x_wconf 86' lang='lat' dir='ltr'>huic</span> <span class='ocrx_word' id='word_1_318' title='bbox 790 3532 1087 3583; x_wconf 82' lang='lat' dir='ltr'>sententiae</span> <span class='ocrx_word' id='word_1_319' title='bbox 1135 3530 1237 3581; x_wconf 81' lang='lat' dir='ltr'>hac</span> <span class='ocrx_word' id='word_1_320' title='bbox 1281 3537 1465 3581; x_wconf 88' lang='lat' dir='ltr'>nostra</span> <span class='ocrx_word' id='word_1_321' title='bbox 1511 3537 1687 3582; x_wconf 83' lang='lat' dir='ltr'>aetate</span> <span class='ocrx_word' id='word_1_322' title='bbox 1735 3533 1836 3581; x_wconf 85' lang='lat' dir='ltr'>viri</span> <span class='ocrx_word' id='word_1_323' title='bbox 1883 3534 2249 3584; x_wconf 84' lang='lat' dir='ltr'>eruditissimi:</span> <span class='ocrx_word' id='word_1_324' title='bbox 2295 3532 2558 3583; x_wconf 86' lang='lat' dir='ltr'>Hofstede</span> <span class='ocrx_word' id='word_1_325' title='bbox 2607 3532 2673 3581; x_wconf 89' lang='lat' dir='ltr'>de</span> 
     </span>
     <span class='ocr_line' id='line_1_32' title="bbox 165 3616 2673 3685; baseline -0.001 -14"><span class='ocrx_word' id='word_1_326' title='bbox 165 3622 373 3681; x_wconf 84' lang='lat' dir='ltr'>Groot‚</span> <span class='ocrx_word' id='word_1_327' title='bbox 415 3618 553 3683; x_wconf 86' lang='lat' dir='ltr'>disp.</span> <span class='ocrx_word' id='word_1_328' title='bbox 580 3634 689 3683; x_wconf 87' lang='lat' dir='ltr'>qua</span> <span class='ocrx_word' id='word_1_329' title='bbox 712 3634 795 3684; x_wconf 89' lang='lat' dir='ltr'>ep.</span> <span class='ocrx_word' id='word_1_330' title='bbox 822 3616 891 3667; x_wconf 85' lang='lat' dir='ltr'>ad</span> <span class='ocrx_word' id='word_1_331' title='bbox 914 3618 1083 3668; x_wconf 87' lang='lat' dir='ltr'>Hebr.</span> <span class='ocrx_word' id='word_1_332' title='bbox 1118 3634 1238 3667; x_wconf 90' lang='lat' dir='ltr'>cum</span> <span class='ocrx_word' id='word_1_333' title='bbox 1273 3618 1480 3667; x_wconf 85' lang='lat' dir='ltr'>Paulin.</span> <span class='ocrx_word' id='word_1_334' title='bbox 1516 3635 1598 3684; x_wconf 89' lang='lat' dir='ltr'>ep.</span> <span class='ocrx_word' id='word_1_335' title='bbox 1635 3634 1868 3685; x_wconf 80' lang='lat' dir='ltr'>compar.</span> <span class='ocrx_word' id='word_1_336' title='bbox 1901 3620 2046 3670; x_wconf 83' lang='lat' dir='ltr'>Trai.</span> <span class='ocrx_word' id='word_1_337' title='bbox 2076 3622 2226 3670; x_wconf 89' lang='grc'><strong>1826.</strong></span> <span class='ocrx_word' id='word_1_338' title='bbox 2273 3620 2335 3668; x_wconf 83' lang='lat' dir='ltr'><strong>F.</strong></span> <span class='ocrx_word' id='word_1_339' title='bbox 2364 3619 2422 3669; x_wconf 88' lang='lat' dir='ltr'><strong>C.</strong></span> <span class='ocrx_word' id='word_1_340' title='bbox 2450 3618 2673 3685; x_wconf 82' lang='lat' dir='ltr'>Gelpke,</span> 
     </span>
     <span class='ocr_line' id='line_1_33' title="bbox 162 3704 2675 3772; baseline -0.001 -15"><span class='ocrx_word' id='word_1_341' title='bbox 162 3708 327 3759; x_wconf 72' lang='lat' dir='ltr'>vind.</span> <span class='ocrx_word' id='word_1_342' title='bbox 358 3708 501 3772; x_wconf 84' lang='lat' dir='ltr'>orig.</span> <span class='ocrx_word' id='word_1_343' title='bbox 524 3705 683 3755; x_wconf 85' lang='lat' dir='ltr'>Pauli</span> <span class='ocrx_word' id='word_1_344' title='bbox 708 3720 790 3770; x_wconf 88' lang='lat' dir='ltr'>ep.</span> <span class='ocrx_word' id='word_1_345' title='bbox 818 3705 885 3755; x_wconf 84' lang='lat' dir='ltr'>ad</span> <span class='ocrx_word' id='word_1_346' title='bbox 911 3704 1075 3754; x_wconf 89' lang='lat' dir='ltr'>Hebr.</span> <span class='ocrx_word' id='word_1_347' title='bbox 1101 3706 1237 3770; x_wconf 78' lang='lat' dir='ltr'>Lug.</span> <span class='ocrx_word' id='word_1_348' title='bbox 1263 3704 1381 3755; x_wconf 88' lang='lat' dir='ltr'>Bat.</span> <span class='ocrx_word' id='word_1_349' title='bbox 1409 3707 1559 3756; x_wconf 86' lang='grc'><strong>1832.</strong></span> <span class='ocrx_word' id='word_1_350' title='bbox 1610 3706 1762 3768; x_wconf 85' lang='lat' dir='ltr'>Klee,</span> <span class='ocrx_word' id='word_1_351' title='bbox 1785 3706 2097 3772; x_wconf 78' lang='lat' dir='ltr'>Auslegung</span> <span class='ocrx_word' id='word_1_352' title='bbox 2131 3706 2180 3756; x_wconf 90' lang='lat' dir='ltr'>d.</span> <span class='ocrx_word' id='word_1_353' title='bbox 2215 3707 2302 3755; x_wconf 89' lang='lat' dir='ltr'>Br.</span> <span class='ocrx_word' id='word_1_354' title='bbox 2339 3720 2410 3755; x_wconf 83' lang='lat' dir='ltr'>an</span> <span class='ocrx_word' id='word_1_355' title='bbox 2434 3705 2484 3755; x_wconf 88' lang='lat' dir='ltr'>d.</span> <span class='ocrx_word' id='word_1_356' title='bbox 2509 3706 2675 3755; x_wconf 86' lang='lat' dir='ltr'>Hebr.</span> 
     </span>
     <span class='ocr_line' id='line_1_34' title="bbox 166 3790 2674 3858; baseline -0.002 -13"><span class='ocrx_word' id='word_1_357' title='bbox 166 3796 389 3846; x_wconf 58' lang='grc' dir='ltr'><strong>Μαίης.</strong></span> <span class='ocrx_word' id='word_1_358' title='bbox 420 3794 573 3843; x_wconf 79' lang='grc'><strong>1836.</strong></span> <span class='ocrx_word' id='word_1_359' title='bbox 598 3808 651 3858; x_wconf 86' lang='lat' dir='ltr'>p.</span> <span class='ocrx_word' id='word_1_360' title='bbox 682 3796 727 3841; x_wconf 89' lang='lat'><strong>1.</strong></span> <span class='ocrx_word' id='word_1_361' title='bbox 753 3808 795 3843; x_wconf 87' lang='lat' dir='ltr'>s.</span> <span class='ocrx_word' id='word_1_362' title='bbox 844 3792 915 3841; x_wconf 80' lang='lat' dir='ltr'><strong>M.</strong></span> <span class='ocrx_word' id='word_1_363' title='bbox 944 3790 1139 3855; x_wconf 79' lang='lat' dir='ltr'>Stuart,</span> <span class='ocrx_word' id='word_1_364' title='bbox 1167 3807 1352 3842; x_wconf 87' lang='lat' dir='ltr'>comm.</span> <span class='ocrx_word' id='word_1_365' title='bbox 1380 3808 1449 3842; x_wconf 89' lang='lat' dir='ltr'>on</span> <span class='ocrx_word' id='word_1_366' title='bbox 1473 3793 1562 3843; x_wconf 89' lang='lat' dir='ltr'>the</span> <span class='ocrx_word' id='word_1_367' title='bbox 1588 3794 1739 3858; x_wconf 86' lang='lat' dir='ltr'>epist.</span> <span class='ocrx_word' id='word_1_368' title='bbox 1767 3798 1820 3843; x_wconf 84' lang='lat' dir='ltr'>to</span> <span class='ocrx_word' id='word_1_369' title='bbox 1854 3793 1944 3843; x_wconf 84' lang='lat' dir='ltr'>the</span> <span class='ocrx_word' id='word_1_370' title='bbox 1978 3793 2256 3843; x_wconf 80' lang='lat' dir='ltr'>Hebrews.</span> <span class='ocrx_word' id='word_1_371' title='bbox 2281 3792 2487 3842; x_wconf 77' lang='lat' dir='ltr'>Andov.</span> <span class='ocrx_word' id='word_1_372' title='bbox 2526 3792 2674 3841; x_wconf 88' lang='grc'><strong>1827.</strong></span> 
     </span>
     <span class='ocr_line' id='line_1_35' title="bbox 164 3878 2675 3946; baseline -0.003 -12"><span class='ocrx_word' id='word_1_373' title='bbox 164 3884 358 3943; x_wconf 85' lang='lat' dir='ltr'>Stein,</span> <span class='ocrx_word' id='word_1_374' title='bbox 391 3879 597 3929; x_wconf 88' lang='lat' dir='ltr'>Comm.</span> <span class='ocrx_word' id='word_1_375' title='bbox 624 3896 669 3927; x_wconf 76' lang='lat' dir='ltr'><strong>z.</strong></span> <span class='ocrx_word' id='word_1_376' title='bbox 706 3878 757 3928; x_wconf 88' lang='lat' dir='ltr'>d.</span> <span class='ocrx_word' id='word_1_377' title='bbox 780 3880 882 3928; x_wconf 81' lang='lat' dir='ltr'><strong>Ev.</strong></span> <span class='ocrx_word' id='word_1_378' title='bbox 910 3878 957 3927; x_wconf 82' lang='lat' dir='ltr'>d.</span> <span class='ocrx_word' id='word_1_379' title='bbox 984 3879 1179 3928; x_wconf 86' lang='lat' dir='ltr'>Lucas.</span> <span class='ocrx_word' id='word_1_380' title='bbox 1210 3878 1333 3928; x_wconf 82' lang='lat' dir='ltr'>Hal.</span> <span class='ocrx_word' id='word_1_381' title='bbox 1364 3880 1512 3929; x_wconf 87' lang='grc'><strong>1830.</strong></span> <span class='ocrx_word' id='word_1_382' title='bbox 1537 3880 1593 3929; x_wconf 88' lang='lat' dir='ltr'>in</span> <span class='ocrx_word' id='word_1_383' title='bbox 1619 3893 1742 3946; x_wconf 83' lang='lat' dir='ltr'>app.</span> <span class='ocrx_word' id='word_1_384' title='bbox 1779 3879 2042 3945; x_wconf 82' lang='lat' dir='ltr'>Labarpe‚</span> <span class='ocrx_word' id='word_1_385' title='bbox 2068 3880 2210 3930; x_wconf 85' lang='lat' dir='ltr'>essai</span> <span class='ocrx_word' id='word_1_386' title='bbox 2235 3895 2306 3929; x_wconf 90' lang='lat' dir='ltr'>cr.</span> <span class='ocrx_word' id='word_1_387' title='bbox 2333 3894 2375 3928; x_wconf 89' lang='lat' dir='ltr'>s.</span> <span class='ocrx_word' id='word_1_388' title='bbox 2400 3878 2675 3929; x_wconf 84' lang='lat' dir='ltr'>l&#39;authent.</span> 
     </span>
     <span class='ocr_line' id='line_1_36' title="bbox 164 3964 2674 4033; baseline -0.002 -14"><span class='ocrx_word' id='word_1_389' title='bbox 164 3970 237 4019; x_wconf 80' lang='lat' dir='ltr'>de</span> <span class='ocrx_word' id='word_1_390' title='bbox 268 3968 409 4033; x_wconf 82' lang='lat' dir='ltr'>l&#39;ep.</span> <span class='ocrx_word' id='word_1_391' title='bbox 438 3981 543 4016; x_wconf 83' lang='lat' dir='ltr'>aux</span> <span class='ocrx_word' id='word_1_392' title='bbox 570 3966 737 4016; x_wconf 88' lang='lat' dir='ltr'>Hebr.</span> <span class='ocrx_word' id='word_1_393' title='bbox 762 3965 989 4016; x_wconf 85' lang='lat' dir='ltr'>Toulon.</span> <span class='ocrx_word' id='word_1_394' title='bbox 1019 3966 1168 4016; x_wconf 83' lang='lat'><strong>1832.</strong></span> <span class='ocrx_word' id='word_1_395' title='bbox 1218 3964 1509 4031; x_wconf 79' lang='lat' dir='ltr'>Stenglein,</span> <span class='ocrx_word' id='word_1_396' title='bbox 1536 3966 1657 4019; x_wconf 83' lang='lat' dir='ltr'>hist.</span> <span class='ocrx_word' id='word_1_397' title='bbox 1691 3968 1890 4032; x_wconf 82' lang='lat' dir='ltr'>Zeugn.</span> <span class='ocrx_word' id='word_1_398' title='bbox 1925 3966 1990 4015; x_wconf 85' lang='lat' dir='ltr'><strong>d..</strong></span> <span class='ocrx_word' id='word_1_399' title='bbox 2011 3972 2133 4016; x_wconf 85' lang='lat' dir='ltr'>erst.</span> <span class='ocrx_word' id='word_1_400' title='bbox 2158 3966 2343 4016; x_wconf 83' lang='lat' dir='ltr'>Jahrh.</span> <span class='ocrx_word' id='word_1_401' title='bbox 2377 3971 2430 4016; x_wconf 79' lang='lat' dir='ltr'><strong>fl.</strong></span> <span class='ocrx_word' id='word_1_402' title='bbox 2456 3966 2505 4015; x_wconf 87' lang='lat' dir='ltr'>d.</span> <span class='ocrx_word' id='word_1_403' title='bbox 2530 3965 2674 4015; x_wconf 78' lang='lat' dir='ltr'>Ver-f.</span> 
     </span>
     <span class='ocr_line' id='line_1_37' title="bbox 160 4052 2672 4117; baseline -0.002 -10"><span class='ocrx_word' id='word_1_404' title='bbox 160 4056 217 4107; x_wconf 90' lang='lat' dir='ltr'>d.</span> <span class='ocrx_word' id='word_1_405' title='bbox 258 4056 364 4106; x_wconf 66' lang='grc' dir='ltr'>ΒΥ.</span> <span class='ocrx_word' id='word_1_406' title='bbox 402 4069 453 4103; x_wconf 83' lang='lat' dir='ltr'>a.</span> <span class='ocrx_word' id='word_1_407' title='bbox 494 4053 545 4103; x_wconf 91' lang='lat' dir='ltr'>d.</span> <span class='ocrx_word' id='word_1_408' title='bbox 584 4053 749 4103; x_wconf 88' lang='lat' dir='ltr'>Hebr.</span> <span class='ocrx_word' id='word_1_409' title='bbox 783 4052 970 4103; x_wconf 84' lang='lat' dir='ltr'>Bamb.</span> <span class='ocrx_word' id='word_1_410' title='bbox 1008 4054 1157 4103; x_wconf 83' lang='lat'><strong>1835.</strong></span> <span class='ocrx_word' id='word_1_411' title='bbox 1207 4054 1394 4115; x_wconf 89' lang='lat' dir='ltr'>Lomb,</span> <span class='ocrx_word' id='word_1_412' title='bbox 1434 4070 1618 4104; x_wconf 87' lang='lat' dir='ltr'>comm.</span> <span class='ocrx_word' id='word_1_413' title='bbox 1657 4055 1712 4103; x_wconf 90' lang='lat' dir='ltr'>in</span> <span class='ocrx_word' id='word_1_414' title='bbox 1748 4054 1798 4102; x_wconf 87' lang='lat' dir='ltr'>d.</span> <span class='ocrx_word' id='word_1_415' title='bbox 1836 4054 1993 4103; x_wconf 82' lang='lat' dir='ltr'>Pauli</span> <span class='ocrx_word' id='word_1_416' title='bbox 2030 4067 2114 4117; x_wconf 88' lang='lat' dir='ltr'>ap.</span> <span class='ocrx_word' id='word_1_417' title='bbox 2154 4070 2237 4116; x_wconf 85' lang='lat' dir='ltr'>ep.</span> <span class='ocrx_word' id='word_1_418' title='bbox 2271 4053 2342 4102; x_wconf 89' lang='lat' dir='ltr'>ad</span> <span class='ocrx_word' id='word_1_419' title='bbox 2377 4054 2672 4103; x_wconf 84' lang='lat' dir='ltr'>Hebraeos.</span> 
     </span>
     <span class='ocr_line' id='line_1_38' title="bbox 158 4139 2674 4206; baseline -0.002 -12"><span class='ocrx_word' id='word_1_420' title='bbox 158 4142 393 4195; x_wconf 74' lang='lat' dir='ltr'>Ratisb.</span> <span class='ocrx_word' id='word_1_421' title='bbox 424 4142 578 4191; x_wconf 83' lang='lat'><strong>1843.</strong></span> <span class='ocrx_word' id='word_1_422' title='bbox 604 4157 656 4206; x_wconf 90' lang='lat' dir='ltr'>p.</span> <span class='ocrx_word' id='word_1_423' title='bbox 681 4143 729 4189; x_wconf 89' lang='lat'><strong>1.</strong></span> <span class='ocrx_word' id='word_1_424' title='bbox 750 4156 791 4191; x_wconf 88' lang='lat' dir='ltr'>s.</span> <span class='ocrx_word' id='word_1_425' title='bbox 836 4139 1131 4206; x_wconf 79' lang='lat' dir='ltr'>Ungarelli‚</span> <span class='ocrx_word' id='word_1_426' title='bbox 1156 4140 1322 4206; x_wconf 88' lang='lat' dir='ltr'>prael.</span> <span class='ocrx_word' id='word_1_427' title='bbox 1350 4142 1401 4190; x_wconf 91' lang='lat' dir='ltr'>d.</span> <span class='ocrx_word' id='word_1_428' title='bbox 1420 4142 1483 4190; x_wconf 82' lang='lat' dir='ltr'><strong>N.</strong></span> <span class='ocrx_word' id='word_1_429' title='bbox 1504 4141 1565 4189; x_wconf 88' lang='lat' dir='ltr'><strong>T.</strong></span> <span class='ocrx_word' id='word_1_430' title='bbox 1591 4158 1644 4206; x_wconf 92' lang='lat' dir='ltr'>p.</span> <span class='ocrx_word' id='word_1_431' title='bbox 1665 4142 1715 4190; x_wconf 85' lang='lat'><strong>5.</strong></span> <span class='ocrx_word' id='word_1_432' title='bbox 1741 4156 1780 4190; x_wconf 89' lang='lat' dir='ltr'>s.</span> <span class='ocrx_word' id='word_1_433' title='bbox 1828 4140 2024 4201; x_wconf 83' lang='lat' dir='ltr'>Glaire,</span> <span class='ocrx_word' id='word_1_434' title='bbox 2051 4140 2163 4191; x_wconf 86' lang='lat' dir='ltr'>abr.</span> <span class='ocrx_word' id='word_1_435' title='bbox 2190 4140 2240 4189; x_wconf 85' lang='lat' dir='ltr'>d.</span> <span class='ocrx_word' id='word_1_436' title='bbox 2259 4139 2459 4190; x_wconf 84' lang='lat' dir='ltr'>Introd.</span> <span class='ocrx_word' id='word_1_437' title='bbox 2483 4157 2536 4206; x_wconf 89' lang='lat' dir='ltr'>p.</span> <span class='ocrx_word' id='word_1_438' title='bbox 2555 4140 2674 4189; x_wconf 86' lang='grc'><strong>424.</strong></span> 
     </span>
     <span class='ocr_line' id='line_1_39' title="bbox 156 4223 2674 4293; baseline -0.003 -11"><span class='ocrx_word' id='word_1_439' title='bbox 156 4232 229 4282; x_wconf 81' lang='lat' dir='ltr'>A.</span> <span class='ocrx_word' id='word_1_440' title='bbox 276 4230 571 4289; x_wconf 74' lang='lat' dir='ltr'>Messmer‚</span> <span class='ocrx_word' id='word_1_441' title='bbox 609 4226 813 4277; x_wconf 84' lang='lat' dir='ltr'>Introd.</span> <span class='ocrx_word' id='word_1_442' title='bbox 850 4228 905 4275; x_wconf 87' lang='lat' dir='ltr'>in</span> <span class='ocrx_word' id='word_1_443' title='bbox 941 4228 1004 4276; x_wconf 93' lang='lat' dir='ltr'><strong>L.</strong></span> <span class='ocrx_word' id='word_1_444' title='bbox 1042 4227 1107 4278; x_wconf 79' lang='lat' dir='ltr'><strong>N.</strong></span> <span class='ocrx_word' id='word_1_445' title='bbox 1142 4228 1206 4277; x_wconf 88' lang='grc' dir='ltr'>Τ.</span> <span class='ocrx_word' id='word_1_446' title='bbox 1244 4227 1435 4293; x_wconf 89' lang='lat' dir='ltr'>Oenip.</span> <span class='ocrx_word' id='word_1_447' title='bbox 1472 4228 1623 4277; x_wconf 84' lang='lat'><strong>1858.</strong></span> <span class='ocrx_word' id='word_1_448' title='bbox 1657 4244 1710 4293; x_wconf 89' lang='lat' dir='ltr'>p.</span> <span class='ocrx_word' id='word_1_449' title='bbox 1748 4229 1862 4277; x_wconf 83' lang='lat'><strong>113.</strong></span> <span class='ocrx_word' id='word_1_450' title='bbox 1911 4223 2121 4289; x_wconf 67' lang='lat' dir='ltr'>Markfi,</span> <span class='ocrx_word' id='word_1_451' title='bbox 2156 4226 2355 4277; x_wconf 78' lang='lat' dir='ltr'>Introd.</span> <span class='ocrx_word' id='word_1_452' title='bbox 2389 4244 2440 4292; x_wconf 92' lang='lat' dir='ltr'>p.</span> <span class='ocrx_word' id='word_1_453' title='bbox 2476 4228 2592 4277; x_wconf 90' lang='grc'><strong>205.</strong></span> <span class='ocrx_word' id='word_1_454' title='bbox 2633 4242 2674 4275; x_wconf 87' lang='lat' dir='ltr'>s.</span> 
     </span>
     <span class='ocr_line' id='line_1_40' title="bbox 158 4312 2672 4380; baseline -0.003 -11"><span class='ocrx_word' id='word_1_455' title='bbox 158 4312 399 4376; x_wconf 60' lang='lat' dir='ltr'>Pollak,</span> <span class='ocrx_word' id='word_1_456' title='bbox 425 4314 569 4364; x_wconf 85' lang='lat' dir='ltr'>Hist.</span> <span class='ocrx_word' id='word_1_457' title='bbox 594 4315 727 4364; x_wconf 81' lang='lat' dir='ltr'>Rev.</span> <span class='ocrx_word' id='word_1_458' title='bbox 752 4314 881 4363; x_wconf 88' lang='lat' dir='ltr'>bibl.</span> <span class='ocrx_word' id='word_1_459' title='bbox 908 4315 964 4364; x_wconf 88' lang='lat' dir='ltr'>in</span> <span class='ocrx_word' id='word_1_460' title='bbox 986 4315 1050 4364; x_wconf 86' lang='lat' dir='ltr'><strong>N.</strong></span> <span class='ocrx_word' id='word_1_461' title='bbox 1077 4314 1139 4363; x_wconf 87' lang='grc' dir='ltr'>Τ.</span> <span class='ocrx_word' id='word_1_462' title='bbox 1166 4315 1367 4364; x_wconf 86' lang='lat' dir='ltr'>Pestini</span> <span class='ocrx_word' id='word_1_463' title='bbox 1396 4315 1545 4365; x_wconf 86' lang='grc'><strong>1859.</strong></span> <span class='ocrx_word' id='word_1_464' title='bbox 1570 4332 1623 4380; x_wconf 89' lang='lat' dir='ltr'>p.</span> <span class='ocrx_word' id='word_1_465' title='bbox 1652 4317 1732 4365; x_wconf 93' lang='grc'>71.</span> <span class='ocrx_word' id='word_1_466' title='bbox 1759 4330 1801 4365; x_wconf 88' lang='lat' dir='ltr'>s.</span> <span class='ocrx_word' id='word_1_467' title='bbox 1851 4314 2108 4375; x_wconf 81' lang='lat' dir='ltr'>Giintner‚</span> <span class='ocrx_word' id='word_1_468' title='bbox 2146 4313 2348 4365; x_wconf 86' lang='lat' dir='ltr'>Introd.</span> <span class='ocrx_word' id='word_1_469' title='bbox 2383 4330 2437 4380; x_wconf 90' lang='lat' dir='ltr'>p.</span> <span class='ocrx_word' id='word_1_470' title='bbox 2476 4316 2593 4363; x_wconf 87' lang='grc'><strong>290.</strong></span> <span class='ocrx_word' id='word_1_471' title='bbox 2629 4330 2672 4363; x_wconf 92' lang='lat' dir='ltr'>s.</span> 
     </span>
     <span class='ocr_line' id='line_1_41' title="bbox 160 4400 2675 4466; baseline -0.002 -11"><span class='ocrx_word' id='word_1_472' title='bbox 160 4404 462 4465; x_wconf 77' lang='lat' dir='ltr'>Hoffman,</span> <span class='ocrx_word' id='word_1_473' title='bbox 507 4400 761 4452; x_wconf 85' lang='lat' dir='ltr'>Schriftb.</span> <span class='ocrx_word' id='word_1_474' title='bbox 797 4401 840 4451; x_wconf 94' lang='grc' dir='ltr'>Ι.</span> <span class='ocrx_word' id='word_1_475' title='bbox 880 4404 997 4452; x_wconf 90' lang='grc'><strong>139.</strong></span> <span class='ocrx_word' id='word_1_476' title='bbox 1033 4402 1104 4451; x_wconf 93' lang='lat'><strong>11.</strong></span> <span class='ocrx_word' id='word_1_477' title='bbox 1142 4404 1187 4463; x_wconf 88' lang='lat'>1,</span> <span class='ocrx_word' id='word_1_478' title='bbox 1225 4404 1341 4452; x_wconf 92' lang='grc'><strong>270.</strong></span> <span class='ocrx_word' id='word_1_479' title='bbox 1378 4418 1420 4452; x_wconf 88' lang='lat' dir='ltr'>s.</span> <span class='ocrx_word' id='word_1_480' title='bbox 1478 4402 1521 4465; x_wconf 81' lang='lat'>³)</span> <span class='ocrx_word' id='word_1_481' title='bbox 1559 4401 1635 4451; x_wconf 88' lang='lat' dir='ltr'>Ut</span> <span class='ocrx_word' id='word_1_482' title='bbox 1677 4400 1814 4451; x_wconf 82' lang='lat' dir='ltr'>adeo</span> <span class='ocrx_word' id='word_1_483' title='bbox 1861 4402 2174 4466; x_wconf 85' lang='lat' dir='ltr'>scriptorem</span> <span class='ocrx_word' id='word_1_484' title='bbox 2230 4403 2424 4466; x_wconf 74' lang='lat' dir='ltr'>arguat</span> <span class='ocrx_word' id='word_1_485' title='bbox 2476 4401 2675 4465; x_wconf 82' lang='lat' dir='ltr'>pagina</span> 
     </span>
     <span class='ocr_line' id='line_1_42' title="bbox 151 4488 2674 4559; baseline -0.003 -16"><span class='ocrx_word' id='word_1_486' title='bbox 151 4504 437 4559; x_wconf 70' lang='lat' dir='ltr'>«quaeque</span> <span class='ocrx_word' id='word_1_487' title='bbox 474 4504 649 4540; x_wconf 85' lang='lat' dir='ltr'>suum.</span> <span class='ocrx_word' id='word_1_488' title='bbox 688 4488 845 4549; x_wconf 81' lang='lat' dir='ltr'>Quod</span> <span class='ocrx_word' id='word_1_489' title='bbox 878 4489 1007 4539; x_wconf 87' lang='lat' dir='ltr'>licet</span> <span class='ocrx_word' id='word_1_490' title='bbox 1039 4488 1251 4539; x_wconf 85' lang='lat' dir='ltr'>iudiciis</span> <span class='ocrx_word' id='word_1_491' title='bbox 1286 4490 1583 4555; x_wconf 85' lang='lat' dir='ltr'>perspicuis</span> <span class='ocrx_word' id='word_1_492' title='bbox 1617 4504 1683 4538; x_wconf 84' lang='lat' dir='ltr'>ex</span> <span class='ocrx_word' id='word_1_493' title='bbox 1707 4492 1860 4553; x_wconf 84' lang='lat' dir='ltr'>parte</span> <span class='ocrx_word' id='word_1_494' title='bbox 1897 4488 2236 4537; x_wconf 85' lang='lat' dir='ltr'>materiarum</span> <span class='ocrx_word' id='word_1_495' title='bbox 2272 4488 2674 4537; x_wconf 83' lang='lat' dir='ltr'>sententiarum-</span> 
     </span>
     <span class='ocr_line' id='line_1_43' title="bbox 156 4573 2674 4648; baseline -0.003 -17"><span class='ocrx_word' id='word_1_496' title='bbox 156 4596 279 4648; x_wconf 82' lang='lat' dir='ltr'>que</span> <span class='ocrx_word' id='word_1_497' title='bbox 336 4577 679 4643; x_wconf 76' lang='lat' dir='ltr'>dignoscere.</span> <span class='ocrx_word' id='word_1_498' title='bbox 726 4578 897 4638; x_wconf 78' lang='lat' dir='ltr'>Quam</span> <span class='ocrx_word' id='word_1_499' title='bbox 946 4581 1201 4627; x_wconf 80' lang='lat' dir='ltr'>accurata</span> <span class='ocrx_word' id='word_1_500' title='bbox 1246 4577 1481 4642; x_wconf 81' lang='lat' dir='ltr'>artisque</span> <span class='ocrx_word' id='word_1_501' title='bbox 1526 4576 1688 4642; x_wconf 84' lang='lat' dir='ltr'>plena</span> <span class='ocrx_word' id='word_1_502' title='bbox 1733 4577 1802 4625; x_wconf 85' lang='lat' dir='ltr'>sit</span> <span class='ocrx_word' id='word_1_503' title='bbox 1849 4574 2126 4641; x_wconf 85' lang='lat' dir='ltr'>dispositio</span> <span class='ocrx_word' id='word_1_504' title='bbox 2171 4574 2426 4625; x_wconf 83' lang='lat' dir='ltr'>materiae</span> <span class='ocrx_word' id='word_1_505' title='bbox 2468 4574 2524 4625; x_wconf 87' lang='lat' dir='ltr'>in</span> <span class='ocrx_word' id='word_1_506' title='bbox 2571 4573 2674 4624; x_wconf 82' lang='lat' dir='ltr'>hae</span> 
     </span>
     <span class='ocr_line' id='line_1_44' title="bbox 156 4660 2398 4735; baseline -0.004 -16"><span class='ocrx_word' id='word_1_507' title='bbox 156 4665 443 4735; x_wconf 72' lang='lat' dir='ltr'>episto1a3</span> <span class='ocrx_word' id='word_1_508' title='bbox 488 4664 741 4730; x_wconf 79' lang='lat' dir='ltr'>expensis</span> <span class='ocrx_word' id='word_1_509' title='bbox 778 4660 1052 4731; x_wconf 74' lang='grc' dir='ltr'><strong>κριτηρίοις,</strong></span> <span class='ocrx_word' id='word_1_510' title='bbox 1088 4664 1179 4715; x_wconf 83' lang='lat' dir='ltr'>vix</span> <span class='ocrx_word' id='word_1_511' title='bbox 1217 4664 1435 4714; x_wconf 87' lang='lat' dir='ltr'>dubium</span> <span class='ocrx_word' id='word_1_512' title='bbox 1470 4663 1689 4729; x_wconf 81' lang='lat' dir='ltr'>aliquod</span> <span class='ocrx_word' id='word_1_513' title='bbox 1735 4661 1993 4727; x_wconf 89' lang='lat' dir='ltr'>reliquum</span> <span class='ocrx_word' id='word_1_514' title='bbox 2031 4676 2149 4713; x_wconf 88' lang='lat' dir='ltr'>esse</span> <span class='ocrx_word' id='word_1_515' title='bbox 2187 4661 2398 4727; x_wconf 85' lang='lat' dir='ltr'>poterit.</span> 
     </span>
    </p>

    <p class='ocr_par' dir='ltr' id='par_1_6' title="bbox 280 4750 2366 4807">
     <span class='ocr_line' id='line_1_45' title="bbox 280 4750 2366 4807; baseline -0.001 -6"><span class='ocrx_word' id='word_1_516' title='bbox 280 4758 502 4807; x_wconf 69' lang='lat' dir='ltr'>Dasko,</span> <span class='ocrx_word' id='word_1_517' title='bbox 535 4757 657 4799; x_wconf 79' lang='lat' dir='ltr'>Hist.</span> <span class='ocrx_word' id='word_1_518' title='bbox 688 4756 985 4799; x_wconf 79' lang='lat' dir='ltr'>Revelationis</span> <span class='ocrx_word' id='word_1_519' title='bbox 1012 4750 1197 4799; x_wconf 80' lang='lat' dir='ltr'>divinae.</span> <span class='ocrx_word' id='word_1_520' title='bbox 1227 4756 1282 4797; x_wconf 91' lang='lat'><strong>11.</strong></span> <span class='ocrx_word' id='word_1_521' title='bbox 2299 4751 2366 4799; x_wconf 84' lang='lat'>30</span> 
     </span>
    </p>
   </div>
  </div>
 </body>
</html>
