3267 5259
600 618 653 668 p.
692 606 737 654 1.
772 618 813 653 s.
860 600 1020 667 Sepp,
1058 602 1249 655 Gesch.
1284 602 1334 653 d.
1370 602 1469 669 Ap.
1506 620 1558 668 p.
1596 605 1716 653 217.
1741 618 1783 653 s.
1835 602 2160 667 Reithmayr‚
2201 602 2262 652 C.
2288 618 2333 651 z.
2357 601 2448 651 Br.
2482 616 2532 651 a.
2569 601 2620 651 d.
2655 600 2772 651 Gal.
2807 618 2856 666 p.
2891 602 2992 651 149.
3021 618 3054 649 s.

604 688 656 738 S.
682 689 969 753 Augustini
1007 690 1275 739 sententia
1310 694 1393 739 est
1430 691 1720 755 receptior,
1767 704 1882 739 eam
1923 688 2164 739 defendit
2199 689 2432 755 Angelus
2467 687 2712 750 scholae,
2751 686 2935 737 Summ.
2957 687 2997 749 Ι,
3016 690 3054 736 2.
3187 678 3189 689 ³

603 795 651 842 q.
682 778 797 826 103.
826 782 923 827 art.
948 777 1040 825 Iv.
1068 776 1136 826 ad
1162 791 1267 826 sec.
1294 777 1385 840 VI,
1412 778 1529 827 316.
1580 777 1812 837 „Verum
1839 782 1936 839 est,
1971 776 2116 841 quod
2141 777 2331 827 Petrus
2355 776 2616 841 peccavit,
2653 780 2708 825 et
2731 775 2922 825 Paulus
2953 790 3055 823 vere

603 878 723 913 eum
750 862 1104 928 reprehendit.
1144 864 1263 914 Nou
1288 870 1465 913 autem
1486 864 1736 928 peccavit
1758 863 1949 913 Petrus
1975 863 2032 913 iu
2055 862 2174 924 hoc,
2198 862 2340 928 quod
2367 862 2434 911 ad
2459 868 2669 928 tempus
2693 861 2884 927 legalia
2906 861 3056 911 obser-

600 951 781 1011 vabat,
822 952 947 1015 quia
991 950 1093 999 hoc
1129 951 1231 1000 sibi
1268 950 1471 1000 licebat
1505 956 1762 1015 tanquam
1788 966 1851 999 ex
1877 950 2102 999 ,Iudaeis
2139 966 2426 999 converso:
2462 949 2558 999 sed
2594 948 2856 1015 peccabat
2886 950 2938 996 in
2959 948 3056 1008 hoc,
3189 905 3191 1015 l

602 1038 745 1103 quod
777 1038 921 1087 circa
950 1036 1202 1103 legalium
1228 1038 1623 1087 observantiam
1649 1038 1862 1086 nimiam
1895 1036 2224 1101 diligentiam
2263 1035 2568 1098 adhibebat,
2607 1052 2674 1085 ne
2705 1034 3060 1084 scandalizaret

600 1125 861 1187 Judaeos,
899 1124 975 1173 ita
1013 1122 1154 1189 quod
1181 1140 1243 1172 ex
1270 1123 1372 1173 hoc
1408 1129 1722 1189 sequeretur
1758 1123 2034 1187 gentilium
2071 1122 2430 1173 scandalum.“
2477 1122 2602 1187 Ipse
2637 1137 2847 1188 quoqne
2877 1137 2915 1169 s.
2941 1120 3058 1169 Hie-

602 1228 829 1277 ronym
846 1226 943 1273 us,
981 1210 1105 1261 dial.
1134 1216 1321 1261 contra
1348 1210 1672 1275 Pelagianos
1706 1209 1748 1272 Ι,
1777 1213 1859 1259 22.
1897 1226 1948 1275 p.
1977 1210 2092 1259 718.
2131 1216 2316 1259 sente
2331 1212 2530 1259 utiam
2567 1223 2754 1259 suam
2789 1208 3058 1265 mutavit,

604 1304 658 1349 et
703 1299 977 1349 doctrinae
1016 1297 1294 1359 Paulinae,
1336 1301 1391 1345 et
1428 1297 1648 1347 candori
1687 1312 1783 1345 suo
1823 1298 2217 1347 convenienter.
2273 1296 2326 1347 J.
2357 1296 2696 1359 Harduinus,
2735 1296 2858 1345 diss.
2891 1296 2942 1343 in
2973 1308 3060 1359 qus

604 1384 840 1451 Cepham
878 1400 911 1435 a
946 1384 1119 1435 Paulo
1157 1382 1537 1449 reprehensum
1564 1385 1778 1433 Petrum
1813 1400 1918 1433 non
1945 1398 2064 1434 esse
2089 1384 2398 1445 ostenditur,
2435 1400 2522 1449 op.
2548 1383 2644 1433 sel.
2673 1398 2724 1447 p.
2751 1384 2866 1431 922.
2890 1398 2928 1431 s.
2951 1382 3059 1430 etin

604 1473 803 1522 Comm.
831 1473 899 1521 ad
924 1472 975 1521 h.
1000 1470 1035 1521 l.
1063 1488 1111 1533 p.
1142 1472 1261 1521 556.
1299 1471 1437 1520 inter
1464 1471 1678 1520 Petrum
1711 1472 2004 1536 principem
2035 1471 2410 1537 Apostolorum
2435 1476 2490 1519 et
2515 1470 2756 1535 Cepham
2780 1496 2846 1505 —-
2867 1471 2936 1517 ita
2955 1468 3062 1532 leg-it

600 1559 835 1625 Vulgata
870 1564 925 1609 et
948 1558 1149 1623 Coptus
1187 1574 1283 1623 pro
1320 1554 1502 1625 Πέτρος
1540 1562 1577 1608 t.
1602 1574 1679 1619 o.;
1707 1564 1869 1623 atque
1899 1559 1976 1607 sic
2013 1559 2288 1623 scripsisse
2312 1557 2626 1623 Apostolum
2659 1563 2896 1607 sumunt:
2929 1554 3060 1604 Cote-

600 1646 781 1709 letius,
820 1651 929 1696 not.
968 1648 1017 1695 8.
1054 1644 1125 1695 ad
1160 1662 1201 1695 s.
1254 1644 1541 1695 Clementis
1580 1644 1650 1693 ad
1677 1644 1796 1695 Cor.
1823 1660 1904 1709 ep.
1931 1644 1976 1707 1,
2001 1646 2086 1695 47.
2124 1662 2175 1711 p.
2211 1647 2325 1695 175.
2353 1650 2408 1694 et
2429 1645 2481 1696 J.
2507 1644 2766 1707 Pearson,
2801 1660 2882 1709 op.
2915 1640 3061 1708 pesth

600 416 729 479 356
1336 428 1460 469 mut.
1490 428 1597 469 nov.
1626 427 1716 469 cuv.
1747 426 1914 469 reios.
1947 428 2000 469 11.
2021 439 2114 479 ap.
2143 428 2352 469 aiterum.

603 1734 729 1783 diss.
758 1733 822 1783 de
850 1750 994 1783 succ.
1020 1734 1171 1798 prim.
1208 1732 1357 1782 Rom.
1382 1748 1463 1797 ep.
1492 1732 1532 1793 1,
1562 1734 1609 1781 7.
1636 1748 1688 1797 p.
1711 1734 1793 1782 37.
1822 1733 1912 1798 qui
1935 1737 2165 1783 testatur
2190 1733 2245 1781 in
2271 1731 2454 1781 codice
2478 1730 2844 1793 alexandrino,
2869 1730 3064 1794 aliisque

600 1820 753 1871 MSS.
794 1836 911 1870 cum
950 1822 998 1878 2,
1040 1822 1122 1869 11.
1158 1826 1267 1869 tum
1306 1822 1354 1881 2,
1394 1821 1473 1869 14.
1512 1815 1678 1885 Κηφᾶς
1715 1819 1900 1869 haberi
1946 1846 2013 1855 -—
2051 1818 2424 1885 reprehensum
2471 1833 2508 1867 a
2550 1818 2724 1867 Paulo
2769 1817 3064 1882 distinguere

604 1906 744 1969 vult,
804 1922 1029 1973 eumque
1079 1908 1216 1956 inter
1267 1906 1415 1955 Lxx
1466 1905 1846 1972 discipulorum
1899 1906 2086 1956 seriem
2135 1906 2337 1969 retulit3
2383 1920 2572 1971 parum
2617 1904 2847 1955 feliciter
2889 1906 2940 1953 iu
2979 1903 3062 1951 boc

604 2000 917 2058 argumento
944 1998 1204 2044 versatus.
1232 1992 1551 2058 Opinionem
1578 1992 1859 2054 Harduini,
1888 2008 2024 2058 quae
2051 2008 2224 2058 nuper
2245 1992 2452 2058 placuit
2469 1992 2531 2043 G.
2547 1992 2755 2054 Secchi,
2779 1991 2836 2041 la
2852 1990 3064 2040 cattedra

604 2082 993 2131 Alessandrina
1012 2081 1065 2129 di
1086 2079 1138 2129 S.
1158 2080 1342 2129 Marco
1368 2080 1468 2129 Ev.
1490 2080 1623 2129 Ven.
1647 2082 1798 2129 1853.
1821 2097 1869 2145 p.
1891 2080 2010 2129 328.
2031 2094 2090 2142 s.,
2118 2080 2445 2130 confutatam
2472 2080 2762 2130 dederunt:
2787 2079 2848 2129 A.
2867 2078 3062 2132 Calmet,

603 2168 727 2217 diss.
754 2170 810 2217 in
846 2184 928 2234 ep.
965 2166 1032 2217 ad
1062 2166 1179 2216 Gal.
1217 2184 1267 2229 p.
1304 2168 1423 2216 397.
1456 2166 1527 2214 M.
1568 2166 1835 2229 Wouters,
1873 2165 2089 2217 dilucid.
2125 2168 2180 2216 in
2217 2166 2268 2215 d.
2293 2167 2450 2216 Pauli
2485 2182 2569 2233 ep.
2609 2184 2660 2232 p.
2697 2168 2816 2216 225.
2849 2164 3063 2223 Boileau‚

603 2254 735 2319 disq.
772 2254 931 2303 theol.
968 2254 1023 2303 in
1052 2252 1171 2303 Gal.
1196 2253 1264 2302 II.
1291 2254 1412 2301 Par.
1443 2254 1591 2302 1713.
1619 2252 1860 2303 Didacus
1887 2266 1922 2302 a
1950 2268 1992 2302 s.
2019 2254 2266 2313 Antonio,
2291 2254 2480 2303 Exam.
2508 2254 2756 2319 scriptur.
2783 2252 2878 2315 m,
2903 2254 3008 2301 509.
3029 2268 3063 2299 s.

600 2340 693 2401 IV,
718 2343 832 2390 123.
860 2345 913 2389 et
937 2338 1043 2389 alii.
1094 2340 1356 2389 Memor-es
1382 2338 1664 2388 verborum
1693 2339 1888 2389 Christi
1912 2340 2109 2389 Joaun.
2139 2345 2185 2400 1,
2212 2342 2296 2389 42.
2338 2340 2450 2401 „Tu
2477 2356 2535 2391 es
2561 2339 2744 2390 Simon
2769 2338 2906 2389 filius
2925 2339 3062 2395 Jona⁹

600 2434 659 2477 tu
684 2428 963 2477 vocaberis
990 2426 1217 2491 Cephas,
1246 2426 1388 2491 quod
1413 2427 1792 2491 interpretatur
1815 2428 2057 2488 Petrus“‚
2085 2427 2309 2477 dicimus
2343 2426 2606 2492 Cephas
2635 2444 2762 2477 non
2794 2432 2888 2477 est
2917 2426 3066 2475 alius

603 2514 975 2565 distinctus
1014 2528 1047 2561 a
1082 2512 1354 2562 Vicario
1394 2512 1654 2562 Christi
1693 2519 1757 2562 et
1798 2513 2154 2563 Ecclesiae
2191 2515 2438 2578 capite.
2485 2514 2644 2574 Quod
2682 2514 2932 2579 probatur
2965 2511 3062 2561 Gal.

602 2602 651 2663 2,
680 2602 726 2650 9.
766 2601 859 2649 ubi
889 2600 939 2649 d.
965 2600 1181 2649 Petrum
1220 2598 1457 2665 Cepham
1494 2601 1710 2649 vocavit
1745 2614 1786 2648 s.
1812 2600 2030 2649 Paulus.
2079 2602 2270 2650 Petrus
2307 2601 2478 2649 tribus
2515 2601 2818 2651 nominibus
2852 2602 2904 2649 in
2939 2598 2984 2648 S.
3018 2596 3062 2646 S.

603 2688 921 2753 adpellatur,
968 2684 1093 2751 quid
1132 2701 1257 2750 ergo
1294 2686 1349 2735 in
1388 2702 1452 2736 eo
1490 2686 1760 2751 singulare
1797 2688 1842 2735 si
1878 2686 1933 2735 in
1972 2686 2158 2737 eodem
2195 2694 2448 2737 contextu
2485 2704 2626 2737 nuuc
2663 2703 2771 2737 uno
2809 2703 2942 2737 nnnc
2973 2686 3062 2735 alio

602 2776 814 2823 nomine
852 2772 1183 2839 adpelletur?
1220 2772 1466 2823 Absurda
1502 2788 1642 2838 quae
1679 2774 1976 2823 sententiae
2003 2774 2214 2823 Petrum
2247 2788 2282 2823 a
2305 2774 2474 2823 Paulo
2507 2774 2884 2839 reprehensum
2907 2774 3062 2822 defen·

605 2860 751 2909 denti
778 2861 1037 2910 obiiciunt
1062 2857 1388 2921 Harduinus,
1414 2859 1449 2908 l.
1472 2875 1516 2909 c.
1539 2862 1587 2922 §-
1614 2864 1700 2909 20.
1727 2876 1776 2925 p.
1798 2862 1915 2909 933.
1937 2866 1992 2909 et
2013 2861 2188 2927 ipsum
2213 2866 2428 2911 secutus
2451 2860 2503 2910 J.
2533 2860 2596 2910 G.
2623 2861 2996 2919 Kerkherdere,
3019 2860 3062 2906 in

604 2946 842 3012 dupplici
876 2962 973 2996 suo
1010 2946 1147 2996 libro
1188 2946 1303 3007 „De
1335 2945 1521 3011 Cepha
1555 2946 1934 3012 reprehenso“,
1973 2946 2126 2996 nihili
2162 2948 2402 3012 profecto
2439 2948 2706 2997 facienda.
2743 2948 2874 2999 Esto
2899 2948 3062 2996 Petrus

602 3038 733 3083 tunc
787 3032 1094 3097 deliquerit,
1158 3047 1227 3083 an
1282 3038 1569 3098 propterea
1605 3034 1798 3083 erroris
1835 3033 1957 3083 labe
1993 3032 2248 3083 infectum
2285 3034 2560 3083 dicemus?
2619 3035 2706 3084 De
2739 3034 2822 3084 his
2857 3048 2983 3099 quae
3015 3034 3060 3079 iu

606 3120 845 3170 Concilio
884 3135 1005 3169 cum
1042 3121 1233 3169 ceteris
1270 3118 1541 3184 Apostolis
1594 3119 1855 3181 decrevit,
1906 3121 2103 3185 optime
2153 3136 2362 3186 semper
2414 3121 2626 3171 locutus
2682 3126 2792 3185 est3
2851 3120 3061 3185 nihilque

608 3222 845 3273 unquam
884 3206 1079 3267 docuit,
1139 3204 1281 3270 quod
1318 3205 1489 3255 eidem
1526 3204 1916 3255 adversaretur.
1955 3206 2062 3256 Ubi
2089 3222 2214 3273 ergo
2253 3207 2404 3257 labes
2441 3208 2668 3258 erroris?
2701 3208 2926 3259 Paulum
2955 3220 3061 3254 vero

604 3294 765 3343 Petro
804 3294 1063 3343 restitisse
1100 3305 1437 3357 nequaquam
1474 3292 1818 3341 tribuendum
1854 3298 1936 3343 est
1971 3295 2310 3358 procacitati,
2373 3294 2516 3359 quod
2570 3297 2794 3360 primam
2829 3293 3099 3357 Principis·

602 3380 979 3446 Apostolorum
1017 3379 1352 3443 dig-nitatem,
1410 3394 1443 3428 a
1496 3380 1706 3429 nemine
1761 3381 1816 3429 in
1863 3378 2080 3429 dubium
2131 3386 2400 3443 vocatam,
2455 3382 2656 3431 minimi
2691 3381 2932 3445 haberet3
2985 3377 3062 3427 sed

604 3467 781 3532 potius
816 3468 1003 3528 metui,
1055 3467 1169 3515 iure
1206 3466 1548 3531 gravissime,
1587 3482 1656 3515 ue
1695 3466 1836 3516 Petri
1877 3466 2118 3533 exemplo
2157 3466 2505 3517 Judaizantes
2543 3468 2825 3534 Legalium
2860 3466 3060 3517 necessi-

600 3558 765 3603 tatem
802 3552 1153 3603 adstruerent.
1194 3552 1274 3603 Cf.
1302 3568 1347 3602 e.
1371 3553 1424 3603 J.
1452 3552 1526 3602 St.
1552 3553 1839 3616 Meuochii,
1871 3556 2252 3604 trattenimenti
2279 3554 2488 3604 eruditi.
2512 3555 2556 3615 I,
2586 3557 2682 3605 101
2711 3570 2754 3604 s.
2791 3552 3060 3604 XVindisch-

602 3655 780 3703 mann,
819 3640 969 3690 Erkl.
1006 3640 1054 3689 d.
1090 3640 1151 3689 B.
1178 3655 1227 3689 a.
1254 3640 1303 3689 d.
1332 3640 1451 3690 Gal.
1492 3658 1543 3705 p.
1570 3642 1654 3690 51.
1715 3641 2092 3703 Quamobrem,
2129 3646 2190 3691 ut
2223 3655 2440 3707 gravem
2478 3642 2654 3691 locum
2692 3641 3060 3691 concludamus.

602 3726 777 3777 media
814 3728 1077 3792 quaedam
1103 3728 1205 3797 ‘via
1240 3730 1293 3777 in
1332 3744 1394 3778 eo
1434 3726 1752 3792 explicando
1799 3728 1955 3779 nobis
2005 3744 2124 3777 cum
2174 3727 2460 3779 Cardinale
2509 3726 2854 3794 Scripandio,
2903 3741 3059 3777 comm.

601 3816 659 3864 in
685 3830 767 3879 ep.
794 3813 863 3864 ad
902 3812 1019 3863 Gal.
1044 3815 1200 3864 Antv.
1230 3816 1381 3864 1667.
1422 3832 1473 3879 p.
1510 3816 1627 3865 216.
1655 3830 1698 3865 s.
1733 3814 1981 3880 eligenda
2005 3814 2230 3865 videtur.
2285 3830 2335 3865 a.
2373 3816 2520 3865 Nulli
2555 3816 2778 3865 dubium
2817 3822 2908 3877 est,
2943 3810 3058 3879 quod

604 3916 645 3951 s.
671 3900 862 3951 Petrus
900 3902 1197 3951 sententiae
1234 3901 1419 3961 huius,
1477 3902 1629 3951 cuius
1667 3916 1810 3950 nunc
1863 3902 2264 3966 praevaricator
2319 3904 2589 3967 arguitur,
2651 3904 2853 3968 primus
2903 3904 3060 3951 auctor

603 3990 889 4051 exstiterit3
950 3988 1001 4037 b.
1044 3989 1219 4053 ipsum
1274 4003 1487 4053 quoque
1534 4002 1575 4037 s.
1606 3987 1834 4037 Paulum
1873 3988 2060 4037 eadem
2114 3988 2180 4037 de
2235 3989 2430 4054 quibus
2483 3990 2702 4039 Petrum
2757 3986 3059 4055 reprehendit

602 4074 811 4125 fecisse.
850 4074 1049 4124 Paulus
1086 4075 1247 4139 igitur
1282 4088 1505 4123 cernens
1544 4076 1908 4124 oeconomiam
1945 4075 2107 4135 Petri,
2144 4076 2452 4125 rationabili
2478 4075 2545 4125 de
2571 4090 2740 4127 causa
2763 4082 3056 4141 usurpatam,

603 4163 657 4212 in
692 4162 1076 4228 praeiudicium
1114 4160 1792 4212 Ethnico-Christianorum
1848 4164 2114 4225 converti3
2177 4176 2294 4212 eam
2338 4178 2449 4212 non
2485 4164 2715 4229 amplius
2753 4160 3056 4213 dissimulan-

605 4248 725 4299 dam
760 4248 855 4299 sed
894 4248 1245 4313 detegendam
1282 4262 1401 4297 esse
1440 4247 1736 4298 consultius
1784 4252 1958 4312 ratus,
2015 4250 2146 4315 egit:
2201 4249 2276 4299 Ut
2321 4250 2546 4315 gentiles
2595 4250 2664 4299 ad
2711 4246 3057 4299 iudaizandum

606 4334 846 4401 exemplo
886 4336 1031 4386 Petri
1070 4334 1365 4385 dilabentes
1402 4336 1457 4384 in
1496 4334 1671 4385 officio
1710 4337 1985 4398 retineret,
2043 4340 2096 4386 et
2139 4336 2380 4388 Judaeos
2429 4336 2558 4403 quid
2594 4338 2772 4387 facere
2807 4336 2872 4386 de
2905 4340 3060 4384 cetero

606 4420 876 4485 deberent,
916 4428 1298 4485 commoneret3
1338 4428 1499 4487 atque
1534 4424 1613 4471 sic
1653 4438 1756 4473 uno
1795 4424 2028 4473 remedio
2065 4424 2344 4489 utriusque
2380 4424 2566 4489 populi
2604 4424 2764 4473 saluti
2791 4427 3059 4489 opportune

606 4509 923 4557 consuleret.
962 4508 1069 4559 Sed
1104 4508 1171 4559 de
1207 4509 1309 4559 hac
1341 4510 1705 4559 controversia
1735 4510 1840 4559 iam
1873 4511 2019 4561 satis.
2069 4510 2130 4559 L.
2157 4512 2190 4559 i.
2217 4510 2515 4576 Passaglia,
2555 4510 2621 4561 de
2659 4526 2894 4576 praerog.
2927 4507 2983 4555 B.
3007 4505 3058 4553 P.

606 4608 657 4659 p.
695 4596 812 4644 217.
852 4610 893 4643 s.
