3267 5259
608 416 730 481 178
1270 430 1387 471 mat.
1416 430 1521 471 nav.
1551 430 1640 470 aiv.
1669 428 1722 470 n.
1751 429 1802 471 r.
1831 428 2000 471 renos.
2029 430 2064 470 1.
2086 440 2181 480 οι».
2211 430 2413 472 niumm.

602 624 734 667 non
778 602 1230 688 triumphantis
1278 602 1474 667 modo
1524 608 1635 666 sed
1683 602 2020 687 regnantis
2069 604 2260 666 etiam
2293 602 2537 687 speeie,
2583 601 2771 666 sedet
2800 604 2965 665 enim
2995 602 3066 665 ad

604 714 945 779 dexteram
989 714 1201 779 Patris
1248 717 1379 779 sui:
1450 723 1523 778 ut
1580 716 1710 779 iam
1757 716 2078 801 superatis
2127 713 2426 779 omnibus
2471 716 2774 797 inimicis,
2839 738 3065 780 summo

602 851 799 915 super
875 840 1111 893 cuneta
1186 830 1382 892 etiam
1452 828 1764 893 eoelestia
1840 828 2198 894 collocatus
2270 827 2549 911 honore,
2625 838 2946 914 potestate
3015 838 3068 891 et

601 941 811 1026 gloria
856 952 1147 1007 nostram
1194 964 1459 1005 eausam
1508 942 1694 1027 agat!

810 1110 1061 1179 Dt'yressio
1097 1110 1155 1161 de
1198 1110 1382 1161 Christi
1416 1110 1485 1161 ad
1518 1111 1617 1162 Dei
1651 1111 1902 1162 dez-teram
1936 1112 2150 1163 sessione.
2208 1108 2449 1159 Christus
2487 1110 2578 1174 qui
2604 1123 2639 1158 a
2661 1108 2874 1159 Davide
2911 1107 3068 1156 oriun-

600 1196 715 1258 dus,
753 1197 808 1245 in
844 1196 1033 1245 throno
1074 1196 1321 1247 davidico
1358 1197 1571 1245 minime
1608 1195 1764 1257 sedit,
1802 1197 1910 1246 imo
1947 1212 1976 1247 e
2015 1197 2282 1247 contrario
2319 1197 2496 1261 regios
2527 1195 2758 1245 honores
2783 1199 3070 1245 constanter

600 1284 799 1345 reiecit,
838 1299 939 1333 nec
974 1283 1114 1334 ultro
1154 1283 1359 1334 delatos
1396 1298 1631 1349 unquam
1669 1283 1906 1347 admisit3
1954 1299 2002 1333 v,
2029 1300 2081 1348 p.
2109 1284 2192 1333 67.
2231 1288 2494 1333 assumtus
2531 1284 2587 1331 in
2625 1282 2834 1331 coelum
2871 1281 3014 1331 sedet
3043 1295 3068 1328 a

600 1371 799 1420 dextris
836 1370 957 1419 Dei.
1005 1372 1172 1419 Marc.
1201 1372 1282 1431 16,
1312 1373 1392 1419 19.
1440 1370 1522 1419 Ad
1559 1370 1874 1435 penitiorem
1916 1369 2113 1420 Christi
2139 1369 2209 1418 ad
2233 1370 2335 1419 Dei
2361 1369 2632 1419 dexteram
2659 1369 2912 1419 sessionis
2937 1367 3068 1416 intel-

596 1458 873 1521 ligentiam
912 1460 1144 1522 pertinet
1177 1458 1491 1506 vaticinium
1528 1458 1615 1506 Ps.
1646 1459 1761 1518 109,
1793 1460 1837 1506 1.
1891 1456 2070 1517 „Dixit
2116 1458 2376 1507 Dominus
2424 1457 2656 1506 Domino
2703 1470 2849 1515 meo,
2895 1454 3012 1503 sede
3043 1468 3071 1501 a

600 1544 795 1593 dextris
832 1545 987 1606 meis;
1024 1544 1195 1593 donec
1219 1559 1415 1609 ponam
1450 1544 1692 1593 inimicos
1717 1549 1838 1593 tuos
1874 1543 2166 1595 scabellum
2201 1544 2395 1609 pedum
2420 1547 2679 1593 tuorum.“
2737 1542 2907 1591 Nemo
2944 1541 3067 1590 alius

598 1629 737 1680 hanc
774 1630 1107 1696 prophetiam
1142 1630 1297 1681 nobis
1336 1635 1591 1695 exponat,
1648 1645 1808 1696 quam
1855 1630 1906 1680 b.
1944 1631 2136 1680 Petrus
2171 1630 2289 1680 Act.
2326 1633 2375 1693 2,
2412 1632 2496 1679 32.
2535 1632 2618 1680 33.
2663 1630 2756 1679 nbi
2796 1629 2863 1678 de
2897 1629 3072 1677 Resur-

601 1718 837 1768 rectione
874 1723 927 1766 et
962 1717 1290 1767 Ascensione
1327 1717 1393 1767 D.
1420 1718 1485 1767 N.
1511 1717 1562 1766 J.
1592 1716 1652 1767 C.
1689 1717 1856 1767 verba
1891 1717 2093 1767 faciens
2131 1718 2232 1766 ait:
2291 1716 2559 1779 „Dextera
2601 1717 2760 1781 igitur
2797 1717 2902 1765 Dei
2947 1714 3072 1764 exal-

502 1873 509 1881 ,
596 1809 741 1853 tatus
779 1808 831 1853 et
866 1805 1215 1868 promissione
1256 1804 1482 1869 Spiritus
1530 1805 1704 1854 sancti
1749 1810 1976 1869 accepta
2020 1818 2054 1853 a
2097 1804 2284 1865 Patre,
2341 1802 2526 1853 effudit
2571 1803 2732 1863 hunc,
2787 1819 2944 1868 quem
2989 1818 3073 1849 vos

603 1890 797 1939 videtis
835 1896 888 1939 et
924 1890 1135 1940 auditis.
1186 1891 1305 1941 Non
1344 1892 1484 1940 enim
1521 1890 1702 1940 David
1736 1890 1980 1941 ascendit
2012 1892 2068 1939 in
2107 1889 2342 1953 coelum3
2380 1890 2516 1940 dixit
2552 1895 2730 1939 autem
2756 1890 2902 1955 ipse:
2939 1889 3072 1938 Dixit

603 1978 863 2026 Dominus
901 1977 1130 2027 Domino
1166 1993 1285 2027 meo
1323 1978 1451 2027 sede
1489 1992 1522 2027 a
1559 1978 1758 2027 dextris
1794 1978 1975 2028 meis.“
2033 1976 2190 2027 Unde
2239 1977 2360 2027 coll.
2397 1977 2528 2027 Luc.
2567 1980 2659 2039 20,
2697 1979 2890 2025 4—44.
2925 1994 2976 2041 p.
3001 1978 3075 2025 89.

598 2064 914 2129 intelligitur
949 2080 1055 2113 non
1094 2064 1324 2129 aliquem
1362 2064 1427 2113 de
1463 2064 1698 2127 Davide3
1749 2063 1844 2113 sed
1889 2064 2064 2129 ipsum
2099 2064 2278 2113 David
2325 2063 2458 2113 haec
2505 2062 2570 2112 de
2617 2064 2850 2113 Domino
2887 2077 2981 2112 suo
3017 2088 3074 2096 -

598 2150 701 2201 κατ’
741 2146 984 2199 οἰκείωσιν
1022 2181 1081 2187 —
1126 2152 1399 2201 cecinisse.
1456 2152 1519 2199 V.
1544 2150 1607 2200 A.
1633 2150 1843 2215 Agellii,
1885 2150 2084 2200 Comm.
2121 2152 2179 2199 in
2213 2150 2302 2200 Ps.
2337 2167 2388 2215 p.
2417 2152 2535 2199 503.
2562 2166 2604 2199 s.
2657 2150 2726 2199 H.
2750 2152 2816 2199 R.
2843 2150 2910 2199 D.
2936 2150 2996 2197 V.
3019 2150 3074 2197 T.

598 2256 649 2305 p.
677 2239 795 2287 283.
822 2252 863 2285 s.
902 2238 1023 2286 Hoc
1061 2253 1125 2287 eo
1162 2243 1399 2302 tempore
1436 2238 1635 2287 factum
1675 2242 1770 2297 est,
1811 2253 1930 2286 cum
1969 2236 2210 2287 Christus
2249 2252 2282 2285 a
2316 2238 2536 2286 mortuis
2573 2252 2876 2301 resurgens,
2904 2252 3074 2286 ascen·

596 2322 674 2371 dit
724 2323 794 2372 ad
840 2323 1035 2385 coelos,
1092 2328 1146 2373 et
1190 2323 1260 2372 ad
1304 2323 1561 2373 Dextram
1606 2324 1782 2373 Patris
1829 2322 2085 2373 consedit.
2156 2322 2400 2372 Ceterum
2449 2322 2586 2371 idem
2636 2322 2688 2371 d.
2737 2322 3076 2387 Evangelista

598 2410 812 2459 Marcus
852 2411 932 2471 14,
960 2412 1043 2459 62.
1090 2410 1255 2459 verba
1292 2409 1511 2471 Christi,
1561 2410 1756 2475 quibus
1794 2425 1996 2460 summo
2033 2408 2298 2459 sacerdoti
2335 2408 2636 2475 respondit,
2689 2409 2927 2459 referens
2963 2410 3076 2459 seri-

596 2497 705 2546 bit:
756 2496 1048 2557 „Videbitis
1096 2495 1259 2545 filium
1297 2496 1523 2547 hominis
1560 2497 1832 2546 sedentem
1871 2510 1905 2547 a
1942 2496 2140 2546 dextris
2176 2497 2386 2545 virtutis
2423 2496 2576 2546 Dei.“
2634 2496 2773 2546 Acta
2809 2495 3077 2561 Apostolo-

602 2600 717 2633 rum
758 2586 804 2645 7,
832 2586 914 2633 55.
953 2582 1171 2633 tradunt
1206 2600 1247 2633 s.
1276 2582 1603 2648 Stephanum
1640 2583 1839 2633 vidisse
1879 2584 2134 2647 „gloriam
2169 2584 2290 2645 Dei,
2329 2588 2384 2631 et
2418 2582 2604 2632 Jesum
2641 2588 2870 2631 stantem
2908 2598 2942 2631 a
2967 2582 3078 2630 dex-

598 2672 695 2717 tris
731 2671 883 2719 Dei.“
936 2668 987 2718 S.
1024 2670 1225 2720 Paulus
1264 2669 1333 2719 ad
1367 2670 1567 2735 Ephes.
1608 2671 1663 2732 1,
1699 2672 1781 2718 20.
1809 2672 1891 2719 21.
1940 2670 2114 2734 inquit
2161 2669 2226 2718 de
2262 2669 2422 2719 Jesu:
2481 2668 2796 2729 „suscitans
2851 2668 2998 2717 illum
3051 2682 3078 2715 a

598 2757 817 2805 mortuis
856 2761 908 2805 et
944 2758 1274 2806 constituens
1313 2756 1381 2805 ad
1419 2756 1690 2805 dexteram
1727 2769 1879 2806 suam
1915 2756 1971 2804 in
2009 2756 2348 2818 coelestibus,
2387 2770 2549 2820 supra
2585 2770 2796 2805 omnem
2821 2756 3076 2819 principa-

597 2847 705 2891 tum
744 2847 796 2892 et
832 2843 1127 2891 virtutem.“
1178 2843 1251 2891 Et
1284 2842 1354 2891 ad
1381 2841 1584 2893 Coloss.
1612 2844 1661 2904 3,
1691 2846 1736 2893 1.
1778 2840 2052 2904 „Christus
2079 2847 2160 2892 est
2183 2844 2240 2891 in
2264 2842 2484 2891 dextera
2507 2841 2607 2890 Dei
2635 2840 2878 2891 sedens.“
2921 2842 3071 2891 Deni-

597 2944 700 2993 que
738 2928 807 2977 ad
844 2930 1121 2979 Hebraeos
1149 2932 1193 2991 1,
1224 2930 1304 2979 13.
1336 2934 1397 2979 ut
1432 2928 1756 2978 demonstret
1792 2928 2057 2979 Christum
2092 2928 2250 2993 longe
2285 2927 2716 2978 excellentiorem
2741 2928 2982 2993 Angelis,
3007 2930 3076 2975 ita

598 3014 859 3079 disputat:
918 3015 1032 3075 „Ad
1081 3031 1237 3080 quem
1276 3021 1454 3065 autem
1488 3014 1816 3081 Angelorum
1863 3015 1998 3065 dixit
2045 3015 2352 3081 aliquando,
2401 3013 2529 3065 sede
2578 3029 2612 3063 a
2657 3014 2856 3064 dextris
2903 3017 3075 3064 meis*

598 3102 741 3149 Hinc
777 3102 908 3151 satis
944 3107 1127 3166 patere
1175 3102 1477 3167 opinamur,
1528 3102 1656 3167 quid
1703 3101 1868 3151 Sacra
1903 3102 2196 3167 Utriusque
2231 3101 2487 3151 Foederis
2523 3101 2733 3166 Pagina
2769 3100 2835 3150 de
2873 3100 3078 3150 Christo

597 3188 663 3237 ad
703 3188 940 3237 dextram
966 3189 1069 3237 Dei
1106 3188 1323 3237 sedente
1360 3188 1553 3237 tradat.
1602 3188 1707 3237 Sed
1744 3204 1864 3237 cum
1889 3190 2039 3238 Deus
2077 3189 2204 3253 quia
2234 3188 2460 3253 Spiritus
2489 3193 2584 3249 est,
2613 3204 2790 3253 neque
2813 3189 3074 3237 sinistram

596 3290 769 3340 neque
818 3275 1055 3324 dextram
1104 3274 1325 3337 habeat,
1378 3291 1519 3325 nunc
1566 3276 1756 3341 paucis
1803 3275 2068 3340 quomodo
2115 3274 2362 3325 sedere
2411 3274 2554 3324 istud
2592 3275 2966 3342 accipiendum
3003 3276 3077 3335 sit,

596 3362 887 3411 videamus.
939 3358 1134 3419 Καθίζω
1173 3357 1223 3409 ἐκ
1259 3358 1427 3420 δεξιῶν
1464 3378 1507 3411 κ.
1548 3367 1629 3410 est
1665 3361 2030 3427 metaphorica
2055 3360 2271 3423 locutio,
2309 3363 2364 3411 in
2391 3376 2498 3427 qua
2521 3362 2943 3426 interpretanda,
2979 3378 3079 3411 non

602 3452 725 3497 sunt
762 3448 941 3497 omnia
976 3448 1045 3497 ad
1081 3448 1259 3497 vivum
1296 3448 1591 3497 resecanda
1634 3453 1689 3497 et
1735 3448 2040 3514 premenda.
2094 3448 2358 3512 Dextera,
2409 3449 2626 3498 sinistra
2673 3448 2988 3499 honoratior
3033 3456 3078 3496 et

604 3534 812 3599 dignior
838 3562 895 3569 -—-
927 3534 1046 3583 coll.
1076 3534 1208 3584 Gen.
1234 3536 1319 3597 48,
1348 3537 1428 3584 13.
1458 3537 1539 3586 14.
1587 3536 1675 3584 Ps.
1702 3538 1786 3596 44,
1818 3538 1898 3584 10.
1933 3535 2016 3585 ΙΙΙ
2041 3536 2172 3600 Reg.
2197 3537 2245 3596 2,
2274 3537 2358 3585 19.
2391 3534 2581 3585 Matth.
2609 3537 2692 3596 25,
2719 3538 2802 3585 34.
2829 3564 2899 3573 -—
2924 3534 3078 3585 habe-

600 3626 709 3683 tur3
768 3636 833 3669 ex
868 3636 973 3685 quo
1010 3621 1257 3685 infertur,
1296 3636 1415 3671 eum
1454 3622 1545 3688 qui
1592 3623 1650 3671 in
1688 3621 1906 3671 dextera
1940 3628 2091 3685 parte
2129 3622 2335 3687 positus
2372 3623 2464 3683 sit,
2515 3621 2854 3671 illustriorem
2896 3624 3078 3673 ceteris

598 3708 772 3756 locum
823 3722 1101 3772 occupare.
1158 3708 1342 3773 Neque
1396 3713 1684 3773 propterea
1729 3713 1790 3756 ut
1833 3709 2094 3773 quispiam
2149 3707 2218 3757 ad
2273 3708 2498 3758 alicuius
2548 3708 2822 3758 dexteram
2873 3709 3076 3764 sedens,

604 3794 830 3859 priorem
870 3794 1110 3843 obtinere
1146 3794 1321 3844 locum
1360 3810 1484 3843 vere
1522 3794 1627 3843 dici
1663 3796 1858 3860 possit;
1909 3810 2044 3859 opus
2081 3800 2161 3843 est
2203 3800 2264 3845 ut
2299 3794 2436 3845 alius
2473 3795 2660 3845 sedeat
2695 3795 2762 3845 ad
2801 3797 3078 3845 sinistram.

597 3882 711 3929 Nec
746 3880 967 3945 proinde
1005 3882 1270 3945 sequitur,
1328 3881 1517 3945 quodsi
1568 3880 1809 3932 Christus
1860 3881 2009 3931 sedet
2045 3881 2112 3930 ad
2151 3880 2421 3931 dexteram
2457 3882 2662 3943 Patris,
2699 3883 2863 3932 Pater
2901 3882 3080 3933 sedeat

592 3968 661 4017 ad
696 3968 987 4028 sinistram,
1036 3982 1160 4016 nam
1197 3967 1417 4017 dextera
1451 3967 1537 4017 vel
1574 3969 1791 4018 sinistra
1827 3968 1880 4017 in
1917 3969 2033 4017 Deo
2073 3984 2180 4017 non
2210 3967 2403 4019 dicitur
2439 3968 2699 4019 localiter.
2755 3970 2897 4031 „Qui
2935 3970 3074 4019 enim

592 4054 707 4105 fieri
744 4055 928 4120 possit,
965 4054 1042 4103 ait
1077 4068 1118 4102 s.
1156 4054 1395 4104 Joannes
1430 4056 1818 4117 Damascenus,
1859 4054 1923 4105 de
1960 4054 2063 4104 fide
2103 4055 2236 4105 orth.
2263 4055 2356 4117 IV,
2382 4058 2430 4104 2.
2468 4073 2520 4121 p.
2547 4057 2694 4119 253„
2743 4060 2805 4105 ut
2851 4058 2944 4122 qui
2983 4058 3078 4105 eir-

593 4142 1018 4207 eumscriptionis
1058 4146 1139 4191 est
1175 4156 1363 4206 expers
1400 4141 1519 4191 loco
1560 4141 1830 4191 definitam
1868 4143 2138 4191 dexteram
2175 4142 2405 4192 habeat?
2451 4143 2721 4204 Quocirca
2769 4158 2865 4209 per
2899 4144 3080 4193 Pat'er-

592 4244 693 4278 nae
732 4228 949 4277 dextrae
986 4227 1304 4277 vocabulum
1342 4226 1702 4292 significamus
1740 4230 2049 4279 Divinitatis
2085 4229 2340 4279 honorem
2378 4234 2432 4279 et
2467 4230 2709 4295 gloriam,
2745 4231 2802 4279 in
2829 4245 2938 4295 qua
2964 4246 3080 4279 cum

590 4316 694 4364 Dei
730 4316 917 4377 Filius,
955 4320 1209 4380 tanquam
1244 4316 1391 4363 Deus
1428 4316 1682 4381 Patrique
1721 4315 2191 4366 consubstantialis
2218 4322 2342 4366 ante
2373 4316 2592 4365 saecula
2617 4322 2776 4379 esset,
2816 4317 2885 4365 ad
2913 4324 3080 4367 extre-

591 4416 733 4449 mum
770 4416 893 4450 caro
931 4401 1105 4449 factus
1144 4416 1401 4465 corporeo
1440 4418 1653 4467 quoque
1691 4402 1848 4451 modo
1887 4403 2152 4465 considet,
2202 4404 2260 4451 in
2309 4403 2532 4453 eandem
2575 4404 2821 4453 nimirum
2855 4402 3080 4469 gloriam

592 4486 799 4535 adscita
834 4488 1003 4552 ipsius
1042 4491 1250 4536 carne.“
1316 4487 1477 4537 Sedet
1524 4489 1685 4552 igitur
1722 4488 1984 4551 Christus,
2022 4518 2088 4526 —
2125 4495 2187 4539 ut
2222 4489 2380 4539 docet
2415 4504 2457 4538 s.
2483 4490 2746 4552 Thomas,
2785 4490 2882 4539 ΠΙ.
2919 4508 2971 4555 q.
2995 4492 3080 4539 58.

592 4578 689 4621 art.
716 4574 763 4620 2.
802 4573 883 4622 ed.
921 4573 1053 4622 Bon.
1083 4575 1233 4623 1858.
1272 4575 1337 4635 X,
1367 4576 1516 4623 1191.
1544 4576 1591 4623 2.
1630 4603 1697 4611 -
1736 4580 1789 4623 et
1813 4580 1872 4623 ut
1897 4582 1978 4623 est
2002 4576 2166 4639 Deus,
2206 4580 2260 4625 et
2295 4580 2354 4625 ut
2391 4581 2472 4625 est
2494 4576 2680 4641 hom03
2719 4577 2874 4626 aliter
2899 4584 3078 4625 tamen
