3267 5259
1178 513 1230 554 D.
1260 513 1402 554 Lucae
1429 513 1542 554 ratio
1567 512 1785 554 narrandi.
2516 499 2723 548 XXVII

222 688 390 750 ipsum
427 701 674 750 narrare,
715 689 810 754 qui
847 687 1084 740 delectus
1121 691 1291 754 magis
1329 691 1645 755 perspicuus
1679 689 1739 740 fit
1764 706 1829 740 ex
1856 705 1935 752 eo,
1977 689 2119 755 quod
2156 690 2311 753 plura
2347 690 2504 738 etiam
2543 705 2724 739 eorum

223 775 464 835 tacuerit,
503 790 652 839 quae
691 777 858 840 probe
895 777 1070 828 sciret.
1119 776 1323 826 Beatae
1361 791 1591 842 namque
1629 777 1835 841 Virgini
1872 777 2047 839 Matri,
2086 777 2461 842 Apostolorum
2486 777 2724 842 Principi

225 861 444 925 aliisque
483 861 766 927 Apostolis
805 867 858 911 et
887 863 1166 928 discipulis
1203 863 1532 912 familiariter
1567 879 1698 914 usus
1736 869 1832 926 est,
1874 879 2099 930 quorum
2136 879 2220 914 res
2259 868 2437 927 gestas
2474 862 2723 928 factaque

224 948 468 1012 ignorare
519 963 634 998 non
685 949 874 1013 potuit.
938 949 1238 999 Caesareae
1276 951 1328 999 in
1368 950 1522 999 domo
1560 949 1794 1016 Philippi
1835 946 2181 1018 εὖαγγελίστου
2216 949 2331 999 Act.
2370 951 2453 1010 21,
2489 951 2537 998 8.
2585 965 2723 1000 com-

225 1034 564 1096 morabatur,
619 1049 654 1085 a
693 1051 800 1100 quo
835 1035 992 1100 plura
1038 1036 1104 1085 de
1151 1037 1314 1087 initiis
1351 1037 1632 1086 Ecclesiae
1671 1037 1875 1087 discere
1912 1037 2098 1086 valuit.
2162 1035 2215 1086 S.
2241 1035 2411 1085 Paulo
2448 1041 2727 1102 praeterea

227 1119 468 1170 adhaesit
515 1121 788 1172 indivisus
822 1123 966 1172 vitae
1013 1138 1192 1172 comes
1235 1127 1396 1188 atque
1443 1125 1650 1186 socius3
1698 1139 1803 1188 quo
1852 1124 2052 1188 optima
2089 1124 2136 1172 ei
2176 1122 2303 1172 data
2336 1123 2440 1172 fuit
2474 1128 2724 1188 opportu-

225 1207 377 1269 nitas,
415 1207 647 1258 uberem
686 1208 1040 1259 Historiarum
1076 1209 1320 1275 Apostoli
1357 1211 1603 1259 notitiam
1642 1209 2001 1274 comparandi.
2054 1209 2133 1259 Cf.
2159 1209 2275 1259 Act.
2304 1211 2387 1270 21,
2416 1211 2497 1259 19.
2559 1208 2725 1258 Nihil-

228 1295 448 1354 ominus,
487 1295 668 1344 veluti
703 1310 868 1360 saepe
903 1296 1252 1358 monebimus,
1290 1293 1459 1345 multa
1495 1295 1544 1344 d.
1571 1295 1727 1346 Pauli
1765 1295 1908 1346 facta
1944 1296 2154 1346 silentio
2192 1297 2484 1361 praeteriit.
2538 1297 2727 1361 Neque

227 1385 328 1440 est,
375 1381 526 1446 quod
565 1381 910 1431 manifestum
945 1383 1096 1431 illum
1133 1383 1188 1431 in
1225 1381 1492 1431 narrando
1533 1381 1797 1430 delectum
1834 1395 1869 1431 a
1904 1381 2125 1432 fortuita
2160 1381 2384 1432 fontium
2422 1382 2725 1432 conditione

228 1467 560 1529 derivemus,
615 1468 887 1518 fatendum
937 1469 1074 1518 enim
1124 1470 1227 1518 erit
1273 1469 1321 1517 d.
1356 1468 1561 1517 Lucam
1611 1467 1718 1517 alia
1765 1483 1979 1533 quoque
2026 1469 2345 1534 experiendo
2393 1470 2724 1534 cognovisse,

229 1568 362 1618 quae
399 1553 580 1604 literis
617 1570 726 1604 non
761 1554 1054 1604 mandaret.
1117 1553 1472 1604 Confirmatur
1519 1553 1653 1604 haec
1700 1556 1963 1604 sententia
2008 1555 2263 1621 singulari
2299 1556 2570 1618 ubertate,
2621 1571 2729 1620 qua

230 1639 312 1690 ille
349 1646 404 1690 et
441 1639 691 1691 Cornelii
729 1639 1069 1690 centurionis
1112 1642 1340 1690 Romani
1391 1642 1793 1690 conversionem
1832 1641 2017 1704 tradit,
2065 1646 2119 1691 et
2156 1657 2221 1691 ea
2256 1642 2444 1705 refert,
2496 1657 2633 1708 quae
2670 1645 2727 1692 iu

231 1725 472 1778 Concilio
510 1727 1008 1792 Hierosolymitano
1046 1734 1170 1778 acta
1205 1732 1344 1778 sunt.
1405 1727 1856 1792 Distinguendum
1904 1729 2161 1794 imprimis
2204 1729 2307 1778 hoc
2344 1729 2443 1779 sub
2480 1735 2727 1795 respectu

233 1815 364 1864 inter
401 1816 636 1881 primam
673 1815 924 1864 Actorum
961 1820 1192 1880 partem,
1237 1829 1376 1880 quae
1423 1814 1532 1864 sere
1568 1819 1685 1864 tota
1720 1831 1765 1864 c.
1804 1831 1847 1864 c.
1888 1818 2072 1865 1—13.
2112 1815 2178 1865 de
2224 1832 2265 1866 s.
2291 1817 2451 1866 Petro
2488 1818 2627 1882 agit3
2676 1822 2730 1866 et

231 1903 363 1950 inter
410 1902 708 1967 reliquam,
737 1916 896 1967 qnae
945 1901 1106 1968 plane
1144 1901 1210 1951 de
1249 1918 1311 1951 eo
1351 1901 1487 1951 silet.
1549 1900 1606 1949 Si
1642 1901 1807 1950 hocce
1856 1901 2121 1952 silentium
2158 1902 2379 1952 alterius
2414 1904 2580 1968 partis
2620 1919 2726 1952 non

231 2004 259 2037 e
305 1990 520 2039 ratione
562 1987 830 2038 scribendi
877 1988 928 2038 d.
967 1990 1150 2038 Lucae
1189 1987 1545 2051 derivaretur,
1591 1988 1643 2036 b.
1682 1989 1982 2053 Principem
2019 1987 2395 2054 Apostolorum
2432 2005 2527 2054 per
2562 1993 2728 2038 totam

231 2075 496 2140 reliquam
541 2076 706 2125 vitam
751 2075 884 2126 nihil
931 2076 1122 2125 fecisse
1171 2081 1500 2140 sequeretur.
1563 2075 1817 2141 Quisquis
1853 2076 1991 2125 Acta
2028 2075 2403 2141 Apostolorum
2450 2074 2730 2141 diligenter

231 2162 443 2228 legerit,
487 2163 648 2212 facile
687 2164 844 2212 etiam
884 2163 1217 2224 observabit,
1269 2162 1317 2211 d.
1353 2163 1556 2212 Lucam
1594 2163 1858 2227 prioribus
1898 2161 2275 2212 Commentarii
2312 2163 2395 2212 sui
2446 2162 2727 2228 capitibus,

231 2257 352 2315 post
395 2249 736 2314 singularum
783 2265 958 2300 rerum
1007 2251 1395 2312 narrationem,
1447 2248 1749 2314 generalem
1805 2249 2073 2314 quandam
2123 2248 2403 2300 Ecclesiae
2458 2251 2729 2299 nascentis

233 2336 650 2402 descriptionem
685 2337 964 2386 subiicere.
1014 2335 1102 2386 Sic
1127 2336 1242 2386 Act.
1270 2339 1317 2398 2,
1345 2339 1428 2385 42.
1477 2339 1526 2399 4,
1553 2337 1636 2384 32.
1687 2338 1735 2397 5,
1767 2338 1846 2386 12.
1872 2339 1957 2386 42.
2005 2337 2053 2398 6,
2090 2337 2137 2386 7.
2198 2335 2403 2386 Eodem
2441 2351 2569 2386 vero
2609 2351 2727 2386 nar-

233 2423 386 2473 randi
421 2422 588 2472 modo
627 2423 677 2473 d.
703 2424 882 2472 Lucas
931 2424 1088 2472 etiam
1127 2424 1183 2472 in
1219 2422 1516 2487 Evangelio
1555 2437 1684 2472 usus
1722 2427 1817 2472 est.
1867 2422 1951 2471 Ita
1976 2439 2019 2470 e.
2048 2439 2091 2472 c.
2122 2426 2168 2484 1,
2196 2423 2279 2472 65.
2308 2425 2355 2484 2,
2384 2425 2467 2472 40.
2521 2423 2640 2472 Hac
2676 2424 2729 2472 in

237 2499 612 2575 disquisitione
649 2511 829 2573 magni
866 2510 1098 2575 denique
1133 2511 1386 2559 momenti
1423 2515 1518 2572 est,
1563 2510 1616 2558 in
1655 2509 1923 2574 Apostolis
1964 2525 2253 2574 eorumque
2292 2508 2566 2574 discipulis
2606 2524 2730 2558 ana-

237 2596 434 2661 logiam
496 2596 761 2661 quandam
812 2597 1028 2661 reperiri
1088 2612 1206 2645 cum
1255 2595 1452 2645 Christi
1500 2595 1659 2644 factis
1710 2595 1968 2660 fatisque3
2021 2610 2159 2661 quae
2206 2595 2499 2646 similitudo
2548 2597 2732 2662 utique

237 2685 282 2732 si
327 2685 444 2732 veri
499 2684 614 2732 eius
663 2688 956 2733 sectatores
1004 2683 1202 2746 forent,
1257 2683 1322 2732 iis
1370 2682 1647 2748 praedicta
1694 2687 1823 2731 erat.
1897 2682 2047 2743 Quae
2094 2683 2257 2732 Jesus
2302 2682 2729 2748 prophetaverat,

239 2771 418 2820 statim
467 2769 578 2818 fieri
629 2771 915 2832 incipiunt,
974 2774 1026 2819 et
1076 2771 1324 2834 quoniam
1373 2768 1508 2818 fiunt
1555 2773 1887 2819 enarrantur.
1960 2769 2007 2818 A
2062 2771 2244 2834 primis
2298 2771 2405 2818 iam
2454 2770 2731 2820 Ecclesiae

239 2857 538 2922 originibus
591 2871 633 2904 s.
671 2856 862 2905 Petrus
919 2860 971 2904 et
1019 2871 1060 2904 s.
1096 2856 1338 2906 Joannes
1389 2854 1687 2920 reliquique
1734 2855 1977 2921 Apostoli
2034 2855 2154 2921 plus
2208 2857 2374 2906 semel
2428 2857 2733 2908 carceribus

237 2943 550 3008 mancipati,
585 2944 674 2991 vix
713 2958 742 2992 e
778 2943 1022 2992 manibus
1060 2947 1460 3006 persecutorum
1497 2941 1817 3004 liberantur3
1867 2942 2169 3008 Stephanus
2209 2948 2262 2992 et
2298 2943 2535 2993 Jacobus
2572 2946 2732 2994 inter-

239 3029 519 3092 ficiuntur,
565 3029 757 3079 Petrus
794 3029 1104 3094 expellitur3
1151 3027 1352 3077 Paulus
1399 3027 1542 3077 mala
1585 3029 1786 3094 perfert
1831 3029 2133 3090 innumera,
2180 3029 2380 3078 homini
2416 3032 2505 3080 vix
2543 3030 2731 3080 tolera-

241 3117 397 3180 bilia3
445 3131 546 3166 nec
593 3133 691 3182 per
733 3116 952 3182 longum
1001 3122 1210 3180 tempus
1256 3117 1358 3165 nisi
1410 3131 1438 3164 e
1487 3115 1715 3165 vinculis
1767 3115 2033 3165 Christum
2085 3115 2391 3166 crucifixum
2440 3117 2731 3182 praedicat.

242 3202 346 3253 Sed
383 3205 429 3253 si
481 3202 609 3269 quid
656 3202 866 3252 efficere
914 3202 1196 3263 volebant,
1249 3219 1382 3267 opus
1431 3207 1550 3252 erat
1593 3201 1774 3264 factis,
1825 3217 1963 3267 quae
2002 3217 2035 3252 a
2072 3201 2281 3252 Christo
2328 3203 2575 3266 eandem,
2628 3219 2733 3269 qua

241 3291 354 3355 ipse
411 3291 681 3357 pollebat,
735 3290 984 3340 traditam
1039 3305 1156 3340 esse
1211 3293 1530 3355 potestatem
1587 3289 2027 3340 demonstrarent.
2105 3291 2318 3340 Etenim
2374 3291 2418 3340 si
2472 3292 2734 3341 miracula

243 3376 526 3438 vidissent,
573 3381 684 3426 tum
731 3374 940 3426 demum
985 3377 1311 3427 Judaeonun
1365 3375 1750 3441 gentiliumque
1798 3377 1960 3425 animi
2010 3375 2078 3425 ad
2123 3377 2259 3427 Jesu
2304 3391 2461 3426 sacra
2506 3379 2733 3427 transire

243 3466 540 3530 paratiores
577 3468 744 3513 erant.
805 3465 890 3513 Ea
926 3469 1103 3514 autem
1141 3479 1235 3528 per
1271 3463 1558 3528 Apostolos
1596 3476 1723 3510 suos
1760 3462 2026 3527 patranda
2069 3461 2316 3512 Salvator
2362 3465 2477 3529 ipse
2524 3463 2732 3528 praedi-

244 3555 407 3600 xerat.
447 3551 594 3600 Idem
622 3566 778 3614 porro
803 3551 963 3601 Jesus
989 3550 1122 3600 Luc.
1149 3551 1249 3599 Ev.
1277 3553 1325 3610 9,
1352 3551 1437 3600 41.
1465 3565 1556 3599 eos
1582 3548 1923 3598 vehementer
1962 3550 2401 3615 reprehendebat,
2432 3552 2476 3599 si
2519 3550 2733 3614 quando

247 3639 450 3687 muneri
497 3637 600 3686 sibi
648 3636 846 3686 credito
896 3653 1006 3686 non
1055 3635 1407 3686 sufficiebant.
1469 3637 1623 3686 Haec
1670 3640 1843 3685 autem
1892 3636 2267 3702 Apostolorum
2322 3637 2579 3687 miracula
2626 3653 2735 3687 non

248 3739 426 3774 eorum
465 3724 560 3774 sed
589 3725 694 3773 Dei
730 3737 894 3789 opera
931 3738 1066 3784 esse,
1103 3725 1339 3788 ipsorum
1375 3723 1622 3773 manibus
1659 3723 1913 3788 perfecta,
1951 3727 2064 3772 tum
2102 3729 2291 3788 suapte
2328 3726 2584 3789 sequitur,
2623 3729 2735 3773 tum

249 3811 388 3860 clare
439 3812 773 3861 enunciatur.
833 3808 951 3859 Act.
986 3812 1036 3872 4,
1078 3812 1158 3860 10.
1232 3810 1390 3860 Hanc
1440 3810 1507 3859 ob
1556 3824 1773 3860 causam
1821 3809 1885 3858 de
1932 3811 2091 3859 rebus
2138 3811 2205 3860 ab
2250 3812 2523 3877 Apostolis
2572 3812 2735 3876 gestis

247 3898 433 3947 eadem
469 3897 580 3947 fere
617 3899 834 3946 nomina
869 3910 934 3946 ac
972 3897 1038 3945 de
1075 3897 1344 3946 miraculis
1380 3897 1596 3946 Domini
1634 3897 1971 3946 adhibentur.
2020 3897 2137 3946 Act.
2164 3899 2211 3960 2,
2239 3900 2321 3947 22.
2361 3904 2414 3948 et
2449 3899 2533 3947 43.
2584 3898 2735 3958 Quae

245 3987 288 4033 si
334 3985 560 4050 legimus
597 3983 1106 4049 perpendimusque,
1155 3999 1220 4032 ea
1265 3999 1382 4034 esse
1421 3999 1527 4034 non
1566 3983 1705 4033 clam
1742 3988 1902 4049 atque
1941 3983 2173 4045 occulte,
2218 3984 2313 4034 sed
2349 3985 2527 4050 palam
2564 3991 2735 4049 gesta,

247 4072 506 4136 simulque
546 4087 608 4120 eo
647 4085 781 4120 aevo
818 4073 1041 4136 scripta,
1091 4086 1196 4135 quo
1234 4071 1445 4135 plurimi
1482 4071 1737 4136 aequales
1773 4072 1831 4120 in
1866 4072 2006 4121 vivis
2052 4075 2231 4134 erant3
2278 4077 2407 4121 tunc
2444 4071 2509 4120 de
2554 4085 2735 4120 eorum

245 4159 472 4208 veritate
518 4173 586 4208 ne
635 4163 900 4208 momento
949 4157 1158 4223 quidem
1207 4159 1460 4222 temporis
1510 4159 1773 4220 ancipites
1826 4158 2225 4208 haesitabimus.
2298 4158 2451 4208 Haec
2499 4157 2544 4206 si
2593 4163 2735 4206 recte

250 4246 521 4312 disputata
569 4248 718 4305 sunt,
769 4243 990 4294 multum
1029 4245 1332 4304 conferunt,
1381 4249 1440 4293 ut
1491 4243 1769 4296 credamus
1805 4245 1969 4294 Actus
2018 4244 2397 4309 Apostolorum
2436 4245 2735 4294 continere:

248 4348 346 4382 res
402 4315 638 4396 dignas
691 4331 826 4380 fide
883 4346 1012 4380 non
1066 4331 1250 4382 modo
1307 4331 1719 4396 theologica,
1782 4331 1899 4382 sed
1956 4332 2150 4380 etiam
2206 4330 2510 4392 humana,
2572 4347 2738 4396 quae

250 4433 460 4468 sanae
507 4417 816 4467 Critices
861 4417 1146 4482 legibus
1189 4419 1541 4468 innititur.
1603 4419 1870 4467 Plurimae
1918 4418 2057 4468 enim
2104 4432 2189 4468 res
2234 4419 2311 4468 ita
2356 4423 2481 4468 sunt
2524 4433 2735 4484 compa-

250 4509 426 4566 ratae3
471 4509 531 4554 ut
577 4520 688 4553 non
731 4505 1004 4569 potuerint
1049 4509 1302 4554 accurate
1349 4519 1384 4554 a
1431 4505 1690 4570 scriptore
1738 4504 1845 4554 alio
1892 4506 2092 4554 seriore
2147 4510 2349 4564 aetate,
2401 4519 2509 4570 qua
2556 4510 2737 4570 gestae

251 4597 390 4654 sunt,
430 4592 588 4640 etiam
625 4591 673 4640 si
709 4591 946 4656 proxime
985 4592 1272 4656 sequentis,
1313 4592 1566 4640 enarrari.
