<?xml version="1.0" encoding="UTF-8"?>
<!DOCTYPE html PUBLIC "-//W3C//DTD XHTML 1.0 Transitional//EN"
    "http://www.w3.org/TR/xhtml1/DTD/xhtml1-transitional.dtd">
<html xmlns="http://www.w3.org/1999/xhtml" xml:lang="en" lang="en">
 <head>
  <title>
</title>
<meta http-equiv="Content-Type" content="text/html;charset=utf-8" />
  <meta name='ocr-system' content='tesseract 3.04.00' />
  <meta name='ocr-capabilities' content='ocr_page ocr_carea ocr_par ocr_line ocrx_word'/>
</head>
<body>
  <div class='ocr_page' id='page_1' title='image "./historiarevelat00unkngoog_0602.png"; bbox 0 0 3267 5259; ppageno 0'>
   <div class='ocr_carea' id='block_1_1' title="bbox 536 421 2268 488">
    <p class='ocr_par' dir='ltr' id='par_1_1' title="bbox 536 421 2268 488">
     <span class='ocr_line' id='line_1_1' title="bbox 536 421 2268 488; baseline -0.009 0"><span class='ocrx_word' id='word_1_1' title='bbox 536 421 667 488; x_wconf 82' lang='grc'><strong>474</strong></span> <span class='ocrx_word' id='word_1_2' title='bbox 1270 434 1385 477; x_wconf 74' lang='lat' dir='ltr'><strong>nist.</strong></span> <span class='ocrx_word' id='word_1_3' title='bbox 1416 434 1521 476; x_wconf 74' lang='lat' dir='ltr'><strong>sev.</strong></span> <span class='ocrx_word' id='word_1_4' title='bbox 1552 434 1640 475; x_wconf 72' lang='lat' dir='ltr'><strong>div.</strong></span> <span class='ocrx_word' id='word_1_5' title='bbox 1669 432 1836 476; x_wconf 65' lang='lat' dir='ltr'><strong>Parios.</strong></span> <span class='ocrx_word' id='word_1_6' title='bbox 1863 434 1921 475; x_wconf 88' lang='lat'><strong>11.</strong></span> <span class='ocrx_word' id='word_1_7' title='bbox 1941 444 2035 484; x_wconf 61' lang='lat' dir='ltr'><strong>esp.</strong></span> <span class='ocrx_word' id='word_1_8' title='bbox 2067 432 2268 473; x_wconf 68' lang='lat' dir='ltr'><strong>amram.</strong></span> 
     </span>
    </p>
   </div>
   <div class='ocr_carea' id='block_1_2' title="bbox 534 604 3018 1490">
    <p class='ocr_par' dir='ltr' id='par_1_2' title="bbox 534 604 3018 1490">
     <span class='ocr_line' id='line_1_2' title="bbox 534 604 3016 699; baseline -0.002 -24"><span class='ocrx_word' id='word_1_9' title='bbox 534 620 891 699; x_wconf 88' lang='lat' dir='ltr'><strong>praecepta</strong></span> <span class='ocrx_word' id='word_1_10' title='bbox 956 632 1209 675; x_wconf 89' lang='lat' dir='ltr'><strong>morum</strong></span> <span class='ocrx_word' id='word_1_11' title='bbox 1236 612 1273 673; x_wconf 85' lang='lat'><strong>¹.</strong></span> <span class='ocrx_word' id='word_1_12' title='bbox 1346 610 1509 675; x_wconf 87' lang='lat' dir='ltr'><strong>Orat</strong></span> <span class='ocrx_word' id='word_1_13' title='bbox 1574 618 1871 696; x_wconf 86' lang='lat' dir='ltr'><strong>pastores</strong></span> <span class='ocrx_word' id='word_1_14' title='bbox 1894 610 1948 691; x_wconf 77' lang='lat'><strong>²,</strong></span> <span class='ocrx_word' id='word_1_15' title='bbox 2008 618 2082 673; x_wconf 91' lang='lat' dir='ltr'><strong>ut</strong></span> <span class='ocrx_word' id='word_1_16' title='bbox 2139 630 2255 673; x_wconf 93' lang='lat' dir='ltr'><strong>suo</strong></span> <span class='ocrx_word' id='word_1_17' title='bbox 2315 616 2450 671; x_wconf 89' lang='lat' dir='ltr'><strong>tam</strong></span> <span class='ocrx_word' id='word_1_18' title='bbox 2504 608 2721 691; x_wconf 86' lang='lat' dir='ltr'><strong>gravi,</strong></span> <span class='ocrx_word' id='word_1_19' title='bbox 2785 604 3016 671; x_wconf 87' lang='lat' dir='ltr'><strong>sedulo</strong></span> 
     </span>
     <span class='ocr_line' id='line_1_3' title="bbox 534 720 3018 810; baseline -0.002 -20"><span class='ocrx_word' id='word_1_20' title='bbox 534 733 775 791; x_wconf 85' lang='lat' dir='ltr'><strong>vacent</strong></span> <span class='ocrx_word' id='word_1_21' title='bbox 819 726 1035 789; x_wconf 83' lang='lat' dir='ltr'><strong>ovium</strong></span> <span class='ocrx_word' id='word_1_22' title='bbox 1082 723 1559 810; x_wconf 86' lang='lat' dir='ltr'><strong>pascendarum</strong></span> <span class='ocrx_word' id='word_1_23' title='bbox 1603 725 1886 806; x_wconf 83' lang='lat' dir='ltr'><strong>muneri3</strong></span> <span class='ocrx_word' id='word_1_24' title='bbox 1933 744 1974 787; x_wconf 89' lang='lat' dir='ltr'><strong>a</strong></span> <span class='ocrx_word' id='word_1_25' title='bbox 2017 720 2288 787; x_wconf 84' lang='lat' dir='ltr'><strong>subditis</strong></span> <span class='ocrx_word' id='word_1_26' title='bbox 2333 722 2596 785; x_wconf 82' lang='lat' dir='ltr'><strong>autem³</strong></span> <span class='ocrx_word' id='word_1_27' title='bbox 2639 720 2890 805; x_wconf 82' lang='lat' dir='ltr'><strong>exig-it,</strong></span> <span class='ocrx_word' id='word_1_28' title='bbox 2945 730 3018 785; x_wconf 85' lang='lat' dir='ltr'><strong>ut</strong></span> 
     </span>
     <span class='ocr_line' id='line_1_4' title="bbox 535 833 3014 923; baseline -0.003 -20"><span class='ocrx_word' id='word_1_29' title='bbox 535 837 655 903; x_wconf 89' lang='lat' dir='ltr'><strong>illis</strong></span> <span class='ocrx_word' id='word_1_30' title='bbox 689 838 1015 903; x_wconf 82' lang='lat' dir='ltr'><strong>obediant.</strong></span> <span class='ocrx_word' id='word_1_31' title='bbox 1066 837 1147 901; x_wconf 94' lang='lat' dir='ltr'><strong>In</strong></span> <span class='ocrx_word' id='word_1_32' title='bbox 1178 836 1477 902; x_wconf 88' lang='lat' dir='ltr'><strong>omnibus</strong></span> <span class='ocrx_word' id='word_1_33' title='bbox 1508 838 1795 923; x_wconf 77' lang='lat' dir='ltr'><strong>requirit,</strong></span> <span class='ocrx_word' id='word_1_34' title='bbox 1827 846 1900 900; x_wconf 89' lang='lat' dir='ltr'><strong>ut</strong></span> <span class='ocrx_word' id='word_1_35' title='bbox 1926 833 2267 901; x_wconf 82' lang='lat' dir='ltr'><strong>humilitati</strong></span> <span class='ocrx_word' id='word_1_36' title='bbox 2297 834 2620 916; x_wconf 85' lang='lat' dir='ltr'><strong>studeant,</strong></span> <span class='ocrx_word' id='word_1_37' title='bbox 2663 844 2734 897; x_wconf 91' lang='lat' dir='ltr'><strong>et</strong></span> <span class='ocrx_word' id='word_1_38' title='bbox 2771 841 3014 897; x_wconf 81' lang='lat' dir='ltr'><strong>sortem</strong></span> 
     </span>
     <span class='ocr_line' id='line_1_5' title="bbox 536 946 3016 1039; baseline -0.003 -22"><span class='ocrx_word' id='word_1_39' title='bbox 536 974 721 1017; x_wconf 90' lang='lat' dir='ltr'><strong>suam</strong></span> <span class='ocrx_word' id='word_1_40' title='bbox 745 950 1002 1017; x_wconf 78' lang='lat' dir='ltr'><strong>divinae</strong></span> <span class='ocrx_word' id='word_1_41' title='bbox 1026 950 1475 1039; x_wconf 84' lang='lat' dir='ltr'><strong>providentiae</strong></span> <span class='ocrx_word' id='word_1_42' title='bbox 1505 972 1771 1036; x_wconf 87' lang='lat' dir='ltr'><strong>prorsus</strong></span> <span class='ocrx_word' id='word_1_43' title='bbox 1796 951 2202 1014; x_wconf 82' lang='lat' dir='ltr'><strong>committant</strong></span> <span class='ocrx_word' id='word_1_44' title='bbox 2219 951 2263 1013; x_wconf 83' lang='lat'><strong>⁴.</strong></span> <span class='ocrx_word' id='word_1_45' title='bbox 2303 946 2393 1012; x_wconf 93' lang='lat' dir='ltr'><strong>Ut</strong></span> <span class='ocrx_word' id='word_1_46' title='bbox 2416 946 2700 1033; x_wconf 88' lang='lat' dir='ltr'><strong>denique</strong></span> <span class='ocrx_word' id='word_1_47' title='bbox 2723 946 3016 1010; x_wconf 83' lang='lat' dir='ltr'><strong>maxima</strong></span> 
     </span>
     <span class='ocr_line' id='line_1_6' title="bbox 535 1057 3012 1139; baseline -0.003 -10"><span class='ocrx_word' id='word_1_48' title='bbox 535 1066 603 1129; x_wconf 92' lang='lat' dir='ltr'><strong>in</strong></span> <span class='ocrx_word' id='word_1_49' title='bbox 634 1063 869 1129; x_wconf 84' lang='lat' dir='ltr'><strong>Christi</strong></span> <span class='ocrx_word' id='word_1_50' title='bbox 914 1062 1215 1129; x_wconf 88' lang='lat' dir='ltr'><strong>fidelibus</strong></span> <span class='ocrx_word' id='word_1_51' title='bbox 1259 1065 1428 1128; x_wconf 87' lang='lat' dir='ltr'><strong>inter</strong></span> <span class='ocrx_word' id='word_1_52' title='bbox 1466 1064 1854 1128; x_wconf 85' lang='lat' dir='ltr'><strong>vexationes</strong></span> <span class='ocrx_word' id='word_1_53' title='bbox 1901 1071 1967 1127; x_wconf 88' lang='lat' dir='ltr'><strong>et</strong></span> <span class='ocrx_word' id='word_1_54' title='bbox 2011 1060 2339 1126; x_wconf 80' lang='lat' dir='ltr'><strong>molestias</strong></span> <span class='ocrx_word' id='word_1_55' title='bbox 2385 1061 2710 1125; x_wconf 82' lang='lat' dir='ltr'><strong>excitetur</strong></span> <span class='ocrx_word' id='word_1_56' title='bbox 2753 1057 3012 1139; x_wconf 82' lang='lat' dir='ltr'><strong>fiducia,</strong></span> 
     </span>
     <span class='ocr_line' id='line_1_7' title="bbox 538 1171 3010 1265; baseline -0.004 -21"><span class='ocrx_word' id='word_1_57' title='bbox 538 1178 598 1244; x_wconf 86' lang='lat' dir='ltr'><strong>d.</strong></span> <span class='ocrx_word' id='word_1_58' title='bbox 646 1178 879 1244; x_wconf 89' lang='lat' dir='ltr'><strong>Petrus</strong></span> <span class='ocrx_word' id='word_1_59' title='bbox 926 1188 1296 1265; x_wconf 89' lang='lat' dir='ltr'><strong>opportuna</strong></span> <span class='ocrx_word' id='word_1_60' title='bbox 1341 1175 1695 1261; x_wconf 84' lang='lat' dir='ltr'><strong>doxologia</strong></span> <span class='ocrx_word' id='word_1_61' title='bbox 1741 1175 2080 1262; x_wconf 88' lang='lat' dir='ltr'><strong>epistolam</strong></span> <span class='ocrx_word' id='word_1_62' title='bbox 2127 1174 2442 1258; x_wconf 81' lang='lat' dir='ltr'><strong>claudit⁵;</strong></span> <span class='ocrx_word' id='word_1_63' title='bbox 2505 1172 2730 1238; x_wconf 86' lang='lat' dir='ltr'><strong>addita</strong></span> <span class='ocrx_word' id='word_1_64' title='bbox 2775 1171 3010 1237; x_wconf 85' lang='lat' dir='ltr'><strong>saluta-</strong></span> 
     </span>
     <span class='ocr_line' id='line_1_8' title="bbox 534 1286 3014 1377; baseline -0.002 -22"><span class='ocrx_word' id='word_1_65' title='bbox 534 1293 761 1358; x_wconf 76' lang='lat' dir='ltr'><strong>tione⁶</strong></span> <span class='ocrx_word' id='word_1_66' title='bbox 804 1290 1164 1375; x_wconf 81' lang='lat' dir='ltr'><strong>Ecclesiae,</strong></span> <span class='ocrx_word' id='word_1_67' title='bbox 1211 1313 1380 1377; x_wconf 89' lang='lat' dir='ltr'><strong>quae</strong></span> <span class='ocrx_word' id='word_1_68' title='bbox 1429 1302 1527 1355; x_wconf 85' lang='lat' dir='ltr'><strong>eet</strong></span> <span class='ocrx_word' id='word_1_69' title='bbox 1570 1292 1640 1354; x_wconf 92' lang='lat' dir='ltr'><strong>in</strong></span> <span class='ocrx_word' id='word_1_70' title='bbox 1683 1288 2024 1375; x_wconf 77' lang='lat' dir='ltr'><strong>Babylone</strong></span> <span class='ocrx_word' id='word_1_71' title='bbox 2075 1287 2430 1371; x_wconf 65' lang='lat' dir='ltr'><strong>coelecta7,</strong></span> <span class='ocrx_word' id='word_1_72' title='bbox 2477 1288 2515 1351; x_wconf 94' lang='lat' dir='ltr'><strong>i.</strong></span> <span class='ocrx_word' id='word_1_73' title='bbox 2559 1310 2615 1352; x_wconf 89' lang='lat' dir='ltr'><strong>e.</strong></span> <span class='ocrx_word' id='word_1_74' title='bbox 2651 1286 3014 1368; x_wconf 78' lang='lat' dir='ltr'><strong>Romanae,</strong></span> 
     </span>
     <span class='ocr_line' id='line_1_9' title="bbox 540 1403 1697 1490; baseline -0.002 -21"><span class='ocrx_word' id='word_1_75' title='bbox 540 1416 605 1469; x_wconf 92' lang='lat' dir='ltr'><strong>et</strong></span> <span class='ocrx_word' id='word_1_76' title='bbox 646 1414 799 1470; x_wconf 85' lang='lat' dir='ltr'><strong>voto</strong></span> <span class='ocrx_word' id='word_1_77' title='bbox 850 1403 1144 1490; x_wconf 90' lang='lat' dir='ltr'><strong>discipuli</strong></span> <span class='ocrx_word' id='word_1_78' title='bbox 1192 1406 1285 1469; x_wconf 90' lang='lat' dir='ltr'><strong>sui</strong></span> <span class='ocrx_word' id='word_1_79' title='bbox 1334 1428 1384 1468; x_wconf 89' lang='lat' dir='ltr'><strong>s.</strong></span> <span class='ocrx_word' id='word_1_80' title='bbox 1428 1403 1631 1467; x_wconf 91' lang='lat' dir='ltr'><strong>Marci</strong></span> <span class='ocrx_word' id='word_1_81' title='bbox 1656 1406 1697 1467; x_wconf 73' lang='lat'><strong>⁸.</strong></span> 
     </span>
    </p>
   </div>
   <div class='ocr_carea' id='block_1_3' title="bbox 533 1674 3023 4619">
    <p class='ocr_par' dir='ltr' id='par_1_3' title="bbox 533 1674 3023 4619">
     <span class='ocr_line' id='line_1_10' title="bbox 748 1674 3010 1744; baseline -0.002 -16"><span class='ocrx_word' id='word_1_82' title='bbox 748 1680 785 1743; x_wconf 86' lang='lat'><strong>¹)</strong></span> <span class='ocrx_word' id='word_1_83' title='bbox 823 1678 895 1728; x_wconf 80' lang='lat' dir='ltr'><strong>Et</strong></span> <span class='ocrx_word' id='word_1_84' title='bbox 933 1678 1143 1744; x_wconf 87' lang='lat' dir='ltr'><strong>quidem</strong></span> <span class='ocrx_word' id='word_1_85' title='bbox 1182 1678 1412 1743; x_wconf 89' lang='lat' dir='ltr'><strong>loquitur</strong></span> <span class='ocrx_word' id='word_1_86' title='bbox 1449 1676 1515 1727; x_wconf 89' lang='lat' dir='ltr'><strong>de</strong></span> <span class='ocrx_word' id='word_1_87' title='bbox 1553 1678 1776 1727; x_wconf 86' lang='lat' dir='ltr'><strong>caritate</strong></span> <span class='ocrx_word' id='word_1_88' title='bbox 1813 1676 2064 1737; x_wconf 83' lang='lat' dir='ltr'><strong>fraterna,</strong></span> <span class='ocrx_word' id='word_1_89' title='bbox 2104 1682 2264 1742; x_wconf 87' lang='lat' dir='ltr'><strong>atque</strong></span> <span class='ocrx_word' id='word_1_90' title='bbox 2299 1676 2452 1724; x_wconf 89' lang='lat' dir='ltr'><strong>initio</strong></span> <span class='ocrx_word' id='word_1_91' title='bbox 2485 1676 2804 1741; x_wconf 86' lang='lat' dir='ltr'><strong>praesertim</strong></span> <span class='ocrx_word' id='word_1_92' title='bbox 2829 1674 3010 1724; x_wconf 89' lang='lat' dir='ltr'><strong>Eccle-</strong></span> 
     </span>
     <span class='ocr_line' id='line_1_11' title="bbox 538 1760 3014 1832; baseline -0.002 -16"><span class='ocrx_word' id='word_1_93' title='bbox 538 1767 651 1817; x_wconf 90' lang='lat' dir='ltr'><strong>siae</strong></span> <span class='ocrx_word' id='word_1_94' title='bbox 688 1765 994 1816; x_wconf 82' lang='lat' dir='ltr'><strong>necessaria</strong></span> <span class='ocrx_word' id='word_1_95' title='bbox 1029 1764 1387 1830; x_wconf 75' lang='lat' dir='ltr'><strong>hospitalitate</strong></span> <span class='ocrx_word' id='word_1_96' title='bbox 1425 1768 1475 1825; x_wconf 83' lang='grc'><strong>4,</strong></span> <span class='ocrx_word' id='word_1_97' title='bbox 1514 1766 1563 1814; x_wconf 87' lang='grc'><strong>8.</strong></span> <span class='ocrx_word' id='word_1_98' title='bbox 1600 1766 1677 1829; x_wconf 79' lang='grc'><strong>9.;</strong></span> <span class='ocrx_word' id='word_1_99' title='bbox 1716 1764 1784 1814; x_wconf 91' lang='lat' dir='ltr'><strong>de</strong></span> <span class='ocrx_word' id='word_1_100' title='bbox 1818 1765 1991 1829; x_wconf 78' lang='lat' dir='ltr'><strong>gratia</strong></span> <span class='ocrx_word' id='word_1_101' title='bbox 2027 1760 2366 1832; x_wconf 52' lang='lat' dir='ltr'><strong>„Kaplopoew</strong></span> <span class='ocrx_word' id='word_1_102' title='bbox 2403 1777 2498 1828; x_wconf 91' lang='lat' dir='ltr'><strong>pro</strong></span> <span class='ocrx_word' id='word_1_103' title='bbox 2540 1763 2750 1811; x_wconf 86' lang='lat' dir='ltr'><strong>ratione</strong></span> <span class='ocrx_word' id='word_1_104' title='bbox 2787 1775 2871 1824; x_wconf 83' lang='lat' dir='ltr'><strong>ea,</strong></span> <span class='ocrx_word' id='word_1_105' title='bbox 2909 1776 3014 1827; x_wconf 85' lang='lat' dir='ltr'><strong>qua</strong></span> 
     </span>
     <span class='ocr_line' id='line_1_12' title="bbox 536 1848 3014 1921; baseline -0.002 -17"><span class='ocrx_word' id='word_1_106' title='bbox 536 1869 636 1905; x_wconf 85' lang='lat' dir='ltr'><strong>sua</strong></span> <span class='ocrx_word' id='word_1_107' title='bbox 673 1854 898 1921; x_wconf 89' lang='lat' dir='ltr'><strong>quisque</strong></span> <span class='ocrx_word' id='word_1_108' title='bbox 925 1853 1207 1917; x_wconf 86' lang='lat' dir='ltr'><strong>acceperit,</strong></span> <span class='ocrx_word' id='word_1_109' title='bbox 1246 1866 1365 1901; x_wconf 88' lang='lat' dir='ltr'><strong>cum</strong></span> <span class='ocrx_word' id='word_1_110' title='bbox 1403 1850 1521 1901; x_wconf 88' lang='lat' dir='ltr'><strong>aliis</strong></span> <span class='ocrx_word' id='word_1_111' title='bbox 1560 1851 2027 1901; x_wconf 88' lang='lat' dir='ltr'><strong>communicanda:</strong></span> <span class='ocrx_word' id='word_1_112' title='bbox 2066 1856 2125 1900; x_wconf 88' lang='lat' dir='ltr'><strong>ut</strong></span> <span class='ocrx_word' id='word_1_113' title='bbox 2158 1851 2214 1899; x_wconf 88' lang='lat' dir='ltr'><strong>in</strong></span> <span class='ocrx_word' id='word_1_114' title='bbox 2248 1849 2480 1909; x_wconf 84' lang='lat' dir='ltr'><strong>Domini,</strong></span> <span class='ocrx_word' id='word_1_115' title='bbox 2518 1849 2670 1899; x_wconf 87' lang='lat' dir='ltr'><strong>cuius</strong></span> <span class='ocrx_word' id='word_1_116' title='bbox 2709 1852 2794 1898; x_wconf 85' lang='lat' dir='ltr'><strong>est</strong></span> <span class='ocrx_word' id='word_1_117' title='bbox 2831 1848 3014 1915; x_wconf 77' lang='lat' dir='ltr'><strong>gloria,</strong></span> 
     </span>
     <span class='ocr_line' id='line_1_13' title="bbox 536 1933 3014 2005; baseline -0.002 -16"><span class='ocrx_word' id='word_1_118' title='bbox 536 1940 694 1991; x_wconf 88' lang='lat' dir='ltr'><strong>cedat</strong></span> <span class='ocrx_word' id='word_1_119' title='bbox 727 1939 997 1989; x_wconf 87' lang='lat' dir='ltr'><strong>honorem.</strong></span> <span class='ocrx_word' id='word_1_120' title='bbox 1043 1941 1092 1999; x_wconf 86' lang='lat'><strong>4,</strong></span> <span class='ocrx_word' id='word_1_121' title='bbox 1128 1940 1207 1987; x_wconf 90' lang='lat'><strong>10.</strong></span> <span class='ocrx_word' id='word_1_122' title='bbox 1242 1941 1322 1987; x_wconf 91' lang='lat'><strong>11.</strong></span> <span class='ocrx_word' id='word_1_123' title='bbox 1372 1938 1684 1989; x_wconf 84' lang='lat' dir='ltr'><strong>Commouet</strong></span> <span class='ocrx_word' id='word_1_124' title='bbox 1727 1940 1900 2005; x_wconf 90' lang='lat' dir='ltr'><strong>posito</strong></span> <span class='ocrx_word' id='word_1_125' title='bbox 1939 1942 2248 2003; x_wconf 77' lang='lat' dir='ltr'><strong>arg-umento</strong></span> <span class='ocrx_word' id='word_1_126' title='bbox 2286 1936 2354 1985; x_wconf 90' lang='lat' dir='ltr'><strong>ab</strong></span> <span class='ocrx_word' id='word_1_127' title='bbox 2393 1935 2633 2001; x_wconf 87' lang='lat' dir='ltr'><strong>exemplo</strong></span> <span class='ocrx_word' id='word_1_128' title='bbox 2671 1933 2900 1997; x_wconf 82' lang='lat' dir='ltr'><strong>Christi,</strong></span> <span class='ocrx_word' id='word_1_129' title='bbox 2949 1951 3014 1984; x_wconf 86' lang='lat' dir='ltr'><strong>ne</strong></span> 
     </span>
     <span class='ocr_line' id='line_1_14' title="bbox 537 2020 3016 2093; baseline -0.002 -16"><span class='ocrx_word' id='word_1_130' title='bbox 537 2030 819 2093; x_wconf 87' lang='lat' dir='ltr'><strong>quisquam</strong></span> <span class='ocrx_word' id='word_1_131' title='bbox 844 2025 1179 2091; x_wconf 82' lang='lat' dir='ltr'><strong>impatienter</strong></span> <span class='ocrx_word' id='word_1_132' title='bbox 1202 2024 1341 2073; x_wconf 84' lang='lat' dir='ltr'><strong>ferat</strong></span> <span class='ocrx_word' id='word_1_133' title='bbox 1366 2025 1698 2075; x_wconf 79' lang='lat' dir='ltr'><strong>calamitates</strong></span> <span class='ocrx_word' id='word_1_134' title='bbox 1725 2030 1778 2073; x_wconf 89' lang='lat' dir='ltr'><strong>et</strong></span> <span class='ocrx_word' id='word_1_135' title='bbox 1809 2026 2206 2090; x_wconf 81' lang='lat' dir='ltr'><strong>persecutiones</strong></span> <span class='ocrx_word' id='word_1_136' title='bbox 2242 2028 2461 2089; x_wconf 86' lang='lat' dir='ltr'><strong>propter</strong></span> <span class='ocrx_word' id='word_1_137' title='bbox 2495 2020 2679 2086; x_wconf 84' lang='lat' dir='ltr'><strong>fidem3</strong></span> <span class='ocrx_word' id='word_1_138' title='bbox 2717 2024 2769 2085; x_wconf 81' lang='lat'><strong>4,</strong></span> <span class='ocrx_word' id='word_1_139' title='bbox 2799 2024 3016 2072; x_wconf 77' lang='lat'><strong>12—14.</strong></span> 
     </span>
     <span class='ocr_line' id='line_1_15' title="bbox 534 2108 3016 2181; baseline -0.003 -16"><span class='ocrx_word' id='word_1_140' title='bbox 534 2113 789 2181; x_wconf 80' lang='lat' dir='ltr'><strong>fugienda</strong></span> <span class='ocrx_word' id='word_1_141' title='bbox 810 2128 935 2162; x_wconf 83' lang='lat' dir='ltr'><strong>vero</strong></span> <span class='ocrx_word' id='word_1_142' title='bbox 964 2126 1081 2161; x_wconf 89' lang='lat' dir='ltr'><strong>esse</strong></span> <span class='ocrx_word' id='word_1_143' title='bbox 1119 2114 1295 2161; x_wconf 89' lang='lat' dir='ltr'><strong>omnia</strong></span> <span class='ocrx_word' id='word_1_144' title='bbox 1318 2110 1597 2175; x_wconf 87' lang='lat' dir='ltr'><strong>maleficia,</strong></span> <span class='ocrx_word' id='word_1_145' title='bbox 1636 2128 1732 2177; x_wconf 89' lang='lat' dir='ltr'><strong>pro</strong></span> <span class='ocrx_word' id='word_1_146' title='bbox 1765 2112 1957 2177; x_wconf 86' lang='lat' dir='ltr'><strong>quibus</strong></span> <span class='ocrx_word' id='word_1_147' title='bbox 1994 2112 2210 2160; x_wconf 86' lang='lat' dir='ltr'><strong>meritae</strong></span> <span class='ocrx_word' id='word_1_148' title='bbox 2249 2110 2509 2159; x_wconf 80' lang='lat' dir='ltr'><strong>debentur</strong></span> <span class='ocrx_word' id='word_1_149' title='bbox 2541 2108 2757 2175; x_wconf 72' lang='lat' dir='ltr'><strong>legibus</strong></span> <span class='ocrx_word' id='word_1_150' title='bbox 2795 2124 3016 2175; x_wconf 86' lang='lat' dir='ltr'><strong>poenae.</strong></span> 
     </span>
     <span class='ocr_line' id='line_1_16' title="bbox 533 2196 3018 2263; baseline -0.002 -11"><span class='ocrx_word' id='word_1_151' title='bbox 533 2202 597 2252; x_wconf 93' lang='lat' dir='ltr'><strong>In</strong></span> <span class='ocrx_word' id='word_1_152' title='bbox 642 2199 1075 2251; x_wconf 80' lang='lat' dir='ltr'><strong>tribulationibus</strong></span> <span class='ocrx_word' id='word_1_153' title='bbox 1123 2200 1266 2260; x_wconf 85' lang='lat' dir='ltr'><strong>Dec,</strong></span> <span class='ocrx_word' id='word_1_154' title='bbox 1316 2202 1431 2249; x_wconf 87' lang='lat' dir='ltr'><strong>sine</strong></span> <span class='ocrx_word' id='word_1_155' title='bbox 1476 2202 1627 2249; x_wconf 85' lang='lat' dir='ltr'><strong>cuius</strong></span> <span class='ocrx_word' id='word_1_156' title='bbox 1675 2201 1932 2263; x_wconf 85' lang='lat' dir='ltr'><strong>permissu</strong></span> <span class='ocrx_word' id='word_1_157' title='bbox 1983 2197 2113 2248; x_wconf 86' lang='lat' dir='ltr'><strong>nihil</strong></span> <span class='ocrx_word' id='word_1_158' title='bbox 2159 2196 2239 2259; x_wconf 85' lang='lat' dir='ltr'><strong>fit,</strong></span> <span class='ocrx_word' id='word_1_159' title='bbox 2287 2198 2492 2251; x_wconf 78' lang='lat' dir='ltr'><strong>animas</strong></span> <span class='ocrx_word' id='word_1_160' title='bbox 2537 2202 2749 2247; x_wconf 79' lang='lat' dir='ltr'><strong>nostras</strong></span> <span class='ocrx_word' id='word_1_161' title='bbox 2793 2211 3018 2263; x_wconf 85' lang='lat' dir='ltr'><strong>quarum</strong></span> 
     </span>
     <span class='ocr_line' id='line_1_17' title="bbox 534 2284 3020 2354; baseline -0.002 -16"><span class='ocrx_word' id='word_1_162' title='bbox 534 2291 709 2354; x_wconf 89' lang='lat' dir='ltr'><strong>potior</strong></span> <span class='ocrx_word' id='word_1_163' title='bbox 745 2288 880 2337; x_wconf 88' lang='lat' dir='ltr'><strong>ratio</strong></span> <span class='ocrx_word' id='word_1_164' title='bbox 918 2290 999 2335; x_wconf 88' lang='lat' dir='ltr'><strong>est</strong></span> <span class='ocrx_word' id='word_1_165' title='bbox 1034 2286 1282 2335; x_wconf 86' lang='lat' dir='ltr'><strong>habenda</strong></span> <span class='ocrx_word' id='word_1_166' title='bbox 1318 2301 1477 2351; x_wconf 88' lang='lat' dir='ltr'><strong>quam</strong></span> <span class='ocrx_word' id='word_1_167' title='bbox 1515 2302 1809 2353; x_wconf 89' lang='lat' dir='ltr'><strong>corporum,</strong></span> <span class='ocrx_word' id='word_1_168' title='bbox 1849 2285 2290 2335; x_wconf 87' lang='lat' dir='ltr'><strong>commendemus.</strong></span> <span class='ocrx_word' id='word_1_169' title='bbox 2331 2286 2381 2347; x_wconf 83' lang='lat'><strong>4,</strong></span> <span class='ocrx_word' id='word_1_170' title='bbox 2411 2286 2630 2334; x_wconf 80' lang='lat'><strong>15—19.</strong></span> <span class='ocrx_word' id='word_1_171' title='bbox 2693 2284 2736 2347; x_wconf 79' lang='lat'><strong>²)</strong></span> <span class='ocrx_word' id='word_1_172' title='bbox 2777 2286 2827 2345; x_wconf 76' lang='grc' dir='ltr'><strong>ὁ,</strong></span> <span class='ocrx_word' id='word_1_173' title='bbox 2869 2286 3020 2333; x_wconf 83' lang='lat'><strong>1—5.</strong></span> 
     </span>
     <span class='ocr_line' id='line_1_18' title="bbox 536 2371 3021 2441; baseline -0.002 -16"><span class='ocrx_word' id='word_1_174' title='bbox 536 2374 577 2441; x_wconf 81' lang='lat'><strong>³)</strong></span> <span class='ocrx_word' id='word_1_175' title='bbox 618 2376 763 2437; x_wconf 80' lang='lat' dir='ltr'><strong>Quos</strong></span> <span class='ocrx_word' id='word_1_176' title='bbox 811 2375 1045 2424; x_wconf 88' lang='lat' dir='ltr'><strong>iuniores</strong></span> <span class='ocrx_word' id='word_1_177' title='bbox 1082 2375 1335 2423; x_wconf 87' lang='lat' dir='ltr'><strong>nominat.</strong></span> <span class='ocrx_word' id='word_1_178' title='bbox 1408 2374 1451 2438; x_wconf 80' lang='lat'><strong>⁴)</strong></span> <span class='ocrx_word' id='word_1_179' title='bbox 1491 2374 1538 2435; x_wconf 84' lang='lat'><strong>5,</strong></span> <span class='ocrx_word' id='word_1_180' title='bbox 1578 2376 1625 2423; x_wconf 83' lang='grc'><strong>6.</strong></span> <span class='ocrx_word' id='word_1_181' title='bbox 1671 2376 1716 2423; x_wconf 80' lang='grc'><strong>7.</strong></span> <span class='ocrx_word' id='word_1_182' title='bbox 1765 2372 2120 2439; x_wconf 81' lang='lat' dir='ltr'><strong>vigilandum,</strong></span> <span class='ocrx_word' id='word_1_183' title='bbox 2169 2386 2236 2420; x_wconf 88' lang='lat' dir='ltr'><strong>ne</strong></span> <span class='ocrx_word' id='word_1_184' title='bbox 2275 2372 2672 2437; x_wconf 86' lang='lat' dir='ltr'><strong>intercipiamur</strong></span> <span class='ocrx_word' id='word_1_185' title='bbox 2721 2371 3021 2421; x_wconf 75' lang='lat' dir='ltr'><strong>adversarii</strong></span> 
     </span>
     <span class='ocr_line' id='line_1_19' title="bbox 535 2458 3020 2525; baseline -0.002 -14"><span class='ocrx_word' id='word_1_186' title='bbox 535 2464 702 2513; x_wconf 85' lang='lat' dir='ltr'><strong>nostri</strong></span> <span class='ocrx_word' id='word_1_187' title='bbox 750 2461 975 2523; x_wconf 87' lang='lat' dir='ltr'><strong>diaboli,</strong></span> <span class='ocrx_word' id='word_1_188' title='bbox 1029 2475 1209 2510; x_wconf 86' lang='lat' dir='ltr'><strong>omnes</strong></span> <span class='ocrx_word' id='word_1_189' title='bbox 1256 2460 1481 2510; x_wconf 88' lang='lat' dir='ltr'><strong>nocendi</strong></span> <span class='ocrx_word' id='word_1_190' title='bbox 1528 2462 1646 2509; x_wconf 83' lang='lat' dir='ltr'><strong>vias</strong></span> <span class='ocrx_word' id='word_1_191' title='bbox 1692 2461 1956 2525; x_wconf 77' lang='lat' dir='ltr'><strong>sagaciter</strong></span> <span class='ocrx_word' id='word_1_192' title='bbox 2004 2460 2334 2525; x_wconf 82' lang='lat' dir='ltr'><strong>quaerentis,</strong></span> <span class='ocrx_word' id='word_1_193' title='bbox 2382 2458 2602 2507; x_wconf 81' lang='lat' dir='ltr'><strong>insidiis.</strong></span> <span class='ocrx_word' id='word_1_194' title='bbox 2668 2458 2764 2519; x_wconf 83' lang='lat' dir='ltr'><strong>„ld</strong></span> <span class='ocrx_word' id='word_1_195' title='bbox 2803 2458 3020 2524; x_wconf 87' lang='lat' dir='ltr'><strong>quidem</strong></span> 
     </span>
     <span class='ocr_line' id='line_1_20' title="bbox 536 2544 3022 2615; baseline -0.002 -16"><span class='ocrx_word' id='word_1_196' title='bbox 536 2564 771 2611; x_wconf 84' lang='lat' dir='ltr'><strong>necesse,</strong></span> <span class='ocrx_word' id='word_1_197' title='bbox 812 2550 985 2615; x_wconf 87' lang='lat' dir='ltr'><strong>inquit</strong></span> <span class='ocrx_word' id='word_1_198' title='bbox 1022 2546 1073 2597; x_wconf 84' lang='lat' dir='ltr'><strong>S.</strong></span> <span class='ocrx_word' id='word_1_199' title='bbox 1100 2548 1422 2611; x_wconf 88' lang='lat' dir='ltr'><strong>Bernardus,</strong></span> <span class='ocrx_word' id='word_1_200' title='bbox 1461 2550 1513 2597; x_wconf 87' lang='lat' dir='ltr'><strong>in</strong></span> <span class='ocrx_word' id='word_1_201' title='bbox 1538 2548 1625 2598; x_wconf 87' lang='lat' dir='ltr'><strong>Ps.</strong></span> <span class='ocrx_word' id='word_1_202' title='bbox 1655 2550 1736 2597; x_wconf 87' lang='grc'><strong>90.</strong></span> <span class='ocrx_word' id='word_1_203' title='bbox 1777 2548 1868 2613; x_wconf 86' lang='lat' dir='ltr'><strong>qui</strong></span> <span class='ocrx_word' id='word_1_204' title='bbox 1905 2546 2127 2597; x_wconf 81' lang='lat' dir='ltr'><strong>habitat.</strong></span> <span class='ocrx_word' id='word_1_205' title='bbox 2167 2546 2332 2595; x_wconf 85' lang='lat' dir='ltr'><strong>Serm.</strong></span> <span class='ocrx_word' id='word_1_206' title='bbox 2362 2547 2442 2607; x_wconf 90' lang='lat'><strong>11,</strong></span> <span class='ocrx_word' id='word_1_207' title='bbox 2472 2549 2519 2595; x_wconf 86' lang='lat'><strong>1.</strong></span> <span class='ocrx_word' id='word_1_208' title='bbox 2557 2544 2625 2594; x_wconf 90' lang='lat'><strong>11.</strong></span> <span class='ocrx_word' id='word_1_209' title='bbox 2653 2547 2702 2607; x_wconf 80' lang='lat'><strong>2,</strong></span> <span class='ocrx_word' id='word_1_210' title='bbox 2731 2545 2853 2595; x_wconf 79' lang='lat'><strong>186.</strong></span> <span class='ocrx_word' id='word_1_211' title='bbox 2903 2544 3022 2595; x_wconf 80' lang='lat' dir='ltr'><strong>Non</strong></span> 
     </span>
     <span class='ocr_line' id='line_1_21' title="bbox 538 2631 3022 2701; baseline -0.002 -15"><span class='ocrx_word' id='word_1_212' title='bbox 538 2638 677 2687; x_wconf 88' lang='lat' dir='ltr'><strong>enim</strong></span> <span class='ocrx_word' id='word_1_213' title='bbox 722 2636 915 2685; x_wconf 84' lang='lat' dir='ltr'><strong>dormit</strong></span> <span class='ocrx_word' id='word_1_214' title='bbox 962 2650 1134 2701; x_wconf 86' lang='lat' dir='ltr'><strong>neque</strong></span> <span class='ocrx_word' id='word_1_215' title='bbox 1185 2635 1434 2685; x_wconf 88' lang='lat' dir='ltr'><strong>dormitat</strong></span> <span class='ocrx_word' id='word_1_216' title='bbox 1481 2637 1569 2701; x_wconf 88' lang='lat' dir='ltr'><strong>qui</strong></span> <span class='ocrx_word' id='word_1_217' title='bbox 1622 2634 1854 2684; x_wconf 85' lang='lat' dir='ltr'><strong>custodit</strong></span> <span class='ocrx_word' id='word_1_218' title='bbox 1900 2633 2084 2683; x_wconf 82' lang='lat' dir='ltr'><strong>Israel.</strong></span> <span class='ocrx_word' id='word_1_219' title='bbox 2157 2633 2232 2682; x_wconf 85' lang='lat' dir='ltr'><strong>Et</strong></span> <span class='ocrx_word' id='word_1_220' title='bbox 2283 2634 2421 2682; x_wconf 86' lang='lat' dir='ltr'><strong>sicut</strong></span> <span class='ocrx_word' id='word_1_221' title='bbox 2467 2634 2581 2697; x_wconf 86' lang='lat' dir='ltr'><strong>ipse</strong></span> <span class='ocrx_word' id='word_1_222' title='bbox 2629 2631 2898 2682; x_wconf 85' lang='lat' dir='ltr'><strong>sollicitus</strong></span> <span class='ocrx_word' id='word_1_223' title='bbox 2944 2640 3022 2681; x_wconf 88' lang='lat' dir='ltr'><strong>est</strong></span> 
     </span>
     <span class='ocr_line' id='line_1_22' title="bbox 536 2718 3022 2789; baseline -0.002 -14"><span class='ocrx_word' id='word_1_224' title='bbox 536 2726 735 2787; x_wconf 88' lang='lat' dir='ltr'><strong>nostri,</strong></span> <span class='ocrx_word' id='word_1_225' title='bbox 773 2728 827 2773; x_wconf 89' lang='lat' dir='ltr'><strong>et</strong></span> <span class='ocrx_word' id='word_1_226' title='bbox 862 2724 963 2789; x_wconf 89' lang='lat' dir='ltr'><strong>ipsi</strong></span> <span class='ocrx_word' id='word_1_227' title='bbox 1002 2738 1131 2773; x_wconf 85' lang='lat' dir='ltr'><strong>cura</strong></span> <span class='ocrx_word' id='word_1_228' title='bbox 1166 2727 1247 2773; x_wconf 83' lang='lat' dir='ltr'><strong>est</strong></span> <span class='ocrx_word' id='word_1_229' title='bbox 1284 2722 1350 2772; x_wconf 87' lang='lat' dir='ltr'><strong>de</strong></span> <span class='ocrx_word' id='word_1_230' title='bbox 1388 2722 1567 2783; x_wconf 89' lang='lat' dir='ltr'><strong>nobis,</strong></span> <span class='ocrx_word' id='word_1_231' title='bbox 1606 2722 1685 2772; x_wconf 88' lang='lat' dir='ltr'><strong>sic</strong></span> <span class='ocrx_word' id='word_1_232' title='bbox 1722 2720 1811 2770; x_wconf 92' lang='lat' dir='ltr'><strong>ille</strong></span> <span class='ocrx_word' id='word_1_233' title='bbox 1849 2720 2108 2770; x_wconf 89' lang='lat' dir='ltr'><strong>sollicitus</strong></span> <span class='ocrx_word' id='word_1_234' title='bbox 2147 2725 2230 2769; x_wconf 85' lang='lat' dir='ltr'><strong>est</strong></span> <span class='ocrx_word' id='word_1_235' title='bbox 2265 2726 2324 2769; x_wconf 90' lang='lat' dir='ltr'><strong>ut</strong></span> <span class='ocrx_word' id='word_1_236' title='bbox 2359 2735 2456 2769; x_wconf 84' lang='lat' dir='ltr'><strong>nos</strong></span> <span class='ocrx_word' id='word_1_237' title='bbox 2493 2724 2689 2769; x_wconf 85' lang='lat' dir='ltr'><strong>mactet</strong></span> <span class='ocrx_word' id='word_1_238' title='bbox 2725 2723 2782 2769; x_wconf 85' lang='lat' dir='ltr'><strong>et</strong></span> <span class='ocrx_word' id='word_1_239' title='bbox 2817 2718 3022 2786; x_wconf 86' lang='lat' dir='ltr'><strong>perdat,</strong></span> 
     </span>
     <span class='ocr_line' id='line_1_23' title="bbox 538 2807 3022 2875; baseline -0.002 -14"><span class='ocrx_word' id='word_1_240' title='bbox 538 2817 592 2861; x_wconf 86' lang='lat' dir='ltr'><strong>et</strong></span> <span class='ocrx_word' id='word_1_241' title='bbox 624 2826 736 2861; x_wconf 88' lang='lat' dir='ltr'><strong>una</strong></span> <span class='ocrx_word' id='word_1_242' title='bbox 770 2812 819 2860; x_wconf 87' lang='lat' dir='ltr'><strong>ei</strong></span> <span class='ocrx_word' id='word_1_243' title='bbox 858 2824 1001 2873; x_wconf 86' lang='lat' dir='ltr'><strong>cura,</strong></span> <span class='ocrx_word' id='word_1_244' title='bbox 1040 2826 1107 2859; x_wconf 91' lang='lat' dir='ltr'><strong>ne</strong></span> <span class='ocrx_word' id='word_1_245' title='bbox 1144 2810 1279 2859; x_wconf 85' lang='lat' dir='ltr'><strong>forte</strong></span> <span class='ocrx_word' id='word_1_246' title='bbox 1320 2812 1409 2875; x_wconf 91' lang='lat' dir='ltr'><strong>qui</strong></span> <span class='ocrx_word' id='word_1_247' title='bbox 1448 2824 1669 2859; x_wconf 81' lang='lat' dir='ltr'><strong>aversus</strong></span> <span class='ocrx_word' id='word_1_248' title='bbox 1707 2814 1789 2859; x_wconf 88' lang='lat' dir='ltr'><strong>est</strong></span> <span class='ocrx_word' id='word_1_249' title='bbox 1822 2813 2166 2858; x_wconf 81' lang='lat' dir='ltr'><strong>revertatur.“</strong></span> <span class='ocrx_word' id='word_1_250' title='bbox 2227 2808 2499 2858; x_wconf 79' lang='lat' dir='ltr'><strong>Adversus</strong></span> <span class='ocrx_word' id='word_1_251' title='bbox 2545 2808 2682 2857; x_wconf 81' lang='lat' dir='ltr'><strong>tanti</strong></span> <span class='ocrx_word' id='word_1_252' title='bbox 2729 2807 3022 2858; x_wconf 70' lang='lat' dir='ltr'><strong>adversarii</strong></span> 
     </span>
     <span class='ocr_line' id='line_1_24' title="bbox 538 2894 3023 2966; baseline -0.001 -19"><span class='ocrx_word' id='word_1_253' title='bbox 538 2897 833 2966; x_wconf 87' lang='lat' dir='ltr'><strong>periculum</strong></span> <span class='ocrx_word' id='word_1_254' title='bbox 870 2897 999 2947; x_wconf 83' lang='lat' dir='ltr'><strong>fides</strong></span> <span class='ocrx_word' id='word_1_255' title='bbox 1038 2902 1093 2947; x_wconf 91' lang='lat' dir='ltr'><strong>et</strong></span> <span class='ocrx_word' id='word_1_256' title='bbox 1133 2898 1393 2947; x_wconf 75' lang='lat' dir='ltr'><strong>sobrietas</strong></span> <span class='ocrx_word' id='word_1_257' title='bbox 1440 2903 1567 2947; x_wconf 81' lang='lat' dir='ltr'><strong>sunt</strong></span> <span class='ocrx_word' id='word_1_258' title='bbox 1611 2912 1706 2962; x_wconf 90' lang='lat' dir='ltr'><strong>pro</strong></span> <span class='ocrx_word' id='word_1_259' title='bbox 1753 2894 2002 2946; x_wconf 88' lang='lat' dir='ltr'><strong>remedio.</strong></span> <span class='ocrx_word' id='word_1_260' title='bbox 2067 2894 2296 2957; x_wconf 83' lang='lat' dir='ltr'><strong>„Sancti,</strong></span> <span class='ocrx_word' id='word_1_261' title='bbox 2333 2900 2396 2944; x_wconf 90' lang='lat' dir='ltr'><strong>ut</strong></span> <span class='ocrx_word' id='word_1_262' title='bbox 2430 2894 2587 2945; x_wconf 87' lang='lat' dir='ltr'><strong>docet</strong></span> <span class='ocrx_word' id='word_1_263' title='bbox 2623 2895 2674 2944; x_wconf 88' lang='lat' dir='ltr'><strong>d.</strong></span> <span class='ocrx_word' id='word_1_264' title='bbox 2713 2894 3023 2960; x_wconf 80' lang='lat' dir='ltr'><strong>Gregorius,</strong></span> 
     </span>
     <span class='ocr_line' id='line_1_25' title="bbox 538 2982 3022 3050; baseline -0.002 -15"><span class='ocrx_word' id='word_1_265' title='bbox 538 2986 671 3035; x_wconf 85' lang='lat' dir='ltr'><strong>Mor.</strong></span> <span class='ocrx_word' id='word_1_266' title='bbox 709 2984 745 3034; x_wconf 91' lang='lat'><strong>1.</strong></span> <span class='ocrx_word' id='word_1_267' title='bbox 784 2984 874 3035; x_wconf 90' lang='lat' dir='ltr'><strong>IV.</strong></span> <span class='ocrx_word' id='word_1_268' title='bbox 911 2986 993 3046; x_wconf 76' lang='lat'><strong>21,</strong></span> <span class='ocrx_word' id='word_1_269' title='bbox 1030 2986 1113 3033; x_wconf 80' lang='lat'><strong>42.</strong></span> <span class='ocrx_word' id='word_1_270' title='bbox 1160 2984 1201 3047; x_wconf 88' lang='lat'><strong>1,</strong></span> <span class='ocrx_word' id='word_1_271' title='bbox 1238 2986 1354 3033; x_wconf 76' lang='lat'><strong>157.</strong></span> <span class='ocrx_word' id='word_1_272' title='bbox 1404 2984 1502 3033; x_wconf 78' lang='lat' dir='ltr'><strong>viri</strong></span> <span class='ocrx_word' id='word_1_273' title='bbox 1541 2983 1792 3050; x_wconf 83' lang='lat' dir='ltr'><strong>quamdiu</strong></span> <span class='ocrx_word' id='word_1_274' title='bbox 1829 2984 1884 3032; x_wconf 91' lang='lat' dir='ltr'><strong>in</strong></span> <span class='ocrx_word' id='word_1_275' title='bbox 1921 2982 2022 3032; x_wconf 85' lang='lat' dir='ltr'><strong>hac</strong></span> <span class='ocrx_word' id='word_1_276' title='bbox 2059 2984 2170 3033; x_wconf 86' lang='lat' dir='ltr'><strong>vita</strong></span> <span class='ocrx_word' id='word_1_277' title='bbox 2207 2988 2356 3044; x_wconf 89' lang='lat' dir='ltr'><strong>sunt,</strong></span> <span class='ocrx_word' id='word_1_278' title='bbox 2404 2989 2570 3032; x_wconf 84' lang='lat' dir='ltr'><strong>semet</strong></span> <span class='ocrx_word' id='word_1_279' title='bbox 2603 2984 2756 3047; x_wconf 85' lang='lat' dir='ltr'><strong>ipsos</strong></span> <span class='ocrx_word' id='word_1_280' title='bbox 2794 2982 3022 3033; x_wconf 80' lang='lat' dir='ltr'><strong>sollicita</strong></span> 
     </span>
     <span class='ocr_line' id='line_1_26' title="bbox 540 3068 3022 3137; baseline -0.001 -16"><span class='ocrx_word' id='word_1_281' title='bbox 540 3072 1011 3137; x_wconf 86' lang='lat' dir='ltr'><strong>circumspectione</strong></span> <span class='ocrx_word' id='word_1_282' title='bbox 1059 3070 1366 3121; x_wconf 87' lang='lat' dir='ltr'><strong>custodiunt</strong></span> <span class='ocrx_word' id='word_1_283' title='bbox 1402 3086 1468 3121; x_wconf 86' lang='lat' dir='ltr'><strong>ue</strong></span> <span class='ocrx_word' id='word_1_284' title='bbox 1503 3070 1589 3121; x_wconf 89' lang='lat' dir='ltr'><strong>leo</strong></span> <span class='ocrx_word' id='word_1_285' title='bbox 1626 3072 1891 3121; x_wconf 84' lang='lat' dir='ltr'><strong>circuiens</strong></span> <span class='ocrx_word' id='word_1_286' title='bbox 1938 3069 2240 3120; x_wconf 86' lang='lat' dir='ltr'><strong>insidiando</strong></span> <span class='ocrx_word' id='word_1_287' title='bbox 2283 3068 2592 3135; x_wconf 83' lang='lat' dir='ltr'><strong>subripiat.“</strong></span> <span class='ocrx_word' id='word_1_288' title='bbox 2657 3070 2811 3119; x_wconf 86' lang='lat' dir='ltr'><strong>Deus</strong></span> <span class='ocrx_word' id='word_1_289' title='bbox 2849 3073 3022 3119; x_wconf 84' lang='lat' dir='ltr'><strong>autem</strong></span> 
     </span>
     <span class='ocr_line' id='line_1_27' title="bbox 540 3156 3019 3225; baseline -0.002 -16"><span class='ocrx_word' id='word_1_290' title='bbox 540 3159 753 3209; x_wconf 85' lang='lat' dir='ltr'><strong>abunde</strong></span> <span class='ocrx_word' id='word_1_291' title='bbox 790 3161 926 3210; x_wconf 87' lang='lat' dir='ltr'><strong>vires</strong></span> <span class='ocrx_word' id='word_1_292' title='bbox 964 3158 1339 3225; x_wconf 78' lang='lat' dir='ltr'><strong>suppeditabit,</strong></span> <span class='ocrx_word' id='word_1_293' title='bbox 1378 3158 1570 3223; x_wconf 85' lang='lat' dir='ltr'><strong>quibus</strong></span> <span class='ocrx_word' id='word_1_294' title='bbox 1594 3164 1878 3224; x_wconf 82' lang='lat' dir='ltr'><strong>postquam</strong></span> <span class='ocrx_word' id='word_1_295' title='bbox 1911 3162 2218 3207; x_wconf 80' lang='lat' dir='ltr'><strong>constanter</strong></span> <span class='ocrx_word' id='word_1_296' title='bbox 2251 3156 2492 3217; x_wconf 80' lang='lat' dir='ltr'><strong>adversa,</strong></span> <span class='ocrx_word' id='word_1_297' title='bbox 2533 3170 2673 3221; x_wconf 87' lang='lat' dir='ltr'><strong>quae</strong></span> <span class='ocrx_word' id='word_1_298' title='bbox 2709 3160 2853 3219; x_wconf 85' lang='lat' dir='ltr'><strong>sunt,</strong></span> <span class='ocrx_word' id='word_1_299' title='bbox 2893 3156 3019 3205; x_wconf 82' lang='lat' dir='ltr'><strong>alio·</strong></span> 
     </span>
     <span class='ocr_line' id='line_1_28' title="bbox 541 3242 3019 3313; baseline -0.002 -17"><span class='ocrx_word' id='word_1_300' title='bbox 541 3248 671 3313; x_wconf 92' lang='lat' dir='ltr'><strong>quin</strong></span> <span class='ocrx_word' id='word_1_301' title='bbox 708 3262 803 3311; x_wconf 90' lang='lat' dir='ltr'><strong>per</strong></span> <span class='ocrx_word' id='word_1_302' title='bbox 840 3260 897 3295; x_wconf 89' lang='lat' dir='ltr'><strong>se</strong></span> <span class='ocrx_word' id='word_1_303' title='bbox 934 3250 989 3295; x_wconf 85' lang='lat' dir='ltr'><strong>et</strong></span> <span class='ocrx_word' id='word_1_304' title='bbox 1022 3252 1325 3311; x_wconf 86' lang='lat' dir='ltr'><strong>comparate</strong></span> <span class='ocrx_word' id='word_1_305' title='bbox 1371 3244 1439 3294; x_wconf 87' lang='lat' dir='ltr'><strong>ad</strong></span> <span class='ocrx_word' id='word_1_306' title='bbox 1486 3250 1706 3295; x_wconf 86' lang='lat' dir='ltr'><strong>aeterna</strong></span> <span class='ocrx_word' id='word_1_307' title='bbox 1749 3244 1947 3309; x_wconf 85' lang='lat' dir='ltr'><strong>gaudia</strong></span> <span class='ocrx_word' id='word_1_308' title='bbox 1993 3244 2135 3294; x_wconf 83' lang='lat' dir='ltr'><strong>levia</strong></span> <span class='ocrx_word' id='word_1_309' title='bbox 2179 3243 2550 3304; x_wconf 80' lang='lat' dir='ltr'><strong>toleraverint,</strong></span> <span class='ocrx_word' id='word_1_310' title='bbox 2597 3242 2648 3291; x_wconf 88' lang='lat' dir='ltr'><strong>hi</strong></span> <span class='ocrx_word' id='word_1_311' title='bbox 2703 3244 2800 3309; x_wconf 90' lang='lat' dir='ltr'><strong>qui</strong></span> <span class='ocrx_word' id='word_1_312' title='bbox 2845 3244 3019 3293; x_wconf 84' lang='lat' dir='ltr'><strong>vocati</strong></span> 
     </span>
     <span class='ocr_line' id='line_1_29' title="bbox 541 3330 3020 3397; baseline -0.002 -14"><span class='ocrx_word' id='word_1_313' title='bbox 541 3340 679 3394; x_wconf 88' lang='lat' dir='ltr'><strong>sunt,</strong></span> <span class='ocrx_word' id='word_1_314' title='bbox 718 3332 789 3383; x_wconf 88' lang='lat' dir='ltr'><strong>ad</strong></span> <span class='ocrx_word' id='word_1_315' title='bbox 822 3332 1067 3383; x_wconf 87' lang='lat' dir='ltr'><strong>coelestis</strong></span> <span class='ocrx_word' id='word_1_316' title='bbox 1102 3332 1372 3382; x_wconf 85' lang='lat' dir='ltr'><strong>felicitatis</strong></span> <span class='ocrx_word' id='word_1_317' title='bbox 1410 3331 1626 3381; x_wconf 79' lang='lat' dir='ltr'><strong>valeant</strong></span> <span class='ocrx_word' id='word_1_318' title='bbox 1663 3331 2002 3397; x_wconf 86' lang='lat' dir='ltr'><strong>adeptionem</strong></span> <span class='ocrx_word' id='word_1_319' title='bbox 2036 3332 2329 3397; x_wconf 85' lang='lat' dir='ltr'><strong>pervenire.</strong></span> <span class='ocrx_word' id='word_1_320' title='bbox 2383 3331 2426 3395; x_wconf 72' lang='lat'><strong>⁵)</strong></span> <span class='ocrx_word' id='word_1_321' title='bbox 2463 3332 2512 3393; x_wconf 77' lang='grc' dir='ltr'><strong>ὅ,</strong></span> <span class='ocrx_word' id='word_1_322' title='bbox 2540 3331 2730 3380; x_wconf 89' lang='grc'><strong>8-11.</strong></span> <span class='ocrx_word' id='word_1_323' title='bbox 2769 3330 3020 3381; x_wconf 83' lang='lat' dir='ltr'><strong>Nominat</strong></span> 
     </span>
     <span class='ocr_line' id='line_1_30' title="bbox 542 3416 3019 3483; baseline -0.001 -13"><span class='ocrx_word' id='word_1_324' title='bbox 542 3424 591 3483; x_wconf 85' lang='lat'><strong>5,</strong></span> <span class='ocrx_word' id='word_1_325' title='bbox 621 3423 699 3471; x_wconf 76' lang='lat'><strong>12.</strong></span> <span class='ocrx_word' id='word_1_326' title='bbox 750 3418 1041 3481; x_wconf 80' lang='lat' dir='ltr'><strong>Silvanum,</strong></span> <span class='ocrx_word' id='word_1_327' title='bbox 1080 3421 1165 3469; x_wconf 88' lang='lat' dir='ltr'><strong>cui</strong></span> <span class='ocrx_word' id='word_1_328' title='bbox 1190 3418 1410 3468; x_wconf 87' lang='lat' dir='ltr'><strong>tradidit</strong></span> <span class='ocrx_word' id='word_1_329' title='bbox 1446 3419 1760 3468; x_wconf 82' lang='lat' dir='ltr'><strong>deferendas</strong></span> <span class='ocrx_word' id='word_1_330' title='bbox 1799 3419 2004 3481; x_wconf 82' lang='lat' dir='ltr'><strong>literas3</strong></span> <span class='ocrx_word' id='word_1_331' title='bbox 2042 3422 2102 3467; x_wconf 87' lang='lat' dir='ltr'><strong>ut</strong></span> <span class='ocrx_word' id='word_1_332' title='bbox 2137 3419 2388 3473; x_wconf 85' lang='lat' dir='ltr'><strong>certiores</strong></span> <span class='ocrx_word' id='word_1_333' title='bbox 2413 3416 2546 3466; x_wconf 86' lang='lat' dir='ltr'><strong>fiant</strong></span> <span class='ocrx_word' id='word_1_334' title='bbox 2569 3417 2668 3467; x_wconf 86' lang='lat' dir='ltr'><strong>abs</strong></span> <span class='ocrx_word' id='word_1_335' title='bbox 2693 3432 2754 3467; x_wconf 87' lang='lat' dir='ltr'><strong>se</strong></span> <span class='ocrx_word' id='word_1_336' title='bbox 2781 3418 3019 3483; x_wconf 75' lang='lat' dir='ltr'><strong>scriptas,</strong></span> 
     </span>
     <span class='ocr_line' id='line_1_31' title="bbox 542 3501 3022 3573; baseline -0.002 -16"><span class='ocrx_word' id='word_1_337' title='bbox 542 3506 805 3573; x_wconf 86' lang='lat' dir='ltr'><strong>simulque</strong></span> <span class='ocrx_word' id='word_1_338' title='bbox 842 3506 1057 3558; x_wconf 87' lang='lat' dir='ltr'><strong>subiicit</strong></span> <span class='ocrx_word' id='word_1_339' title='bbox 1092 3520 1275 3556; x_wconf 87' lang='lat' dir='ltr'><strong>earum</strong></span> <span class='ocrx_word' id='word_1_340' title='bbox 1320 3505 1599 3555; x_wconf 88' lang='lat' dir='ltr'><strong>consilium</strong></span> <span class='ocrx_word' id='word_1_341' title='bbox 1641 3520 1787 3555; x_wconf 89' lang='lat' dir='ltr'><strong>esse:</strong></span> <span class='ocrx_word' id='word_1_342' title='bbox 1835 3510 1896 3554; x_wconf 89' lang='lat' dir='ltr'><strong>ut</strong></span> <span class='ocrx_word' id='word_1_343' title='bbox 1931 3506 2078 3570; x_wconf 89' lang='lat' dir='ltr'><strong>ipsos</strong></span> <span class='ocrx_word' id='word_1_344' title='bbox 2114 3506 2168 3554; x_wconf 93' lang='lat' dir='ltr'><strong>in</strong></span> <span class='ocrx_word' id='word_1_345' title='bbox 2207 3508 2452 3570; x_wconf 87' lang='lat' dir='ltr'><strong>suscepto</strong></span> <span class='ocrx_word' id='word_1_346' title='bbox 2499 3501 2846 3554; x_wconf 83' lang='lat' dir='ltr'><strong>confirmaret</strong></span> <span class='ocrx_word' id='word_1_347' title='bbox 2879 3504 3022 3554; x_wconf 79' lang='lat' dir='ltr'><strong>insti-</strong></span> 
     </span>
     <span class='ocr_line' id='line_1_32' title="bbox 544 3590 3020 3658; baseline -0.001 -15"><span class='ocrx_word' id='word_1_348' title='bbox 544 3598 675 3644; x_wconf 78' lang='lat' dir='ltr'><strong>tuto,</strong></span> <span class='ocrx_word' id='word_1_349' title='bbox 737 3593 779 3658; x_wconf 78' lang='lat'><strong>⁶)</strong></span> <span class='ocrx_word' id='word_1_350' title='bbox 816 3593 1053 3644; x_wconf 85' lang='lat' dir='ltr'><strong>Fovetur</strong></span> <span class='ocrx_word' id='word_1_351' title='bbox 1090 3594 1229 3642; x_wconf 85' lang='lat' dir='ltr'><strong>enim</strong></span> <span class='ocrx_word' id='word_1_352' title='bbox 1264 3594 1400 3643; x_wconf 89' lang='lat' dir='ltr'><strong>inter</strong></span> <span class='ocrx_word' id='word_1_353' title='bbox 1436 3593 1559 3655; x_wconf 85' lang='lat' dir='ltr'><strong>alia,</strong></span> <span class='ocrx_word' id='word_1_354' title='bbox 1596 3593 1790 3642; x_wconf 87' lang='lat' dir='ltr'><strong>mutuis</strong></span> <span class='ocrx_word' id='word_1_355' title='bbox 1829 3593 2024 3643; x_wconf 82' lang='lat' dir='ltr'><strong>caritas</strong></span> <span class='ocrx_word' id='word_1_356' title='bbox 2061 3591 2487 3642; x_wconf 83' lang='lat' dir='ltr'><strong>salutationibus.</strong></span> <span class='ocrx_word' id='word_1_357' title='bbox 2551 3590 2594 3655; x_wconf 83' lang='lat'><strong>⁷)</strong></span> <span class='ocrx_word' id='word_1_358' title='bbox 2631 3590 2754 3653; x_wconf 81' lang='lat' dir='ltr'><strong>Qua</strong></span> <span class='ocrx_word' id='word_1_359' title='bbox 2787 3590 3020 3657; x_wconf 81' lang='lat' dir='ltr'><strong>adpella-</strong></span> 
     </span>
     <span class='ocr_line' id='line_1_33' title="bbox 542 3676 3022 3746; baseline -0.001 -15"><span class='ocrx_word' id='word_1_360' title='bbox 542 3683 687 3732; x_wconf 88' lang='lat' dir='ltr'><strong>tione</strong></span> <span class='ocrx_word' id='word_1_361' title='bbox 721 3682 1019 3732; x_wconf 85' lang='lat' dir='ltr'><strong>Ecclesiam</strong></span> <span class='ocrx_word' id='word_1_362' title='bbox 1055 3694 1327 3731; x_wconf 87' lang='lat' dir='ltr'><strong>romanam</strong></span> <span class='ocrx_word' id='word_1_363' title='bbox 1358 3680 1597 3746; x_wconf 81' lang='grc' dir='ltr'>τροπικῶς</span> <span class='ocrx_word' id='word_1_364' title='bbox 1622 3679 1933 3745; x_wconf 77' lang='lat' dir='ltr'><strong>designasse</strong></span> <span class='ocrx_word' id='word_1_365' title='bbox 1960 3680 2009 3729; x_wconf 88' lang='lat' dir='ltr'><strong>d.</strong></span> <span class='ocrx_word' id='word_1_366' title='bbox 2035 3694 2083 3728; x_wconf 90' lang='lat' dir='ltr'><strong>a.</strong></span> <span class='ocrx_word' id='word_1_367' title='bbox 2111 3678 2146 3728; x_wconf 94' lang='lat' dir='ltr'><strong>l.</strong></span> <span class='ocrx_word' id='word_1_368' title='bbox 2203 3676 2244 3743; x_wconf 73' lang='lat' dir='ltr'><strong>S)</strong></span> <span class='ocrx_word' id='word_1_369' title='bbox 2279 3678 2418 3727; x_wconf 83' lang='lat' dir='ltr'><strong>Tota</strong></span> <span class='ocrx_word' id='word_1_370' title='bbox 2441 3676 2690 3743; x_wconf 85' lang='lat' dir='ltr'><strong>Epistola</strong></span> <span class='ocrx_word' id='word_1_371' title='bbox 2725 3677 3022 3743; x_wconf 77' lang='lat' dir='ltr'><strong>apostolica</strong></span> 
     </span>
     <span class='ocr_line' id='line_1_34' title="bbox 542 3764 3020 3836; baseline -0.003 -16"><span class='ocrx_word' id='word_1_372' title='bbox 542 3770 810 3836; x_wconf 85' lang='lat' dir='ltr'><strong>sapientia</strong></span> <span class='ocrx_word' id='word_1_373' title='bbox 842 3767 1152 3833; x_wconf 89' lang='lat' dir='ltr'><strong>plenissima</strong></span> <span class='ocrx_word' id='word_1_374' title='bbox 1188 3768 1460 3833; x_wconf 87' lang='lat' dir='ltr'><strong>reperitur.</strong></span> <span class='ocrx_word' id='word_1_375' title='bbox 1510 3765 1739 3815; x_wconf 89' lang='lat' dir='ltr'><strong>Dicendi</strong></span> <span class='ocrx_word' id='word_1_376' title='bbox 1775 3781 1969 3831; x_wconf 82' lang='lat' dir='ltr'><strong>genere</strong></span> <span class='ocrx_word' id='word_1_377' title='bbox 2006 3767 2172 3816; x_wconf 86' lang='lat' dir='ltr'><strong>utitur</strong></span> <span class='ocrx_word' id='word_1_378' title='bbox 2207 3764 2257 3815; x_wconf 91' lang='lat' dir='ltr'><strong>d.</strong></span> <span class='ocrx_word' id='word_1_379' title='bbox 2283 3764 2472 3815; x_wconf 85' lang='lat' dir='ltr'><strong>Petrus</strong></span> <span class='ocrx_word' id='word_1_380' title='bbox 2511 3765 2659 3813; x_wconf 82' lang='lat' dir='ltr'><strong>brevi</strong></span> <span class='ocrx_word' id='word_1_381' title='bbox 2698 3768 2754 3815; x_wconf 87' lang='lat' dir='ltr'><strong>et</strong></span> <span class='ocrx_word' id='word_1_382' title='bbox 2791 3767 3020 3827; x_wconf 83' lang='lat' dir='ltr'><strong>conciso,</strong></span> 
     </span>
     <span class='ocr_line' id='line_1_35' title="bbox 543 3851 3022 3920; baseline -0.003 -14"><span class='ocrx_word' id='word_1_383' title='bbox 543 3856 637 3907; x_wconf 83' lang='lat' dir='ltr'><strong>sed</strong></span> <span class='ocrx_word' id='word_1_384' title='bbox 674 3856 913 3915; x_wconf 88' lang='lat' dir='ltr'><strong>sublimi,</strong></span> <span class='ocrx_word' id='word_1_385' title='bbox 960 3854 1127 3903; x_wconf 84' lang='lat' dir='ltr'><strong>verba</strong></span> <span class='ocrx_word' id='word_1_386' title='bbox 1163 3859 1216 3903; x_wconf 90' lang='lat' dir='ltr'><strong>et</strong></span> <span class='ocrx_word' id='word_1_387' title='bbox 1250 3854 1469 3920; x_wconf 88' lang='lat' dir='ltr'><strong>phrases</strong></span> <span class='ocrx_word' id='word_1_388' title='bbox 1514 3852 1840 3919; x_wconf 67' lang='lat' dir='ltr'><strong>prorsus,ad</strong></span> <span class='ocrx_word' id='word_1_389' title='bbox 1875 3866 1966 3903; x_wconf 81' lang='lat' dir='ltr'><strong>eas</strong></span> <span class='ocrx_word' id='word_1_390' title='bbox 2005 3852 2292 3915; x_wconf 86' lang='lat' dir='ltr'><strong>accedunt,</strong></span> <span class='ocrx_word' id='word_1_391' title='bbox 2346 3866 2480 3917; x_wconf 82' lang='lat' dir='ltr'><strong>quas</strong></span> <span class='ocrx_word' id='word_1_392' title='bbox 2525 3851 2593 3901; x_wconf 87' lang='lat' dir='ltr'><strong>de</strong></span> <span class='ocrx_word' id='word_1_393' title='bbox 2628 3851 2824 3902; x_wconf 84' lang='lat' dir='ltr'><strong>iisdem</strong></span> <span class='ocrx_word' id='word_1_394' title='bbox 2867 3853 3022 3903; x_wconf 84' lang='lat' dir='ltr'><strong>rebus</strong></span> 
     </span>
     <span class='ocr_line' id='line_1_36' title="bbox 542 3938 3018 4007; baseline -0.002 -14"><span class='ocrx_word' id='word_1_395' title='bbox 542 3946 596 3993; x_wconf 88' lang='lat' dir='ltr'><strong>in</strong></span> <span class='ocrx_word' id='word_1_396' title='bbox 632 3942 809 3993; x_wconf 86' lang='lat' dir='ltr'><strong>Libris</strong></span> <span class='ocrx_word' id='word_1_397' title='bbox 846 3942 1203 3991; x_wconf 85' lang='lat' dir='ltr'><strong>Historiarum</strong></span> <span class='ocrx_word' id='word_1_398' title='bbox 1252 3941 1475 4007; x_wconf 88' lang='lat' dir='ltr'><strong>loquens</strong></span> <span class='ocrx_word' id='word_1_399' title='bbox 1514 3940 1769 3990; x_wconf 86' lang='lat' dir='ltr'><strong>adhibuit.</strong></span> <span class='ocrx_word' id='word_1_400' title='bbox 1831 3938 2044 4005; x_wconf 88' lang='lat' dir='ltr'><strong>Ubique</strong></span> <span class='ocrx_word' id='word_1_401' title='bbox 2093 3939 2270 3989; x_wconf 87' lang='lat' dir='ltr'><strong>elucet</strong></span> <span class='ocrx_word' id='word_1_402' title='bbox 2313 3940 2501 3989; x_wconf 88' lang='lat' dir='ltr'><strong>summi</strong></span> <span class='ocrx_word' id='word_1_403' title='bbox 2549 3938 2796 3989; x_wconf 82' lang='lat' dir='ltr'><strong>Pastoris</strong></span> <span class='ocrx_word' id='word_1_404' title='bbox 2845 3946 3018 3989; x_wconf 84' lang='lat' dir='ltr'><strong>aucto-</strong></span> 
     </span>
     <span class='ocr_line' id='line_1_37' title="bbox 544 4026 3018 4095; baseline -0.002 -15"><span class='ocrx_word' id='word_1_405' title='bbox 544 4032 673 4081; x_wconf 89' lang='lat' dir='ltr'><strong>ritas</strong></span> <span class='ocrx_word' id='word_1_406' title='bbox 710 4036 765 4080; x_wconf 88' lang='lat' dir='ltr'><strong>et</strong></span> <span class='ocrx_word' id='word_1_407' title='bbox 798 4028 1095 4095; x_wconf 86' lang='lat' dir='ltr'><strong>apostolica</strong></span> <span class='ocrx_word' id='word_1_408' title='bbox 1131 4027 1384 4093; x_wconf 81' lang='lat' dir='ltr'><strong>dig-nitas,</strong></span> <span class='ocrx_word' id='word_1_409' title='bbox 1432 4027 1694 4077; x_wconf 82' lang='lat' dir='ltr'><strong>fervidum</strong></span> <span class='ocrx_word' id='word_1_410' title='bbox 1730 4027 1873 4077; x_wconf 88' lang='lat' dir='ltr'><strong>Petri</strong></span> <span class='ocrx_word' id='word_1_411' title='bbox 1919 4027 2190 4091; x_wconf 83' lang='lat' dir='ltr'><strong>ingenium</strong></span> <span class='ocrx_word' id='word_1_412' title='bbox 2232 4042 2351 4077; x_wconf 87' lang='lat' dir='ltr'><strong>cum</strong></span> <span class='ocrx_word' id='word_1_413' title='bbox 2399 4026 2592 4075; x_wconf 80' lang='lat' dir='ltr'><strong>eximia</strong></span> <span class='ocrx_word' id='word_1_414' title='bbox 2634 4027 2866 4075; x_wconf 83' lang='lat' dir='ltr'><strong>caritate</strong></span> <span class='ocrx_word' id='word_1_415' title='bbox 2901 4042 3018 4076; x_wconf 88' lang='lat' dir='ltr'><strong>con·</strong></span> 
     </span>
     <span class='ocr_line' id='line_1_38' title="bbox 544 4110 3016 4181; baseline -0.003 -14"><span class='ocrx_word' id='word_1_416' title='bbox 544 4120 796 4168; x_wconf 89' lang='lat' dir='ltr'><strong>iunctum.</strong></span> <span class='ocrx_word' id='word_1_417' title='bbox 836 4115 915 4165; x_wconf 82' lang='lat' dir='ltr'><strong>cf.</strong></span> <span class='ocrx_word' id='word_1_418' title='bbox 935 4116 987 4165; x_wconf 90' lang='lat' dir='ltr'><strong>J.</strong></span> <span class='ocrx_word' id='word_1_419' title='bbox 1012 4116 1151 4176; x_wconf 90' lang='lat' dir='ltr'><strong>Pott,</strong></span> <span class='ocrx_word' id='word_1_420' title='bbox 1181 4130 1261 4181; x_wconf 88' lang='lat' dir='ltr'><strong>ep.</strong></span> <span class='ocrx_word' id='word_1_421' title='bbox 1290 4114 1441 4165; x_wconf 87' lang='lat' dir='ltr'><strong>Cath.</strong></span> <span class='ocrx_word' id='word_1_422' title='bbox 1468 4130 1542 4181; x_wconf 81' lang='lat' dir='ltr'><strong>gr.</strong></span> <span class='ocrx_word' id='word_1_423' title='bbox 1572 4130 1719 4180; x_wconf 90' lang='lat' dir='ltr'><strong>perp.</strong></span> <span class='ocrx_word' id='word_1_424' title='bbox 1747 4128 1870 4163; x_wconf 87' lang='lat' dir='ltr'><strong>ann.</strong></span> <span class='ocrx_word' id='word_1_425' title='bbox 1895 4114 2086 4163; x_wconf 87' lang='lat' dir='ltr'><strong>illustr.</strong></span> <span class='ocrx_word' id='word_1_426' title='bbox 2114 4112 2257 4163; x_wconf 84' lang='lat' dir='ltr'><strong>Gott.</strong></span> <span class='ocrx_word' id='word_1_427' title='bbox 2288 4114 2435 4163; x_wconf 84' lang='lat'><strong>1810.</strong></span> <span class='ocrx_word' id='word_1_428' title='bbox 2461 4111 2533 4173; x_wconf 85' lang='lat'><strong>11,</strong></span> <span class='ocrx_word' id='word_1_429' title='bbox 2557 4113 2675 4161; x_wconf 84' lang='grc'><strong>163.</strong></span> <span class='ocrx_word' id='word_1_430' title='bbox 2715 4110 2782 4161; x_wconf 82' lang='lat' dir='ltr'><strong>G.</strong></span> <span class='ocrx_word' id='word_1_431' title='bbox 2803 4111 3016 4178; x_wconf 80' lang='lat' dir='ltr'><strong>Steiger,</strong></span> 
     </span>
     <span class='ocr_line' id='line_1_39' title="bbox 546 4198 3014 4267; baseline -0.003 -12"><span class='ocrx_word' id='word_1_432' title='bbox 546 4206 639 4255; x_wconf 88' lang='lat' dir='ltr'><strong>der</strong></span> <span class='ocrx_word' id='word_1_433' title='bbox 661 4204 704 4254; x_wconf 94' lang='lat'><strong>1.</strong></span> <span class='ocrx_word' id='word_1_434' title='bbox 731 4204 817 4253; x_wconf 91' lang='lat' dir='ltr'><strong>Br.</strong></span> <span class='ocrx_word' id='word_1_435' title='bbox 843 4203 988 4253; x_wconf 86' lang='lat' dir='ltr'><strong>Petri</strong></span> <span class='ocrx_word' id='word_1_436' title='bbox 1020 4220 1088 4252; x_wconf 90' lang='lat' dir='ltr'><strong>m.</strong></span> <span class='ocrx_word' id='word_1_437' title='bbox 1124 4203 1243 4253; x_wconf 85' lang='lat' dir='ltr'><strong>Ber.</strong></span> <span class='ocrx_word' id='word_1_438' title='bbox 1272 4202 1322 4253; x_wconf 84' lang='lat' dir='ltr'><strong>d.</strong></span> <span class='ocrx_word' id='word_1_439' title='bbox 1349 4218 1397 4267; x_wconf 83' lang='lat' dir='ltr'><strong>g.</strong></span> <span class='ocrx_word' id='word_1_440' title='bbox 1426 4202 1476 4252; x_wconf 92' lang='lat' dir='ltr'><strong>b.</strong></span> <span class='ocrx_word' id='word_1_441' title='bbox 1528 4201 1723 4251; x_wconf 88' lang='lat' dir='ltr'><strong>Lehrb.</strong></span> <span class='ocrx_word' id='word_1_442' title='bbox 1751 4215 1900 4267; x_wconf 79' lang='lat' dir='ltr'><strong>ausg.</strong></span> <span class='ocrx_word' id='word_1_443' title='bbox 1925 4201 2067 4251; x_wconf 90' lang='lat' dir='ltr'><strong>Berl.</strong></span> <span class='ocrx_word' id='word_1_444' title='bbox 2097 4202 2247 4251; x_wconf 78' lang='lat'><strong>1832.</strong></span> <span class='ocrx_word' id='word_1_445' title='bbox 2285 4217 2336 4265; x_wconf 92' lang='lat' dir='ltr'><strong>p.</strong></span> <span class='ocrx_word' id='word_1_446' title='bbox 2362 4202 2409 4250; x_wconf 84' lang='lat'><strong>5.</strong></span> <span class='ocrx_word' id='word_1_447' title='bbox 2439 4216 2481 4249; x_wconf 91' lang='lat' dir='ltr'><strong>s.</strong></span> <span class='ocrx_word' id='word_1_448' title='bbox 2529 4198 2843 4263; x_wconf 80' lang='lat' dir='ltr'><strong>Mayerhoff,</strong></span> <span class='ocrx_word' id='word_1_449' title='bbox 2881 4198 3014 4249; x_wconf 84' lang='lat' dir='ltr'><strong>Einl.</strong></span> 
     </span>
     <span class='ocr_line' id='line_1_40' title="bbox 544 4286 3016 4355; baseline -0.004 -13"><span class='ocrx_word' id='word_1_450' title='bbox 544 4295 599 4342; x_wconf 92' lang='lat' dir='ltr'><strong>in</strong></span> <span class='ocrx_word' id='word_1_451' title='bbox 637 4292 686 4342; x_wconf 86' lang='lat' dir='ltr'><strong>d.</strong></span> <span class='ocrx_word' id='word_1_452' title='bbox 712 4292 853 4342; x_wconf 88' lang='lat' dir='ltr'><strong>Petr.</strong></span> <span class='ocrx_word' id='word_1_453' title='bbox 882 4288 1027 4341; x_wconf 84' lang='lat' dir='ltr'><strong>Schr.</strong></span> <span class='ocrx_word' id='word_1_454' title='bbox 1055 4290 1248 4341; x_wconf 87' lang='lat' dir='ltr'><strong>Hamb.</strong></span> <span class='ocrx_word' id='word_1_455' title='bbox 1280 4290 1428 4339; x_wconf 91' lang='grc'><strong>1833.</strong></span> <span class='ocrx_word' id='word_1_456' title='bbox 1465 4306 1521 4355; x_wconf 90' lang='lat' dir='ltr'><strong>p.</strong></span> <span class='ocrx_word' id='word_1_457' title='bbox 1548 4290 1664 4339; x_wconf 80' lang='lat'><strong>132.</strong></span> <span class='ocrx_word' id='word_1_458' title='bbox 1691 4304 1733 4339; x_wconf 87' lang='lat' dir='ltr'><strong>s.</strong></span> <span class='ocrx_word' id='word_1_459' title='bbox 1783 4288 2100 4339; x_wconf 82' lang='lat' dir='ltr'><strong>Anthentiae</strong></span> <span class='ocrx_word' id='word_1_460' title='bbox 2135 4286 2292 4337; x_wconf 86' lang='lat' dir='ltr'><strong>huius</strong></span> <span class='ocrx_word' id='word_1_461' title='bbox 2325 4287 2584 4353; x_wconf 86' lang='lat' dir='ltr'><strong>epistolae</strong></span> <span class='ocrx_word' id='word_1_462' title='bbox 2609 4302 2766 4337; x_wconf 88' lang='lat' dir='ltr'><strong>nemo</strong></span> <span class='ocrx_word' id='word_1_463' title='bbox 2793 4286 3016 4352; x_wconf 81' lang='lat' dir='ltr'><strong>prudens</strong></span> 
     </span>
     <span class='ocr_line' id='line_1_41' title="bbox 546 4371 3016 4445; baseline -0.003 -16"><span class='ocrx_word' id='word_1_464' title='bbox 546 4380 614 4429; x_wconf 86' lang='lat' dir='ltr'><strong>ab</strong></span> <span class='ocrx_word' id='word_1_465' title='bbox 666 4380 1031 4445; x_wconf 85' lang='lat' dir='ltr'><strong>antiquissimo</strong></span> <span class='ocrx_word' id='word_1_466' title='bbox 1080 4377 1203 4427; x_wconf 90' lang='lat' dir='ltr'><strong>inde</strong></span> <span class='ocrx_word' id='word_1_467' title='bbox 1254 4382 1489 4442; x_wconf 86' lang='lat' dir='ltr'><strong>tempore</strong></span> <span class='ocrx_word' id='word_1_468' title='bbox 1538 4376 1605 4427; x_wconf 88' lang='lat' dir='ltr'><strong>ad</strong></span> <span class='ocrx_word' id='word_1_469' title='bbox 1655 4392 1752 4427; x_wconf 89' lang='lat' dir='ltr'><strong>nos</strong></span> <span class='ocrx_word' id='word_1_470' title='bbox 1801 4390 1974 4442; x_wconf 87' lang='lat' dir='ltr'><strong>usque</strong></span> <span class='ocrx_word' id='word_1_471' title='bbox 2022 4375 2278 4440; x_wconf 83' lang='lat' dir='ltr'><strong>derogare</strong></span> <span class='ocrx_word' id='word_1_472' title='bbox 2327 4388 2490 4424; x_wconf 80' lang='lat' dir='ltr'><strong>ausus</strong></span> <span class='ocrx_word' id='word_1_473' title='bbox 2538 4380 2636 4423; x_wconf 87' lang='lat' dir='ltr'><strong>est.</strong></span> <span class='ocrx_word' id='word_1_474' title='bbox 2713 4372 2902 4435; x_wconf 80' lang='lat' dir='ltr'><strong>„Quod</strong></span> <span class='ocrx_word' id='word_1_475' title='bbox 2951 4371 3016 4421; x_wconf 83' lang='lat' dir='ltr'><strong>ad</strong></span> 
     </span>
     <span class='ocr_line' id='line_1_42' title="bbox 548 4460 3013 4545; baseline -0.004 -30"><span class='ocrx_word' id='word_1_476' title='bbox 548 4466 761 4515; x_wconf 86' lang='lat' dir='ltr'><strong>Petrum</strong></span> <span class='ocrx_word' id='word_1_477' title='bbox 808 4466 1020 4527; x_wconf 85' lang='lat' dir='ltr'><strong>attinet,</strong></span> <span class='ocrx_word' id='word_1_478' title='bbox 1068 4465 1251 4515; x_wconf 87' lang='lat' dir='ltr'><strong>scribit</strong></span> <span class='ocrx_word' id='word_1_479' title='bbox 1294 4464 1592 4527; x_wconf 85' lang='lat' dir='ltr'><strong>Eusebius,</strong></span> <span class='ocrx_word' id='word_1_480' title='bbox 1634 4464 1705 4513; x_wconf 83' lang='lat' dir='ltr'><strong>H.</strong></span> <span class='ocrx_word' id='word_1_481' title='bbox 1745 4464 1807 4545; x_wconf 39' lang='grc' dir='ltr'><strong>Εἴ</strong></span> <span class='ocrx_word' id='word_1_482' title='bbox 1843 4462 1942 4524; x_wconf 88' lang='grc' dir='ltr'><strong>ΠΙ,</strong></span> <span class='ocrx_word' id='word_1_483' title='bbox 1981 4464 2029 4511; x_wconf 90' lang='grc'><strong>3.</strong></span> <span class='ocrx_word' id='word_1_484' title='bbox 2080 4478 2130 4527; x_wconf 90' lang='lat' dir='ltr'><strong>p.</strong></span> <span class='ocrx_word' id='word_1_485' title='bbox 2171 4463 2270 4523; x_wconf 69' lang='lat'><strong>71„</strong></span> <span class='ocrx_word' id='word_1_486' title='bbox 2317 4476 2426 4511; x_wconf 87' lang='lat' dir='ltr'><strong>una</strong></span> <span class='ocrx_word' id='word_1_487' title='bbox 2463 4461 2576 4511; x_wconf 85' lang='lat' dir='ltr'><strong>eius</strong></span> <span class='ocrx_word' id='word_1_488' title='bbox 2623 4460 2852 4526; x_wconf 86' lang='lat' dir='ltr'><strong>epistola</strong></span> <span class='ocrx_word' id='word_1_489' title='bbox 2885 4473 3013 4525; x_wconf 80' lang='lat' dir='ltr'><strong>qnae</strong></span> 
     </span>
     <span class='ocr_line' id='line_1_43' title="bbox 549 4546 2918 4619; baseline -0.001 -19"><span class='ocrx_word' id='word_1_490' title='bbox 549 4553 693 4619; x_wconf 88' lang='lat' dir='ltr'><strong>prior</strong></span> <span class='ocrx_word' id='word_1_491' title='bbox 728 4551 831 4600; x_wconf 88' lang='lat' dir='ltr'><strong>dici</strong></span> <span class='ocrx_word' id='word_1_492' title='bbox 868 4550 1005 4601; x_wconf 87' lang='lat' dir='ltr'><strong>solet</strong></span> <span class='ocrx_word' id='word_1_493' title='bbox 1040 4556 1307 4618; x_wconf 83' lang='lat' dir='ltr'><strong>tamquam</strong></span> <span class='ocrx_word' id='word_1_494' title='bbox 1345 4565 1600 4615; x_wconf 80' lang='lat' dir='ltr'><strong>germana</strong></span> <span class='ocrx_word' id='word_1_495' title='bbox 1636 4550 1704 4601; x_wconf 85' lang='lat' dir='ltr'><strong>ab</strong></span> <span class='ocrx_word' id='word_1_496' title='bbox 1744 4550 1987 4600; x_wconf 88' lang='lat' dir='ltr'><strong>omnibus</strong></span> <span class='ocrx_word' id='word_1_497' title='bbox 2025 4550 2138 4599; x_wconf 83' lang='lat' dir='ltr'><strong>sine</strong></span> <span class='ocrx_word' id='word_1_498' title='bbox 2175 4548 2541 4598; x_wconf 81' lang='lat' dir='ltr'><strong>controversia</strong></span> <span class='ocrx_word' id='word_1_499' title='bbox 2575 4546 2918 4600; x_wconf 84' lang='lat' dir='ltr'><strong>admittitur.“</strong></span> 
     </span>
    </p>
   </div>
   <div class='ocr_carea' id='block_1_4' title="bbox 3225 12 3253 4261">
    <p class='ocr_par' dir='ltr' id='par_1_4' title="bbox 3225 12 3253 4261">
     <span class='ocr_line' id='line_1_44' title="bbox 3225 12 3253 4261; baseline 0 0"><span class='ocrx_word' id='word_1_500' title='bbox 3225 12 3253 4261; x_wconf 95' lang='lat' dir='ltr'><strong> </strong></span> 
     </span>
    </p>
   </div>
  </div>
 </body>
</html>
