3267 5259
1119 514 1404 556 chronotaxis
1431 514 1697 564 Apo-telios.
2582 501 2655 551 CI

183 714 272 752 nos
313 696 370 751 in
413 694 566 751 hanc
611 694 952 769 opinionem
997 695 1084 751 ire
1127 697 1354 752 vetant.
1423 696 1494 750 A.
1546 693 1675 757 Quo
1726 700 1985 770 tempore
2028 694 2248 771 scripta
2292 700 2379 753 est
2424 699 2651 772 Apoca-

183 800 360 877 lypsis,
401 798 695 857 Ecclesiae
739 819 846 875 per
891 800 1096 857 Asiam
1141 798 1486 856 inferiorem
1529 799 1650 857 iam
1696 800 1925 875 pridem
1962 800 2240 859 fundatae
2273 804 2331 857 et
2360 801 2652 859 stabilitae

182 924 284 960 esse
309 909 739 979 supponuntur.
801 904 1264 977 Redarguuntur
1309 903 1468 961 enim
1497 903 1774 977 gravium
1820 905 2157 975 criminum,
2206 924 2354 981 quae
2381 906 2651 979 largioris

185 1009 434 1084 temporis
477 1012 680 1067 tractu
723 1008 1012 1066 Ecclesiae
1048 1008 1182 1066 illas
1227 1009 1622 1083 obrepserant.
1686 1010 1754 1066 Β.
1802 1008 2019 1085 Liquet
2059 1009 2161 1065 illo
2207 1014 2485 1085 tempore,
2536 1029 2652 1087 quo

183 1114 322 1169 edita
345 1117 428 1171 est
457 1112 868 1190 Apocalypsis,
901 1114 1165 1171 haereses
1204 1113 1324 1189 iam
1355 1112 1504 1170 altas
1534 1113 1717 1187 egisse
1748 1113 1971 1171 radices
1998 1111 2036 1171 ¹.
2098 1112 2160 1170 C.
2195 1113 2269 1171 In
2302 1114 2547 1189 epistola
2577 1116 2651 1173 ad

185 1218 486 1293 episcopum
537 1213 1088 1292 Pergamenorum²
1147 1221 1474 1295 Antypas
1537 1219 1827 1295 quidam
1885 1222 2167 1295 martyr
2218 1219 2522 1289 laudatur3
2586 1220 2653 1276 in

185 1324 397 1399 reliquis
427 1342 568 1381 vero
597 1322 796 1381 literis
825 1323 1115 1381 alluditur
1144 1324 1218 1381 ad
1248 1322 1618 1394 afflictiones,
1668 1342 1813 1401 quas
1846 1322 2199 1399 confessores⁸
2223 1323 2442 1381 Christi
2480 1342 2654 1381 causa

185 1430 286 1485 iam
327 1427 732 1485 sustinuerant
751 1424 795 1486 ⁸.
865 1429 1111 1485 Accedit
1153 1428 1228 1485 D.
1261 1427 1633 1486 manifestam
1678 1428 1855 1485 huius
1885 1428 2018 1486 aevi
2062 1433 2262 1486 notam
2306 1448 2409 1486 nos
2438 1428 2651 1485 habere

186 1531 238 1588 in
271 1531 336 1589 iis
363 1534 550 1605 rebus,
602 1552 751 1611 quas
795 1534 866 1589 de
897 1552 1052 1592 nova
1085 1532 1410 1591 Jerusalem
1456 1533 1753 1608 praedicat
1785 1532 2098 1608 Apostolus
2118 1530 2161 1604 ⁴,
2213 1537 2272 1591 et
2301 1533 2370 1590 de
2400 1533 2653 1592 fovenda

187 1638 332 1693 unice
358 1640 626 1711 gentium
657 1637 921 1696 Ecclesia
935 1636 979 1695 ⁵.

366 1740 642 1818 Superest
691 1744 766 1799 ad
813 1748 1143 1801 extremum
1189 1761 1322 1800 cum
1366 1742 1719 1802 adversariis
1762 1742 2193 1799 controversia:
2240 1742 2383 1819 quid
2413 1742 2651 1799 nomine

185 1841 530 1915 ,Βειβιιλῶνοςι
555 1844 582 1884 ⁸
627 1846 874 1907 veniat?
932 1846 1214 1904 Constans
1243 1851 1304 1904 et
1332 1852 1614 1923 perpetua
1644 1846 1927 1904 Veterum
1956 1845 2221 1903 Traditio
2260 1846 2427 1903 docet
2454 1846 2649 1921 adpel-

185 1949 375 2008 latione
399 1951 510 2009 ista
539 1952 598 2009 d.
618 1953 868 2010 Petrum
891 1956 1066 2029 atque
1095 1972 1141 2009 s.
1157 1952 1192 2009 J
1196 1970 1470 2009 oannem:
1505 1952 1710 2009 urbem
1732 1951 1977 2008 Romam
2005 1952 2275 2027 τραπικῶς
2304 1950 2648 2023 designasse.

185 2054 224 2109 Ε
265 2056 490 2111 testium
536 2056 710 2132 copia
761 2056 964 2114 damus
1010 2055 1464 2114 Tertullianumt
1520 2056 1807 2132 ,Babylon
1856 2056 2008 2131 apud
2053 2054 2089 2111 J
2092 2074 2341 2111 oannem
2386 2059 2651 2113 nostrum

185 2156 446 2217 Romanae
477 2160 647 2217 urbis
677 2160 871 2234 figura
899 2166 1002 2229 est,
1050 2160 1294 2235 proinde
1339 2179 1583 2235 magnae
1614 2164 1675 2217 et
1704 2178 1884 2233 regno
1913 2161 2195 2235 superbae
2224 2164 2284 2216 et
2316 2164 2649 2217 sanctorum

183 2260 274 2317 Dei
315 2263 725 2322 debellatricis‘
748 2262 789 2322 ⁷.
871 2264 1272 2322 Adiiceremus
1324 2263 1468 2322 alios
1521 2265 1699 2321 etiam
1720 2261 1744 2301 ⁸
1795 2263 1993 2339 plures
2046 2263 2357 2335 Veterum,
2417 2264 2533 2320 nisi
2581 2264 2645 2319 in

183 2366 274 2423 hac
313 2370 710 2427 controversia
747 2388 838 2426 res
867 2369 954 2426 ita
984 2374 1317 2445 comparata
1351 2368 1520 2440 foret,
1573 2374 1643 2426 ut
1680 2369 1968 2443 ingenuus
2016 2368 2198 2425 lector
2228 2370 2417 2443 primo
2448 2367 2651 2425 statim

185 2470 382 2528 intuitu
426 2478 738 2546 agnoscat:
792 2473 1038 2531 Romam
1081 2476 1453 2548 septicollem,
1509 2493 1659 2552 quae
1709 2474 2022 2549 imperium
2068 2472 2335 2530 exercuit
2378 2474 2441 2529 in
2488 2491 2651 2546 reges

183 2586 364 2633 terrae.
418 2577 556 2653 Ipsa
601 2597 747 2636 vero
776 2578 1173 2636 denominatio
1206 2574 1518 2654 ,Βοιβτ.)λιιί>νι
1563 2578 1811 2635 fundata
1840 2583 1928 2635 est
1956 2579 2021 2634 in
2050 2577 2310 2653 perfecta
2339 2576 2647 2654 utriusque

183 2677 335 2735 Urbis
371 2682 442 2737 ad
477 2681 826 2757 Euphratis,
877 2686 937 2739 et
987 2681 1235 2753 Tiberis,
1289 2682 1447 2758 ripas
1477 2684 1623 2741 sitae
1654 2681 2075 2753 similitudine;
2121 2683 2275 2760 quod
2316 2682 2389 2739 ad
2420 2684 2647 2755 magni-

185 2784 436 2857 tudinem,
481 2786 840 2863 superbiam,
885 2788 1362 2859 dominationem,
1409 2788 1636 2859 luxum,
1682 2786 2145 2862 persecutionem
2192 2787 2541 2844 Sanctorum
2590 2790 2650 2843 et

181 2904 327 2944 omne
354 2909 530 2963 genus
561 2892 1071 2950 abominationum
1115 2894 1349 2950 attinet.
1417 2892 1673 2949 Proinde
1717 2891 1984 2969 Babylon
2016 2891 2259 2949 Petrina
2298 2895 2358 2948 et
2384 2890 2422 2947 J
2424 2908 2647 2947 oannea

182 2997 254 3048 est
308 2992 551 3063 ,Roma
611 2994 965 3072 pagana‘;
1029 3001 1090 3053 et
1147 2998 1446 3054 excidium
1505 2996 1827 3074 Babylonis
1894 2996 2360 3074 apocalypticum
2420 2995 2642 3052 dudum

183 3095 458 3171 impletum
487 3106 577 3157 est
597 3098 640 3157 9.

361 3272 529 3346 Atque
595 3276 732 3329 haec
795 3282 952 3330 sunto
971 3318 988 3346 ,
1057 3292 1197 3346 quae
1257 3293 1353 3328 nos
1419 3269 1714 3350 προλέγειν
1767 3276 2060 3345 oportebat.
2135 3273 2456 3330 Notationee
2506 3274 2645 3329 istae

183 3374 433 3445 aliquibus
465 3378 715 3447 fortasse
743 3380 910 3433 nimis
953 3380 1170 3449 multae,
1219 3379 1456 3449 adeoque
1490 3378 1683 3450 plures
1727 3378 1888 3433 solito
1922 3380 2261 3434 videbuntur.
2326 3376 2566 3431 Ceterum
2596 3376 2649 3430 si

189 3478 324 3533 nulla
364 3488 436 3535 eet
478 3482 538 3536 in
585 3484 728 3554 ipsis
771 3500 1112 3554 supervacua
1156 3501 1288 3553 ,non
1329 3489 1455 3537 eunt
1500 3482 1665 3555 longa
1711 3484 1905 3554 quibus
1948 3482 2090 3538 nihil
2133 3489 2210 3537 eet
2253 3482 2397 3554 quod
2440 3482 2647 3537 demere.

181 3584 388 3653 possis‘;
442 3594 500 3641 ut
554 3588 687 3643 scite
745 3588 952 3645 monuit
1004 3588 1116 3643 iam
1165 3588 1386 3659 pridem
1431 3594 1616 3658 poeta.
1698 3586 1765 3642 Si
1808 3587 2127 3643 coniecturis
2179 3586 2459 3660 indulqere
2500 3604 2648 3640 mens

367 3826 402 3890 ¹)
425 3826 562 3877 coll.
588 3830 638 3890 2,
669 3830 751 3878 15.
776 3830 860 3878 20.
899 3830 947 3891 3,
974 3829 1023 3878 9.
1085 3827 1125 3893 ²)
1153 3830 1202 3888 2,
1231 3829 1313 3877 13.
1374 3826 1414 3893 ⁸)
1442 3829 1490 3889 2,
1516 3828 1564 3877 2.
1591 3829 1640 3877 9.
1670 3828 1749 3876 13.
1811 3827 1852 3891 ⁴)
1880 3828 1929 3889 3,
1958 3829 2037 3878 12.
2075 3829 2159 3887 21,
2186 3829 2235 3877 2.
2266 3829 2347 3877 10.
2410 3826 2451 3891 ⁵)
2482 3829 2562 3889 19,
2592 3828 2643 3877 7.

189 3906 434 3963 Sententia
470 3914 846 3979 quorumdam:
887 3914 1026 3964 haud
1067 3916 1285 3980 exiguas
1321 3913 1726 3979 Apocalypseos
1762 3919 1965 3979 partes,
2010 3918 2279 3979 totamque
2317 3913 2644 3978 singularum

188 3998 450 4049 sectionum
487 4002 929 4066 compositionem
965 4000 1305 4051 artificiosam
1341 4006 1464 4066 post
1501 4001 1705 4050 obitum
1741 4000 1951 4049 demum
1994 3998 2042 4051 d.
2080 4000 2305 4050 Joannis
2346 4012 2642 4062 emanasse,

197 4088 489 4147 argumentis
541 4087 749 4138 idoneis
794 4086 1012 4137 defendi
1056 4101 1165 4137 non
1199 4088 1387 4153 potuit.
1448 4084 1530 4136 Ad
1581 4086 1839 4151 epocham
1877 4085 2315 4151 Apocalypticam
2352 4100 2401 4134 ν.
2439 4084 2642 4150 Frank,

189 4183 291 4218 nov.
323 4178 444 4237 syst.
482 4173 677 4224 Chron.
703 4174 738 4224 f.
764 4191 815 4240 p.
844 4176 960 4224 1⁷5.
988 4188 1030 4225 s.
1092 4174 1134 4239 ὅ)
1172 4174 1215 4224 1.
1241 4174 1382 4223 Petr.
1409 4174 1457 4235 ὅ,
1488 4175 1568 4223 13.
1611 4179 1667 4222 et
1698 4174 1865 4239 Apoc.
1896 4175 1977 4235 17,
2005 4174 2053 4222 5.
2090 4174 2217 4221 item
2255 4174 2336 4234 18,
2373 4174 2421 4220 2.
2450 4174 2531 4221 10.
2558 4174 2643 4221 21.

191 4253 225 4318 ’·)
250 4257 368 4307 Adv.
389 4259 645 4311 Marcion.
671 4260 766 4321 111,
797 4264 878 4311 13.
903 4260 1003 4322 111,
1030 4262 1147 4311 126.
1209 4260 1249 4326 8)
1275 4261 1340 4310 Ε.
1366 4276 1417 4325 g.
1443 4276 1486 4311 s.
1510 4260 1805 4321 Irenaeum,
1845 4260 1964 4310 adV.
1988 4259 2132 4309 haer.
2158 4258 2222 4307 V.
2249 4260 2332 4320 26,
2361 4261 2409 4309 1.
2444 4274 2497 4324 p.
2526 4260 2643 4309 787.

191 4354 225 4388 s.
246 4342 594 4411 Hippolytum,
629 4348 887 4399 demonst.
927 4348 994 4397 de
1031 4346 1240 4399 Christo
1279 4353 1331 4397 et
1365 4346 1688 4397 Antichristo
1726 4363 1778 4396 n.
1812 4348 1895 4397 36.
1932 4363 1975 4397 s.
2012 4346 2155 4411 apud
2190 4345 2253 4394 A.
2286 4343 2641 4409 Gallandium,

191 4426 494 4483 Bibliotheca
519 4434 772 4485 Veterum
799 4435 1016 4484 Pati-um
1041 4439 1095 4485 et
1119 4434 1448 4500 Scriptorum
1471 4434 1622 4484 Eccl.
1648 4434 1783 4483 Ven.
1812 4434 1961 4483 1766.
1999 4432 2068 4494 ΙΙ,
2094 4433 2213 4482 429.
2239 4446 2281 4481 s.
2331 4430 2641 4495 Eusebium,

192 4513 307 4565 Hist.
329 4518 469 4569 Eccl.
495 4520 566 4583 ΙΙ,
595 4524 674 4572 15.
713 4539 764 4587 p.
791 4523 877 4571 53.
925 4537 969 4571 s.
995 4521 1393 4586 Hieronymum,
1433 4521 1502 4571 ad
1538 4520 1719 4585 Algae.
1748 4536 1829 4585 ep.
1861 4521 1977 4581 121,
2008 4522 2089 4570 11.
2126 4535 2177 4584 p.
2212 4518 2330 4569 838.
2368 4520 2535 4584 praef.
2574 4518 2643 4567 ad

193 4598 221 4647 1.
241 4600 440 4668 Didymi
475 4606 540 4656 de
579 4605 712 4673 Spir.
746 4622 788 4657 s.
827 4608 896 4670 H,
933 4608 1050 4657 105.
1099 4623 1141 4657 s.
1179 4608 1507 4658 Victorinum
1544 4607 1677 4670 Pet„
1716 4622 1901 4656 comm.
1939 4606 1995 4655 in
2032 4604 2423 4672 Apocalypsim,
2461 4605 2641 4672 Magn.

195 4685 314 4738 Bibl.
333 4690 444 4742 Vet.
469 4694 608 4744 Patr.
636 4693 748 4746 Col.
778 4696 930 4745 1618.
967 4694 1067 4756 111,
1096 4696 1210 4745 141.
1271 4695 1314 4759 ⁹)
1351 4695 1415 4745 V.
1441 4712 1492 4761 p.
1521 4696 1638 4744 516.
1664 4696 1783 4744 517.
