3267 5259
1136 406 1229 449 lta·
1252 404 1379 447 rann
1406 404 1549 449 mins
1576 405 1774 449 tertium.
2572 392 2702 459 375

234 583 288 631 Η.
312 581 621 643 Hammond‚
648 582 777 633 diss.
804 582 869 632 de
894 582 1237 644 AntichristO,
1274 581 1527 647 mysterio
1564 582 1862 646 iniquitatis
1899 581 2176 647 diotrophe
2213 582 2314 632 sub
2353 587 2524 647 apost.
2563 597 2700 633 aevo

232 686 277 719 se
310 667 450 735 prod.
486 668 661 717 Lond.
692 670 841 719 1621.
870 685 915 719 c.
941 672 989 719 2.
1016 684 1057 719 s.
1108 669 1159 719 J.
1186 670 1247 717 A.
1272 668 1536 729 Noesselt‚
1573 684 1756 734 opusc.
1793 668 1864 718 ad
1895 669 2113 734 interpr.
2149 666 2200 716 S.
2239 667 2289 716 S.
2319 668 2448 717 fasc.
2475 668 2546 718 11.
2572 668 2698 718 Hal.

234 757 361 805 1787.
386 772 436 805 ιι.
464 758 545 805 11.
584 772 637 820 p.
666 757 783 805 259.
811 771 851 805 s.
900 756 955 805 J.
980 755 1030 805 J.
1057 756 1119 805 Τ.
1147 755 1327 821 Seger,
1354 754 1479 805 diss.
1508 754 1595 820 ph.
1624 754 1696 804 ad
1718 754 1754 804 l.
1781 754 1852 805 11.
1880 755 2065 805 Thess.
2093 756 2141 815 2,
2171 756 2355 804 1-12,
2395 754 2518 805 Hal.
2548 756 2699 804 1791.

232 842 371 905 Stoi-r,
408 856 591 907 opusc.
628 842 781 892 acad.
816 842 915 905 ΠΙ,
954 845 1071 893 323.
1109 858 1149 892 s.
1201 842 1361 903 Jahn,
1398 840 1454 891 iu
1486 841 1729 907 Bengelii
1767 841 1978 891 Archiv.
2013 841 2049 891 f.
2085 841 2184 891 Th.
2222 841 2372 892 1817.
2407 840 2476 889 11.
2504 844 2552 903 2,
2580 842 2698 891 376.

230 928 437 992 Nitzsch,
476 929 543 979 de
568 929 901 980 revelatione
939 930 1032 979 rel.
1060 935 1261 980 extem.
1288 929 1405 979 ead.
1432 928 1579 994 publ.
1614 928 1764 994 Lips.
1793 930 1943 979 1808.
1979 944 2031 993 p.
2057 930 2176 977 323.
2203 944 2244 977 s.
2295 926 2354 977 C.
2381 927 2480 977 Th.
2505 928 2696 992 Beyer‚

230 1018 283 1065 de
316 1014 559 1085 κατέχοντι
581 1012 673 1080 τὴν
696 1011 915 1084 ἀνομίαν.
964 1016 1037 1067 11.
1062 1017 1249 1067 Thess.
1276 1018 1326 1077 2,
1354 1017 1401 1065 7.
1438 1031 1625 1066 comm.
1653 1016 1798 1081 Lips.
1830 1017 1980 1066 1824.
2031 1014 2090 1065 C.
2117 1016 2178 1065 F.
2205 1013 2456 1077 Boehme,
2495 1013 2562 1064 de
2599 1032 2700 1081 spe

230 1108 380 1169 apost.
402 1118 559 1154 mess.
585 1103 712 1153 Hal.
736 1105 887 1153 1826.
914 1120 965 1169 p.
987 1106 1069 1154 28.
1090 1120 1132 1155 s.
1170 1104 1243 1153 H.
1267 1103 1329 1152 A.
1356 1100 1557 1164 Schott,
1584 1118 1667 1167 ep.
1693 1102 1752 1151 P.
1779 1102 1847 1151 ad
1873 1101 2061 1153 Thess.
2087 1101 2234 1168 Lips.
2265 1102 2415 1151 1834.
2443 1118 2494 1167 p.
2515 1104 2634 1151 207.
2655 1118 2697 1151 s.

230 1191 285 1239 H.
309 1189 618 1250 mommsen,
660 1189 789 1239 bibl.
825 1189 1023 1240 Comm.
1058 1189 1317 1254 Konigsb.
1346 1191 1496 1240 1844.
1532 1189 1624 1250 IV,
1662 1190 1778 1239 504.
1817 1205 1858 1239 s.
1910 1188 2126 1251 Grimm‚
2161 1189 2217 1238 in
2253 1188 2432 1238 annal.
2470 1186 2618 1238 Stud.
2645 1204 2696 1238 u.

230 1278 341 1326 Krit.
377 1278 525 1327 1850.
574 1292 626 1341 p.
664 1277 779 1325 790.
815 1292 856 1326 ει.
908 1276 1271 1335 Hoelemaun‚
1311 1276 1395 1324 die
1435 1274 1681 1341 Stellung
1716 1275 1871 1325 Pauli
1908 1293 1954 1325 z.
1990 1274 2040 1325 d.
2079 1274 2166 1325 Fr.
2205 1292 2294 1324 um
2331 1274 2416 1325 die
2455 1275 2571 1325 Zeit
2606 1275 2699 1325 der

229 1363 577 1413 Wiederkunft
604 1363 729 1412 Chr.
766 1364 949 1429 Leipz.
980 1366 1129 1415 1858.
1168 1380 1219 1429 p.
1248 1366 1329 1413 14.
1356 1380 1398 1413 s.
1449 1362 1506 1412 C.
1535 1363 1831 1427 Passaglia‚
1870 1362 1936 1412 de
1961 1362 2109 1412 Eccl.
2138 1362 2197 1411 C.
2226 1378 2411 1411 comm.
2437 1362 2480 1425 1,
2509 1364 2625 1412 140.
2656 1379 2696 1413 s.

229 1451 272 1499 J.
295 1450 347 1499 C.
370 1450 657 1511 Hofmann,
692 1450 779 1500 die
803 1449 853 1499 h.
882 1449 1029 1500 Schr.
1058 1450 1109 1500 d.
1134 1450 1199 1499 N.
1224 1450 1286 1499 T.
1322 1448 1505 1499 Nor-dl.
1537 1452 1687 1499 1862.
1723 1450 1766 1511 Ι,
1803 1452 1920 1499 312.
1956 1465 1998 1499 s.
2047 1448 2236 1511 Simu,
2271 1448 2564 1515 Theologie
2603 1448 2696 1498 des

230 1536 273 1585 h.
294 1536 485 1588 Paulus
522 1553 575 1602 p.
614 1538 735 1587 231.
772 1552 815 1587 s.
862 1537 915 1586 J.
956 1536 1171 1597 Grimm,
1211 1536 1307 1587 der
1341 1533 1562 1603 κατέχων
1600 1554 1652 1603 p.
1690 1538 1738 1586 4.
1777 1553 1820 1587 s.

377 1800 435 1877 ξ.
484 1799 587 1863 76.
652 1794 717 1859 S.
770 1794 1002 1859 Pauli
1064 1795 1218 1859 iter
1276 1795 1592 1858 tertium
1656 1794 2089 1877 missionis3
2150 1792 2524 1880 Apostoli

1150 1918 1379 1991 gesta
1436 1906 1761 1992 Ephesi.

406 2104 669 2162 Peractis
702 2123 950 2181 quorum
975 2106 1168 2178 gratia
1187 2104 1224 2159 J
1226 2102 1577 2180 erosolymas
1602 2104 1894 2178 profectus
1918 2108 2061 2172 erat,
2090 2102 2468 2161 Antiochiam
2491 2105 2691 2171 venit3

222 2208 503 2285 elapsoque
564 2208 767 2287 aliquo
831 2206 1108 2284 temporis
1168 2208 1357 2283 spatio
1404 2227 1605 2265 rursus
1653 2206 1920 2266 Galatiae
1965 2212 2025 2264 et
2069 2207 2364 2284 Phrygiae
2409 2206 2695 2265 Ecclesiae

222 2312 574 2387 peragravit3
632 2312 850 2389 passim
895 2311 1207 2388 discipulos
1252 2312 1316 2368 in
1362 2311 1475 2368 fide
1520 2311 1848 2389 confirmat,
1896 2332 1963 2370 ac
2007 2313 2243 2369 tandem
2297 2311 2686 2369 obambulatis

220 2417 511 2491 superioris
546 2418 721 2474 Asiae
752 2418 1075 2492 provinciis
1106 2415 1455 2492 promissum
1484 2416 1756 2491 Ephesiis
1787 2416 2044 2474 reditum
2075 2416 2301 2491 implet.
2373 2415 2687 2491 Apostolus

220 2539 337 2577 cum
364 2520 578 2596 Ephesi
626 2520 753 2595 agit
770 2566 783 2591 ,
834 2541 973 2579 mox
1024 2521 1327 2579 duodecim
1380 2527 1585 2577 nactus
1636 2520 1980 2595 discipulos3
2029 2540 2122 2577 eos
2177 2520 2567 2594 interrogavit
2617 2540 2694 2577 an

224 2624 377 2681 fidem
406 2625 669 2701 amplexi
701 2626 895 2701 ipsum
926 2645 1153 2704 quoque
1186 2624 1476 2699 Spiritum
1505 2623 1786 2683 Sanctum
1819 2623 2210 2701 accepissent?
2253 2624 2479 2687 Quibus
2518 2644 2692 2703 quae-

220 2730 361 2786 renti
388 2731 888 2806 respondentibus,
923 2751 983 2787 se
1012 2750 1089 2787 an
1120 2729 1199 2787 sit
1228 2728 1485 2804 Spiritus
1516 2728 1574 2786 S.
1611 2748 1727 2786 non
1760 2729 2071 2801 audivisse,
2109 2728 2294 2786 dixit:
2341 2728 2521 2787 Cuius
2551 2708 2689 2803 ergo

222 2833 550 2908 baptismate
581 2834 771 2892 abluti
804 2833 981 2892 estis?
1024 2834 1099 2891 ad
1128 2853 1301 2911 quem
1331 2832 1636 2908 discipuli:
1683 2832 1720 2891 J
1723 2835 1948 2893 oanniS.
2004 2833 2169 2891 Tunc
2197 2833 2417 2891 Paulus
2447 2835 2516 2891 de
2547 2835 2690 2909 bap-

226 2935 381 2994 tismo
431 2938 653 2995 Christi
682 2938 1003 2996 instructos
1033 2937 1490 3012 regenerationis
1519 2938 1679 2995 unda
1710 2937 1914 2995 tinxit.
1963 2938 2282 3016 Postquam
2311 2956 2451 2996 vero
2497 2937 2694 3013 bapti-

220 3042 325 3097 zati
354 3047 503 3111 sunt,
538 3044 822 3118 imposuit
844 3041 919 3099 iis
943 3060 1177 3109 manus3
1210 3046 1269 3099 et
1297 3040 1602 3099 confestim
1626 3040 1884 3117 Spiritus
1905 3062 1951 3099 s.
1975 3041 2232 3101 venitin
2257 3062 2369 3111 eos,
2403 3047 2464 3100 et
2491 3041 2690 3120 loque-

220 3144 419 3203 bantur
447 3145 669 3220 linguis
698 3150 877 3225 atque
907 3146 1339 3222 prophetabant
1366 3140 1406 3201 ¹.
1455 3122 1740 3203 consueto
1773 3146 1982 3203 deinde
2013 3146 2244 3203 muneri
2279 3146 2554 3204 insistens
2588 3166 2692 3221 per

220 3249 489 3328 trimestre
518 3250 759 3308 Judaeis
790 3248 1169 3307 instituendis
1201 3269 1435 3326 operam
1478 3250 1656 3307 dedit.
1705 3249 2113 3308 Nihilominus
2156 3252 2512 3308 Judaeorum
2558 3270 2690 3325 per-

221 3352 483 3411 tinacium
516 3355 897 3431 blasphemiis
926 3354 1197 3425 offensus,
1233 3354 1499 3413 abductis
1528 3373 1723 3413 secum
1745 3354 2048 3431 discipulis
2077 3361 2306 3413 coetum
2339 3354 2684 3431 segregavit,

218 3463 267 3512 et
292 3458 355 3515 in
384 3459 683 3516 cuiusdam
713 3453 873 3515 viri²
901 3458 1115 3529 schola,
1150 3458 1411 3536 quotidie
1442 3478 1548 3534 per
1576 3458 1904 3529 biennium,
1941 3458 2012 3515 de
2035 3457 2362 3533 Evangelio
2391 3458 2686 3516 disseruit.

218 3560 428 3635 Insigni
474 3581 614 3620 sane
662 3562 929 3637 profectu
959 3561 1258 3619 doctrinae
1303 3562 1564 3620 coelestis
1612 3562 1834 3621 fontem
1885 3580 1990 3635 per
2039 3561 2378 3620 universam
2430 3562 2690 3620 vicinam

218 3666 493 3738 regionem
524 3664 1061 3723 innumerabilibus
1101 3666 1249 3724 rivis
1294 3666 1543 3724 deduxit
1560 3664 1604 3723 ³.
1652 3666 1870 3741 Ephesi
1911 3684 2132 3723 moram
2172 3667 2443 3724 trahente
2480 3667 2682 3736 Paulo,

215 3767 573 3827 Judaizantes
632 3790 795 3827 more
848 3790 951 3827 suo
1012 3770 1077 3827 in
1135 3770 1410 3828 Ecclesiis
1468 3790 1617 3849 quae
1678 3769 1988 3845 galaticam
2049 3775 2266 3827 terram
2327 3772 2687 3846 occupabant

215 3872 557 3932 Christianos
598 3894 878 3950 perversa
916 3894 1021 3933 sua
1060 3875 1324 3933 doctrina
1352 3876 1674 3951 depravare
1713 3876 1979 3944 student3
2027 3879 2219 3933 aestus
2268 3874 2686 3950 persecutionis

214 3986 451 4049 movent,
512 3980 733 4056 quibus
790 3979 1087 4053 fugiendis
1146 3975 1372 4037 Galatis
1390 3978 1413 4017 ⁴
1485 3999 1824 4055 persuasum
1891 3979 2011 4037 fuit
2084 3980 2368 4054 deponere
2435 3997 2684 4053 praepu-

408 4158 444 4223 ¹)
479 4159 597 4209 Act.
641 4162 723 4219 19,
765 4160 916 4209 1-5.
979 4159 1021 4220 2)
1059 4159 1159 4209 Cui
1196 4174 1390 4209 nomen
1426 4160 1729 4225 Tyrannus.
1791 4158 1834 4223 ³)
1873 4159 1992 4209 Non
2029 4158 2236 4207 interim
2273 4159 2430 4222 sig-na
2454 4162 2684 4220 cessant,

214 4243 325 4306 ipsis
362 4245 589 4295 sudariis
629 4246 825 4310 quibus
862 4252 1027 4311 eaput
1060 4245 1302 4311 Apostoli
1340 4246 1742 4306 obnubebatur,
1782 4260 1847 4294 ac
1883 4244 2241 4305 semicinctiis,
2281 4244 2473 4309 quibus
2511 4250 2688 4294 vestes

216 4329 666 4397 adstringebantur
702 4332 756 4379 vi
792 4331 1019 4382 sanandi
1059 4336 1306 4397 aegrotos
1343 4332 1529 4382 indita.
1574 4334 1614 4396 ⁴)
1641 4332 1822 4382 Tertio
1861 4345 1906 4380 a.
1937 4330 1997 4380 C.
2025 4346 2075 4379 n.
2107 4329 2324 4381 saeculo
2353 4334 2458 4379 tres
2473 4330 2686 4397 populi,

216 4432 415 4479 quornm
469 4418 577 4469 duo
635 4417 853 4483 quidem
888 4418 959 4467 ad
994 4420 1265 4470 nationem
1306 4418 1583 4469 Gallorum
1620 4417 1989 4483 pertinebant,
2052 4417 2236 4467 tertius
2291 4415 2362 4466 ad
2419 4416 2602 4467 Celtas
2658 4433 2686 4466 e

214 4502 423 4555 Thracia
458 4534 527 4543 —
568 4505 663 4555 ubi
702 4504 1032 4570 aliquamdiu
1068 4505 1249 4555 sedem
1287 4505 1445 4554 fixam
1481 4504 1718 4554 habuere
1757 4531 1822 4540 —
1859 4504 1916 4553 in
1953 4503 2135 4553 Asiam
2171 4504 2427 4553 minorem
2465 4506 2686 4554 traiece-

216 4596 331 4651 runt,
366 4608 399 4641 a
430 4591 731 4643 Nicomede
767 4606 891 4657 rege
927 4591 1211 4657 Bythiniae
1248 4592 1475 4641 invitati.
1511 4590 1650 4641 Cum
1687 4591 1924 4656 aliquam
1963 4590 2248 4655 Bythiniae
2285 4595 2488 4656 partem
2529 4607 2686 4641 occu-
