3267 5259
886 461 1081 503 Tertium
1106 461 1272 503 Pascha
1301 473 1328 502 a.
1354 461 1517 503 Christi
1546 461 1830 513 baptismate.
2512 452 2592 516 77

147 727 195 804 ξ.
240 726 328 790 18.
394 720 866 807 Encaenia,
930 724 1279 788 diversa
1334 721 1646 787 salutis
1703 723 2052 804 monita,
2107 725 2350 808 signa
2401 725 2594 788 item

148 837 357 898 varia.
437 835 796 900 Lazarus
854 835 1045 919 obit,
1104 857 1333 921 quem
1394 836 1753 900 Christus
1808 836 1903 900 ad
1957 837 2198 900 vitam
2251 845 2594 900 revocat.

630 947 862 1033 Apud
906 947 1303 1012 Simonem
1347 948 1751 1034 leprosum
1799 957 2096 1013 coenat.

324 1137 513 1201 Jesus
546 1137 793 1202 docens
826 1149 891 1201 et
922 1161 1158 1202 sanans
1189 1139 1385 1203 urbes
1419 1148 1483 1202 et
1520 1161 1728 1223 pagos
1762 1138 2096 1203 Galilaeae
2143 1136 2536 1224 peragrabat
2556 1141 2596 1222 ¹,

150 1249 241 1312 ubi
299 1249 538 1314 tamdiu
606 1260 899 1314 moratus
945 1261 1063 1333 est,
1132 1250 1343 1315 donec
1411 1251 1776 1314 immineret
1843 1250 2082 1314 festum
2147 1249 2597 1315 Dedicationis

150 1360 369 1447 Templi
388 1364 431 1425 2.
492 1361 686 1426 Tunc
730 1365 925 1448 igitur
966 1363 1157 1427 lentis
1200 1363 1537 1428 itineribus
1599 1387 1741 1429 sese
1781 1361 2270 1448 Hierosolymas
2311 1362 2597 1428 contulit.

150 1473 235 1536 Ea
283 1476 344 1538 in
398 1476 597 1539 itione
662 1474 748 1538 ad
806 1475 1033 1540 Jesum
1096 1499 1243 1540 cum
1305 1478 1375 1539 in
1436 1476 1718 1563 quadam
1780 1498 2115 1561 synagoga
2182 1475 2284 1539 die
2346 1474 2599 1539 sabbati

153 1585 401 1669 doceret,
438 1587 731 1651 adducta
762 1599 859 1652 est
894 1588 1126 1652 mulier
1158 1588 1523 1653 octodecim
1554 1590 1682 1652 iam
1721 1589 1906 1651 annis
1944 1589 2232 1670 incurva,
2266 1591 2370 1652 cui
2401 1611 2600 1652 manu

150 1700 413 1782 imposita
455 1699 902 1764 valetudinem
947 1703 1241 1764 restituit.
1314 1701 1510 1765 Hanc
1553 1725 1694 1765 rem
1738 1700 2009 1765 moleste
2056 1701 2274 1765 ferens
2318 1701 2600 1786 archisy-

152 1833 409 1896 nagogus
455 1815 711 1878 monuit
753 1812 977 1877 turbas
1023 1812 1161 1877 aliis
1210 1812 1439 1878 diebus
1482 1816 1728 1898 venire,
1765 1824 1840 1878 ut
1881 1824 2276 1878 curarentur.
2337 1814 2601 1878 Interea

152 1923 438 1988 Praefecti
483 1927 1013 2012 superstitionem
1045 1949 1123 1992 eo
1154 1925 1392 1990 refellit
1420 1927 1763 2010 Dominus,
1798 1926 1972 2013 quod
2015 1925 2286 1991 sabbato
2328 1928 2600 2012 quisque

155 2035 398 2102 solveret
451 2036 697 2102 bovem
754 2061 941 2102 suum
1004 2061 1043 2102 a
1104 2062 1423 2125 praesepe
1443 2043 1485 2103 ³.
1570 2040 1738 2104 Inde
1785 2038 2275 2125 amplitudinem
2334 2039 2602 2123 Regni

156 2147 569 2214 Coelorum
630 2153 723 2215 ita
784 2151 1105 2236 declarat,
1152 2163 1225 2216 ut
1267 2153 1682 2217 nihilominus
1743 2161 2086 2238 angustam
2141 2175 2282 2217 esse
2344 2162 2602 2238 portam

158 2259 327 2346 dicat,
372 2285 500 2348 qua
544 2263 631 2328 ad
694 2263 851 2328 illud
905 2267 1350 2351 perveniatur,
1399 2277 1465 2330 et
1516 2275 1776 2352 praeter
1837 2267 2209 2351 opinionem
2269 2264 2600 2330 hominum

156 2373 354 2440 multos
398 2375 745 2462 expulsum
789 2379 884 2460 iri,
919 2380 1027 2463 (1111
1070 2377 1463 2444 videbantur
1506 2379 1890 2444 admittendi
1909 2381 1954 2443 4.
2016 2379 2192 2444 Usus
2246 2379 2600 2443 monitione

156 2485 253 2549 sibi
286 2487 449 2552 facta
486 2489 569 2554 (16
608 2489 897 2555 Herodis
944 2490 1207 2575 insidiis,
1252 2492 1571 2578 praedicit
1608 2515 1678 2556 se
1727 2493 2013 2556 occisum
2058 2493 2132 2555 iri
2178 2491 2603 2577 Jerosolymis

158 2609 211 2662 et
259 2623 436 2687 super
492 2603 674 2668 urbis
720 2627 768 2668 s·
803 2605 1059 2669 excidio
1118 2605 1511 2670 lamentatur
1533 2607 1575 2669 ⁵.
1650 2604 1798 2671 Alio
1861 2604 2134 2670 sabbato
2198 2628 2347 2669 cum
2406 2605 2600 2670 Jesus

156 2715 402 2780 venisset
456 2717 542 2782 ad
604 2717 873 2782 domum
932 2717 1265 2782 Pharisaei
1326 2718 1759 2803 manducare,
1823 2718 2252 2806 hydropicum
2313 2721 2598 2803 sanavit3

157 2847 286 2890 mox
344 2841 515 2895 mota
585 2832 1033 2896 controversia
1106 2832 1539 2916 demonstrat,
1616 2855 1820 2918 opera
1887 2833 2169 2897 caritatis
2233 2832 2599 2898 nullatenus

158 2935 373 3005 sabbati
427 2942 744 3029 religione
804 2943 1133 3029 prohiberi
1153 2947 1194 3007 ⁶.
1270 2944 1532 3008 Deinde
1592 2945 1806 3031 pergit
1868 2945 1953 3010 ad
2015 2947 2407 3030 curandum,
2470 2969 2596 3033 quo

157 3048 445 3119 Pharisaei
480 3058 775 3122 maximo
813 3056 1202 3122 laborabant
1245 3056 1563 3141 morbum,
1606 3059 1804 3122 animi
1844 3081 1934 3122 sc.
1975 3058 2413 3143 ambitionem,
2459 3082 2600 3124 eru-

160 3161 311 3230 diens
366 3189 473 3233 eos
532 3171 841 3234 invitatos
901 3171 968 3234 in
1028 3171 1341 3235 conviviis
1403 3170 1646 3235 debere
1705 3173 2127 3236 novissimum
2195 3171 2316 3237 sibi
2382 3171 2598 3236 locum

160 3274 426 3364 deligere,
454 3282 841 3346 invitantem
886 3305 1042 3346 vero
1078 3305 1241 3368 quos
1271 3285 1485 3369 potius
1530 3306 1770 3369 vocare
1817 3283 2073 3348 debeat.
2133 3284 2340 3348 Facta
2383 3293 2602 3348 autem

160 3409 189 3449 a
227 3391 487 3474 quodam
533 3417 805 3458 mensae
852 3393 1375 3458 accumbentium
1420 3397 1769 3481 mentione,
1811 3396 1892 3460 de
1931 3396 2388 3461 manducando
2429 3418 2600 3482 pane

158 3501 212 3563 in
249 3525 432 3588 regno
477 3507 648 3590 Dei;
698 3505 989 3571 Christus
1024 3506 1201 3571 illata
1237 3507 1551 3593 parabola
1589 3509 1672 3573 de
1721 3531 2020 3590 coena,
2064 3508 2150 3572 ad
2189 3530 2382 3594 quam
2420 3507 2603 3572 multi

160 3627 469 3703 vocantur,
519 3642 789 3684 causam
848 3620 1073 3702 affert,
1121 3643 1237 3684 cur
1279 3620 1323 3685 J
1327 3621 1517 3684 udaei
1564 3643 1754 3686 secus
1817 3644 2012 3708 quam
2056 3620 2372 3707 putabant
2417 3631 2604 3686 extra

161 3748 461 3795 numerum
518 3732 865 3797 beatorum
917 3732 1114 3796 futuri
1174 3733 1320 3796 sint.
1394 3732 1545 3797 Alia
1597 3733 1702 3798 die
1755 3733 1959 3798 turbis
2011 3734 2298 3820 undique
2361 3736 2602 3799 circum

162 3849 365 3925 septus,
401 3846 653 3908 monuit
696 3843 992 3910 volentes
1038 3867 1109 3908 se
1156 3846 1359 3930 sequi,
1401 3868 1533 3910 non
1573 3853 1826 3908 tantum
1865 3868 2092 3931 gressu
2139 3848 2447 3932 corporiS,
2487 3846 2604 3910 sed

162 3955 361 4016 mentis
390 3956 629 4020 affectu
662 3955 1087 4020 deferendam
1117 3967 1265 4042 post
1296 3979 1364 4021 se
1399 3980 1680 4021 crucem.
1747 3957 1953 4022 Porro
2001 3957 2328 4044 publicani
2373 3981 2604 4044 pecca-

163 4069 427 4151 toresque
470 4067 733 4155 flagitiis
776 4070 1054 4134 infames
1130 4069 1365 4134 Christi
1431 4071 1928 4134 mansuetudine
1983 4070 2196 4136 allecti
2244 4080 2474 4155 sponte
2521 4069 2606 4134 ad

166 4194 287 4238 eum
327 4188 633 4266 tanquam
678 4184 931 4267 aegroti
975 4183 1061 4247 ad
1103 4183 1431 4247 medicum
1478 4181 1906 4266 accedebant,
1947 4192 2020 4248 ut
2063 4183 2363 4247 audirent
2405 4181 2604 4246 illum.

346 4363 381 4428 ²)
417 4365 533 4426 Quo
566 4371 689 4416 acta
720 4365 1055 4432 Scenopegia
1077 4367 1190 4418 ivit.
1244 4366 1287 4431 ²)
1312 4368 1377 4418 V.
1402 4367 1463 4417 R.
1488 4369 1557 4417 D.
1582 4368 1650 4418 V.
1673 4367 1736 4416 T.
1761 4384 1813 4433 p.
1839 4367 1960 4416 557.
2009 4365 2395 4416 celebrabatur
2425 4381 2606 4417 mense

165 4443 409 4499 Decembri
444 4451 493 4502 d.
519 4453 741 4503 20—27.
814 4455 855 4519 ³)
893 4455 1027 4504 Luc.
1071 4455 1161 4517 13,
1209 4457 1289 4504 10.
1326 4471 1368 4505 s.
1440 4453 1482 4518 ⁴)
1522 4454 1644 4515 Qua
1683 4468 1742 4503 re
1795 4451 2118 4518 significavit
2171 4453 2600 4518 reprobationem

170 4529 459 4586 Judaeorum
496 4545 549 4588 et
582 4541 917 4589 vocationem
955 4541 1207 4606 gentium.
1256 4541 1391 4590 Luc.
1418 4543 1501 4602 13,
1527 4543 1611 4590 22.
1639 4553 1680 4589 s.
1743 4541 1784 4604 ι5)
1822 4541 1956 4590 Luc.
1992 4543 2072 4603 13,
2101 4543 2184 4591 31.
2209 4557 2252 4590 s.
2298 4541 2487 4592 Matth.
2523 4544 2606 4606 23,

172 4617 297 4668 31...
352 4623 389 4686 ⁵)
426 4625 745 4690 Luc.14,1.
