3267 5259
1114 438 1399 493 sangonam
1426 453 1463 483 ι.
1482 438 1680 483 amuis.
2515 426 2642 494 291

198 612 507 679 dicendum
551 612 637 679 de
682 612 857 679 bove
903 635 1023 679 seu
1066 614 1299 698 vitul0,
1356 614 1534 700 quod
1577 615 1806 680 Lucae
1861 616 2116 700 insigne
2169 614 2436 699 dicitur3
2495 615 2649 701 quia

196 726 542 792 sacrfficium
588 726 1001 793 sacerdotale
1048 726 1411 793 Zachariae
1457 727 1821 813 Evangelio
1869 750 1986 793 suo
2032 730 2366 814 praemisit
2391 732 2428 793 ¹.

485 1026 545 1103 ξ.
591 1025 699 1091 54.
764 1019 829 1087 S.
869 1021 1216 1087 Joannes
1260 1022 1782 1108 Evangelista
1826 1021 2301 1109 Theologus.

368 1217 659 1281 Quartum
709 1224 769 1276 et
813 1219 961 1276 serie
1014 1222 1291 1295 temporis
1340 1226 1697 1296 postremum
1745 1202 2138 1293 Evangelium
2187 1219 2420 1294 scripsit
2470 1220 2642 1277 disci-

198 1321 339 1396 pulus
365 1342 531 1400 quem
560 1324 846 1398 diligebat
880 1324 1064 1395 Jesus,
1092 1328 1236 1381 ,tota
1266 1324 1526 1401 emphasi
1566 1324 1820 1381 nominis
1864 1324 1918 1395 ,J
1932 1325 2216 1381 oannes‘
2256 1322 2580 1398 adpellatus
2599 1320 2642 1381 ².

198 1424 469 1485 Betsaida³
512 1428 813 1486 Galilaeae
863 1429 1145 1486 oriundus
1197 1434 1423 1504 patrem
1476 1429 1688 1486 habuit
1735 1428 2096 1485 Zebedacum
2117 1424 2161 1497 4,
2211 1432 2460 1485 matrem
2507 1448 2645 1486 vero

198 1530 459 1602 Salomen;
490 1554 563 1591 ex
597 1533 843 1592 illarum
872 1533 1189 1591 mulierum
1220 1553 1481 1605 numero,
1517 1553 1665 1612 quae
1695 1534 1730 1589 J
1733 1553 1894 1590 esum
1923 1534 1993 1589 de
2025 1552 2182 1589 more
2211 1533 2647 1591 comitabantur

205 1634 257 1691 in
294 1636 571 1709 Galilaea,
620 1639 677 1695 ei
721 1639 1166 1711 ministrabant,
1223 1640 1555 1715 mortuique
1602 1657 1810 1713 corpus
1853 1642 2138 1695 uncturae
2183 1642 2444 1695 aromata
2491 1657 2644 1695 eme-

200 1740 315 1799 bant
330 1740 367 1798 5.
434 1742 577 1801 Fuit
622 1745 823 1821 itaque
865 1742 903 1799 J
905 1762 1118 1801 oannes
1163 1762 1473 1818 germanus
1516 1743 1702 1801 frater
1744 1742 1946 1799 Jacobi
1991 1744 2074 1799 M.
2108 1744 2182 1799 A.
2217 1741 2441 1799 Genere
2485 1743 2645 1800 vitae

197 1844 481 1931 zebedaeus
536 1865 671 1905 cum
716 1826 861 1904 filiis
919 1847 1173 1922 piscator
1228 1853 1373 1919 erat,
1438 1867 1555 1906 non
1616 1847 1856 1905 infimae
1917 1853 2112 1904 tamen
2161 1848 2365 1917 sortis3
2429 1848 2644 1923 quippe

199 1948 337 2005 bonis
361 1950 621 2008 fortunae
653 1970 772 2009 non
804 1952 1117 2011 destitutus
1138 1950 1180 2011 ⁶.
1242 1953 1383 2010 Plus
1419 1958 1615 2011 tamen
1645 1954 1863 2029 pietate
1899 1971 2078 2029 quam
2108 1970 2318 2025 genere
2349 1956 2408 2008 et
2437 1951 2645 2026 opibus

199 2062 425 2127 parentes
456 2056 644 2114 nostri
689 2057 1101 2131 Evangelistae
1140 2057 1435 2116 valebant.
1497 2058 1751 2115 Matrem
1783 2056 2053 2113 Salomen
2094 2060 2397 2129 cognatam
2438 2055 2641 2113 Salva-

198 2158 327 2228 toris,
363 2161 609 2238 adeoque
640 2161 767 2219 eius
798 2160 1187 2219 contribulem
1216 2166 1489 2233 statuere,
1532 2161 1801 2219 veritatis
1831 2161 2017 2235 specie
2047 2160 2204 2217 haud
2236 2159 2578 2217 destituitur
2599 2156 2640 2216 ⁷.

198 2262 275 2317 An
310 2270 363 2321 et
398 2284 690 2343 quousque
734 2266 925 2323 literis
965 2267 1184 2324 tinctus
1228 2267 1294 2323 in
1338 2267 1531 2342 prima
1570 2285 1678 2323 sua
1721 2264 1976 2341 pueritia
2020 2265 2202 2321 fuerit
2240 2264 2294 2321 d.
2326 2264 2362 2321 J
2365 2284 2577 2323 oannes
2600 2263 2640 2335 ⁸,

196 2386 289 2423 non
323 2370 617 2428 admodum
660 2370 867 2447 liquet.
930 2370 1223 2428 Coelibem
1262 2375 1322 2428 ct
1366 2370 1626 2444 coniugii
1666 2370 1929 2427 nescium
1969 2368 2305 2443 gravissimi
2347 2369 2636 2426 Ecclesiae

194 2470 239 2528 S.
266 2472 324 2529 P.
364 2480 419 2530 et
458 2474 516 2531 S.
549 2474 619 2532 E.
662 2476 934 2533 unanimi
978 2475 1163 2533 ferme
1206 2474 1427 2533 calculo
1473 2474 1776 2531 affirmant
1794 2471 1836 2531 9.
1899 2464 2104 2530 Nihil‘
2119 2478 2444 2549 praeterea,
2487 2474 2642 2550 quod

194 2577 446 2650 privatam
487 2579 733 2637 Joannis
776 2580 1169 2637 conditionem
1214 2579 1461 2651 attinet,
1511 2598 1747 2637 monere
1793 2583 1910 2649 est3
1966 2580 2082 2635 nisi
2134 2578 2286 2656 quod
2332 2578 2642 2635 mitissimo

192 2678 347 2738 fuerit
380 2686 850 2759 temperamento.
912 2683 1071 2742 Talis
1118 2703 1251 2743 cum
1292 2704 1396 2759 per
1439 2689 1686 2742 naturae
1725 2688 1937 2740 sortem
1982 2687 2129 2740 esset
2171 2702 2216 2739 s.
2247 2682 2283 2739 J
2287 2702 2527 2753 oannes,
2577 2684 2642 2739 in

194 2783 335 2859 longe
360 2787 529 2845 altius
559 2788 865 2863 fastigium
896 2808 1001 2865 per
1030 2788 1271 2847 Domini
1303 2791 1394 2846 sui
1424 2789 1680 2863 gratiam
1717 2788 2030 2864 perductus
2071 2792 2156 2845 oet
2180 2784 2242 2844 ¹⁰.
2305 2790 2643 2864 Antequam

194 2886 391 2949 Christo
430 2912 549 2950 sese
594 2898 785 2951 totum
829 2894 1079 2951 dedisset
1121 2894 1189 2951 in
1232 2893 1623 2968 disciplinam,
1679 2892 1717 2949 J
1719 2894 1893 2950 oanni
1938 2890 2236 2967 Baptistae
2279 2891 2560 2962 adhaesit,
2607 2911 2644 2949 a

194 3162 265 3209 cr.,
284 3148 347 3199 ib.
370 3167 419 3216 p.
444 3152 561 3201 253.
616 3150 720 3201 His
757 3152 915 3215 quasi
950 3150 1355 3201 velitationibus
1390 3156 1766 3200 successerunt
1801 3150 2074 3215 graviores
2117 3150 2344 3214 impetus
2381 3151 2640 3201 recentio-

194 3248 285 3283 rum
306 3250 337 3285 a
358 3237 547 3301 quibus
582 3236 719 3287 nihil
756 3236 915 3301 plane
952 3236 1229 3302 reliquum,
1268 3237 1411 3303 quod
1438 3252 1545 3287 non
1577 3236 1900 3302 discerptum
1937 3241 1990 3286 et
2015 3237 2285 3287 concisum
2323 3238 2419 3301 sit;
2457 3242 2644 3287 contra

194 3336 301 3383 quos
344 3326 642 3391 nuperrime
695 3324 1014 3391 disputavit:
1069 3324 1121 3375 J.
1166 3324 1393 3386 Grimm,
1450 3323 1535 3373 die
1588 3323 1808 3373 Einheit
1858 3323 1954 3373 des
2008 3324 2188 3373 Lucas
2241 3324 2640 3389 Evangeliums.

192 3406 415 3473 Regemb.
454 3413 607 3461 1863.

368 3496 403 3563 ¹)
428 3499 490 3548 V.
518 3497 573 3549 S.
599 3499 883 3561 Ambrosii,
918 3498 1049 3563 prol.
1078 3513 1258 3563 expos.
1285 3498 1385 3547 Ev.
1422 3512 1525 3547 sec.
1560 3498 1696 3547 Luc.
1730 3513 1783 3546 n.
1809 3498 1858 3547 8.
1885 3514 1936 3562 p.
1966 3499 2117 3547 1266.
2191 3496 2232 3561 2)
2272 3496 2388 3558 Quo
2427 3498 2640 3548 nomine

194 3596 231 3628 v.
260 3600 301 3647 p.
335 3586 411 3635 19.
464 3601 627 3651 quam
676 3586 863 3635 merito
919 3590 973 3635 et
1018 3585 1373 3649 Evangelista
1418 3590 1601 3635 noster
1650 3584 1932 3634 decoratus
1975 3584 2161 3647 fuerit3
2215 3584 2302 3634 vel
2355 3585 2478 3649 ipsa
2529 3586 2641 3635 eius

192 3671 401 3731 specialis
424 3674 803 3738 praerogativa
828 3671 1127 3723 dilectionis
1157 3676 1243 3722 sat
1266 3687 1532 3738 superque
1563 3676 1806 3722 testatur.
1861 3672 1926 3720 In
1950 3670 2054 3721 hac
2077 3664 2370 3739 ὄνομαθεσία
2393 3676 2640 3735 parentes

192 3758 323 3807 tacito
356 3759 605 3810 instinctu
644 3773 685 3808 s.
713 3758 941 3824 Spiritus
978 3759 1101 3821 acti,
1138 3758 1297 3809 fidem
1332 3772 1485 3809 suam
1510 3758 1577 3808 de
1607 3758 1790 3808 futura
1825 3759 2000 3823 gratia
2035 3758 2304 3823 explicare
2341 3757 2638 3807 voluerunt.

194 3839 243 3889 V.
272 3843 329 3893 H.
365 3844 423 3895 V.
456 3847 519 3896 Τ.
556 3862 611 3911 p.
650 3848 769 3895 396.
838 3846 958 3896 Non
1006 3848 1123 3897 sine
1170 3846 1399 3895 Numine
1452 3845 1671 3907 accidit,
1729 3850 1783 3894 et
1830 3845 2056 3910 primum
2111 3850 2166 3894 et
2217 3845 2458 3894 ultimum
2506 3844 2639 3893 Jesu

194 3924 353 3981 Christi
390 3938 603 3995 testem,
652 3932 793 3983 idem
836 3948 1031 3983 nomen
1066 3934 1313 3997 gessisse.
1385 3932 1429 3997 ³)
1466 3932 1529 3983 V.
1556 3936 1666 3982 not.
1692 3936 1729 3981 t.
1755 3946 1796 3981 s.
1823 3946 2002 3997 geogr.
2027 3948 2079 3996 p.
2105 3931 2298 3981 XLIX.
2371 3931 2414 3994 ⁴)
2451 3930 2638 3979 Matth.

194 4016 319 4073 4221.
355 4022 431 4082 10,
456 4022 505 4069 2.
544 4022 639 4081 20,
672 4021 757 4071 20.
818 4017 859 4086 5)
896 4020 1063 4069 Marc.
1091 4022 1173 4082 15,
1199 4021 1283 4069 40.
1322 4020 1403 4082 16,
1434 4023 1479 4070 1.
1524 4018 1646 4069 coll.
1682 4019 1815 4068 Luc.
1844 4018 1890 4081 8,
1919 4021 1967 4068 3.
2029 4018 2071 4083 ⁶)
2112 4017 2244 4067 Coll.
2279 4017 2443 4066 Marc.
2482 4020 2528 4077 1,
2557 4017 2638 4065 19.

196 4098 299 4151 Luc.
319 4106 365 4165 8,
388 4108 433 4156 3.
480 4106 680 4156 Joann.
710 4108 791 4168 19,
818 4106 901 4155 27.
970 4106 1011 4169 ⁷)
1053 4105 1133 4155 cf.
1170 4106 1471 4155 Beniamini
1507 4105 1730 4166 Bossue,
1770 4108 2048 4155 comment.
2083 4103 2204 4155 hist.
2244 4103 2309 4152 de
2347 4102 2400 4152 S.
2427 4101 2639 4152 Salome

194 4194 329 4239 matre
362 4191 427 4241 til.
464 4192 678 4254 Zebed.,
715 4194 773 4241 in
807 4194 923 4241 Act.
963 4191 1143 4243 Sanct.
1182 4192 1399 4242 Octobr.
1435 4192 1609 4241 XXII.
1645 4192 1808 4241 Brux.
1847 4192 1995 4240 1858.
2029 4190 2124 4251 IX,
2159 4192 2276 4239 436.
2307 4206 2346 4239 s.
2421 4188 2462 4251 ⁸)
2504 4188 2639 4238 0011.

194 4272 285 4323 Act.
314 4278 358 4339 4,
392 4280 465 4329 13.
538 4280 583 4344 ⁹)
629 4280 717 4329 Ita
759 4279 1150 4341 Tertullianus,
1200 4278 1265 4329 de
1302 4281 1658 4344 monogamia.
1704 4294 1750 4327 c.
1796 4280 1876 4327 17.
1925 4277 2004 4338 II,
2045 4278 2160 4326 134.
2219 4275 2271 4324 S.
2309 4275 2638 4337 Ambrosius,

198 4360 362 4413 exhort.
397 4366 593 4432 virgin.
634 4383 679 4415 c.
715 4368 763 4415 ὅ.
803 4382 854 4415 n.
890 4367 973 4415 32.
1011 4383 1062 4432 p.
1100 4368 1219 4417 286.
1270 4364 1322 4415 S.
1356 4364 1712 4431 Epiphanius,
1747 4364 1891 4414 haer.
1924 4363 2118 4424 LVIII,
2154 4365 2202 4411 4.
2240 4379 2292 4427 p.
2327 4364 2448 4411 491.
2499 4361 2552 4410 S.
2586 4362 2638 4411 J.

196 4444 573 4516 chrysostomus,
614 4454 681 4503 de
718 4454 1021 4518 virginitate
1059 4469 1105 4502 c.
1139 4454 1222 4502 82.
1260 4452 1302 4513 Ι,
1338 4454 1458 4501 333.
1508 4451 1561 4501 S.
1586 4452 1964 4517 Hieronymus,
2002 4450 2200 4500 Comm.
2235 4450 2291 4497 in
2324 4450 2448 4499 lsai.
2478 4450 2562 4511 66,
2589 4451 2638 4498 4.

196 4536 355 4595 Ρ-658.
385 4540 499 4591 adv.
534 4542 811 4591 Jovinian.
844 4540 890 4601 1,
922 4540 1005 4589 26.
1042 4556 1095 4605 p.
1122 4541 1239 4589 279.
1296 4538 1349 4588 S.
1382 4538 1666 4601 Paulinus,
1705 4540 1858 4603 epist.
1894 4537 1958 4598 L,
2000 4539 2080 4587 17.
2114 4536 2196 4587 ed.
2225 4536 2406 4601 Migne
2441 4552 2494 4601 p.
2519 4538 2640 4585 416.

196 4618 393 4675 Joannes
428 4628 743 4689 Cassianus,
783 4626 906 4676 coll.
944 4627 1085 4688 XVI,
1128 4629 1207 4676 14.
1245 4642 1297 4692 p.
1336 4628 1455 4676 485.
1534 4626 1595 4691 ¹⁰)
1636 4624 1770 4674 Coll.
1807 4625 2004 4674 Joann.
2045 4626 2126 4687 16,
2167 4624 2246 4673 16.

2227 4712 2328 4759 19*
