3267 5259
586 412 712 477 238
1328 424 1523 465 nodeca
1550 423 1918 475 nimai-itionum
1945 423 2302 473 theolotlcsrum.

590 604 705 661 diei
732 606 1029 680 septimae,
1056 605 1097 660 i.
1124 623 1173 661 e.
1200 605 1447 663 sabbati.
1501 603 1770 680 Denique
1795 602 2021 673 ,Judaei
2053 603 2334 680 quoniam
2354 602 2678 660 Parasceve
2699 608 2840 672 erat,
2861 601 3044 658 Joann.

596 712 693 779 19,
732 712 833 765 31.
878 714 948 765 ut
978 726 1097 766 non
1140 713 1515 767 remanerent
1562 725 1804 782 corpora
1847 707 2106 777 sabbato,
2161 711 2290 765 erat
2333 708 2494 764 enim
2538 726 2786 780 maguus
2823 705 2920 763 ille
2945 706 3046 762 dies

585 813 829 883 sabbati,
876 817 1233 887 rogaverunt
1277 812 1539 870 Pilatum
1558 856 1571 883 ,
1622 817 1692 869 ut
1735 810 2150 884 frangerentur
2194 828 2394 867 eorum
2439 814 2653 867 crura.‘
2715 810 2772 865 N
2775 830 2846 866 on
2879 811 3042 884 potuit

588 936 726 990 ergo
756 916 879 973 dies
908 915 1011 973 ille
1041 915 1295 973 solennis
1324 915 1536 985 fuisse3
1584 915 1874 993 siquidem
1903 914 2222 973 Parasceve
2262 914 2519 973 Paschae
2559 920 2620 971 et
2657 914 2894 971 Sabbati
2921 913 3044 978 suin

590 1020 629 1077 i.
668 1040 716 1077 e.
774 1020 1139 1095 praeparatio
1186 1038 1303 1077 non
1348 1019 1535 1077 solum
1590 1020 1884 1089 ciborum,
1929 1019 2025 1075 sed
2067 1022 2128 1075 et
2165 1017 2418 1075 aliarum
2459 1037 2658 1075 rerum
2677 1062 2691 1087 ,
2740 1036 2884 1095 quae
2928 1036 3046 1091 opus

589 1128 759 1181 erant
816 1124 889 1181 ad
948 1124 1103 1180 diem
1155 1123 1387 1181 festum.
1463 1124 1675 1181 Joann.
1732 1128 1828 1193 13,
1881 1127 1982 1179 29.
2059 1122 2214 1180 Nam
2273 1141 2380 1179 sua
2437 1124 2780 1197 pracsertim
2839 1123 3046 1179 sabbato

588 1247 893 1304 parasceve
921 1224 1257 1304 παρασκευὴ,
1280 1226 1377 1285 vel
1400 1222 1804 1303 προσάββατον,
1835 1227 2058 1284 servari
2082 1226 2314 1295 debuit;
2346 1226 2505 1283 utin
2527 1244 2662 1283 eum
2683 1226 2840 1283 diem
2869 1226 3046 1301 epulae

593 1338 961 1407 pararentur,
1010 1336 1345 1409 ceteraeque
1376 1349 1582 1406 operae
1614 1330 1858 1388 serviles
1888 1330 2115 1400 fierent,
2149 1348 2293 1407 quas
2326 1329 2610 1405 praestari
2639 1331 2880 1387 sabbato
2915 1330 3048 1386 nefas

592 1440 755 1492 esset.
829 1436 1069 1492 Manere
1124 1435 1322 1512 itaque
1367 1432 1516 1491 illud
1562 1452 1788 1491 necesse
1833 1439 1951 1491 est:
2013 1435 2271 1509 primum
2322 1433 2478 1490 diem
2531 1452 2876 1509 azymorum
2929 1438 3046 1488 tunc-

592 1538 1018 1615 Hierosolymis
1048 1538 1203 1595 diem
1226 1539 1405 1595 fuisse
1434 1540 1817 1611 negotiosum,
1851 1538 1954 1615 qui
1986 1539 2302 1595 Parasceve
2325 1536 2580 1595 Paschae
2607 1537 2758 1607 fuit3
2791 1537 3046 1614 siquidem

590 1644 693 1720 qui
735 1641 774 1700 J
775 1642 973 1699 udaeis
1004 1645 1091 1699 est
1118 1642 1437 1699 Parasoeve
1480 1641 1862 1717 pervigilium
1879 1686 1894 1713 ,
1937 1641 2335 1717 praeparat-im
2381 1640 2680 1711 ‚Paschae‘
2720 1640 2844 1697 dies
2891 1640 3045 1696 festus

590 1747 846 1805 Paschae
876 1765 993 1803 esse
1028 1764 1145 1803 non
1176 1750 1383 1821 potest.

800 1850 915 1907 His
966 1851 1165 1928 itaque
1217 1850 1623 1925 praemonitis,
1679 1854 1750 1907 ut
1796 1849 1869 1906 ad
1917 1867 2154 1924 scopum
2199 1848 2468 1924 proprius
2513 1850 2632 1906 iam
2685 1848 3046 1917 colliueemus,

592 1955 987 2013 controversia
1037 1953 1175 2012 illa:
1228 1972 1375 2011 num
1427 1952 1696 2011 Christus
1747 1972 1785 2010 a
1830 1952 1944 2009 Dei
1997 1958 2302 2027 praecepto
2353 1953 2424 2009 de
2467 1958 2727 2028 tempore
2779 1953 3050 2011 Paschstis

596 2057 956 2117 discesserit?
1001 2058 1365 2115 eruditorum
1409 2057 1696 2115 iudicium
1740 2060 1916 2134 atque
1961 2055 2200 2129 ingenia
2243 2056 2490 2114 mirifice
2535 2058 2817 2115 exercuit.
2891 2056 3048 2113 Nobis

591 2164 887 2238 responsio
937 2162 1215 2235 negativa
1274 2161 1511 2219 videtur
1562 2159 1975 2230 verisimilior3
2034 2160 2354 2218 discessisse
2406 2165 2604 2218 autem
2649 2179 2685 2217 a
2727 2160 2764 2218 J
2765 2162 3051 2218 udaeorum

592 2268 717 2325 ritu
748 2265 1126 2337 affirmamus,
1160 2266 1265 2342 qui
1296 2284 1363 2323 eo
1386 2284 1539 2323 anno
1568 2264 1872 2322 Paschatis
1899 2264 2114 2321 festum
2145 2266 2210 2321 in
2241 2270 2576 2341 sequentem
2610 2263 2784 2322 XVI.
2817 2270 3048 2322 transtu·

593 2369 731 2428 lere.
779 2369 1246 2427 Translationem
1276 2368 1559 2427 feriarum
1590 2370 1940 2446 sequebatur
1969 2367 2284 2443 adpellatio
2314 2369 2566 2443 publica,
2593 2370 2750 2425 unde
2777 2389 2822 2426 s.
2837 2368 2872 2425 J
2873 2367 3050 2425 oannis

602 2478 677 2531 18
696 2520 711 2547 ,
763 2479 863 2531 28.
933 2479 1006 2531 19
1028 2517 1041 2543 ,
1097 2476 1197 2530 14.
1273 2472 1590 2531 locutiones
1665 2471 2140 2548 explicabuntur.
2230 2472 2405 2547 Apud
2465 2472 2812 2549 Synopticos
2881 2476 3049 2529 autem

596 2577 813 2635 Matth.
851 2582 949 2648 26,
995 2581 1093 2635 17.
1128 2574 1183 2652 ,ἡ
1220 2575 1407 2652 πρώτη
1448 2578 1556 2631 τῶν
1602 2572 1842 2648 ὀιζὺμιηνι
1910 2576 2091 2633 Marc.
2131 2580 2226 2647 14,
2267 2580 2365 2633 12.
2415 2573 2470 2651 ,ἡ
2515 2574 2704 2651 πρώτη
2743 2574 2922 2651 ἡμέρα
2961 2576 3050 2629 τῶν

597 2678 837 2753 ἀζύμων’
888 2680 1031 2738 Luc.
1080 2684 1189 2751 22,
1242 2685 1297 2737 ’7.
1362 2677 1417 2753 ,ἡ
1471 2678 1658 2755 ἡμέρα
1705 2678 1815 2735 τῶν
1868 2675 2107 2751 ἀζύμωνι
2159 2678 2524 2753 intelligitur
2573 2679 2696 2736 dies
2749 2684 2952 2757 quarta
2993 2696 3049 2734 ac

595 2785 817 2843 decima
846 2785 1051 2842 Nisan.
1114 2784 1311 2841 Huius
1342 2784 1461 2841 iam
1490 2782 1896 2841 translationis
1925 2788 2338 2855 argumentum
2373 2785 2666 2858 reperitur
2698 2784 2762 2840 in
2791 2781 3052 2840 celebrata

594 2890 667 2946 ab
717 2890 859 2964 ipsis
897 2887 1275 2947 Talmudistis
1293 2932 1307 2959 ,
1355 2892 1529 2965 atque
1580 2888 1906 2944 etiamnum
1951 2907 1988 2944 a
2027 2886 2063 2943 J
2067 2887 2264 2944 udaeis
2315 2892 2600 2961 usurpata
2649 2887 2852 2961 regula
2901 2888 3044 2957 ,11εῆ

594 3011 772 3070 quam
816 2994 920 3069 qui
968 3010 1105 3049 suae
1148 2996 1455 3049 senserunt
1499 2990 1882 3066 explicationi
1927 2991 2224 3048 adversari
2279 2991 2659 3066 interpretes:
2707 2990 3048 3055 neotericam,

594 3114 721 3153 sero
766 3100 1059 3171 receptam
1100 3102 1159 3153 et
1197 3094 1369 3169 longe
1412 3114 1449 3151 a
1492 3092 1714 3151 Christi
1760 3093 1987 3152 saeculo
2035 3095 2329 3153 invectam
2373 3094 2552 3151 fuisse
2565 3140 2579 3165 ,
2631 3095 2730 3151 sed
2767 3096 2890 3152 sine
2931 3100 3053 3151 teste

596 3200 969 3275 pertendunt.
1044 3198 1175 3262 Qua
1220 3199 1289 3256 de
1334 3218 1399 3255 re
1441 3198 1720 3255 audiatur
1772 3198 2068 3274 Rupertus
2119 3198 2318 3255 Abbas
2369 3199 2710 3255 monasterii
2763 3198 3052 3256 Tuitiensis

597 3303 639 3361 1.
686 3303 765 3361 X.
816 3306 882 3361 in
925 3304 1141 3361 Matth.
1197 3307 1293 3359 12.
1340 3303 1627 3359 scribens:
1694 3302 1882 3373 ,Inter
1940 3302 2286 3359 traditiones
2343 3301 2663 3377 plurimas,
2728 3322 2869 3380 quas
2913 3320 3052 3358 senes

595 3409 951 3466 «Iudaeorum
982 3411 1491 3483 superstatuerunt
1520 3406 1940 3464 traditionibus
1969 3406 2110 3476 Dei,
2154 3407 2311 3463 istud
2353 3424 2582 3484 quoque
2611 3410 2954 3473 statuerant,
2999 3408 3048 3459 ut

596 3513 647 3569 si
699 3512 851 3569 diem
912 3516 1049 3568 ante
1104 3511 1436 3580 sabbatum,
1493 3528 1670 3587 quam
1721 3514 1950 3567 sextam
2006 3509 2216 3567 feriam
2275 3509 2524 3567 dicimus
2582 3510 2902 3583 contigeret
2951 3526 3052 3563 esse

597 3615 735 3673 XV.
784 3614 1014 3687 mensis,
1064 3635 1183 3673 non
1226 3613 1591 3671 celebrarent
1630 3612 2044 3683 solemnitates,
2095 3613 2192 3669 sed
2238 3612 2592 3669 differentur
2639 3613 2704 3671 in
2747 3616 3051 3691 sequentem

598 3719 754 3777 diem
796 3720 1059 3788 sabbati;
1114 3717 1357 3775 difficile
1402 3723 1462 3775 et
1506 3717 1936 3774 incommodum
1988 3736 2106 3773 esse
2151 3716 2408 3774 dicentes
2453 3717 2566 3774 duo
2611 3718 2852 3775 sabbata
2892 3713 3052 3773 conti-

596 3826 820 3882 nuare.‘
844 3824 951 3899 Op.
968 3823 1054 3893 11,
1076 3828 1179 3880 95.
1212 3823 1301 3879 Ne
1319 3821 1505 3895 igitur
1530 3825 1676 3878 teste
1691 3821 1969 3896 Ruperto,
1996 3825 2340 3894 cogerentur
2353 3822 2578 3879 duobus
2599 3821 2806 3879 diebus
2822 3823 2893 3880 ab
2907 3834 3054 3894 opere

600 3928 803 3986 servili
834 3928 1157 3996 abstiner03
1202 3927 1353 4003 quod
1387 3926 1469 3983 eis
1500 3924 1742 3983 difficile
1775 3930 1902 3983 erat
1929 3925 2002 3983 ob
2033 3924 2288 3997 rigorem
2322 3925 2392 3981 de
2429 3926 2788 3983 observando
2817 3925 3050 3989 sabbato,

598 4031 861 4089 solennia
905 4030 1356 4089 transtulerunt.
1433 4028 1620 4087 Usum
1665 4028 2020 4086 differendae
2051 4028 2402 4087 Neomeniae
2443 4028 2631 4087 Nisan
2667 4031 2740 4087 ob
2781 4028 2986 4087 Pascha
3023 4043 3054 4079 a

594 4136 745 4194 feria
788 4140 957 4194 sexta
998 4134 1064 4193 in
1110 4135 1416 4193 sabbatum
1460 4134 1670 4191 Judaei
1716 4133 2074 4191 adstruxisse
2135 4133 2415 4190 videntur
2458 4152 2534 4190 ex
2587 4132 2744 4191 libro
2787 4133 2920 4190 Lev.
2965 4132 3050 4197 23,

602 4244 698 4298 10.
732 4246 798 4297 11
816 4284 849 4311 .,
883 4258 997 4316 quo
1027 4238 1151 4297 loco
1183 4238 1576 4314 praecipitur:
1616 4243 1686 4295 ut
1715 4237 1898 4295 altero
1921 4270 2006 4279 —
2029 4238 2140 4295 hoc
2169 4238 2236 4295 in
2267 4256 2402 4296 casu
2431 4239 2673 4295 sabbato
2695 4270 2778 4278 -—
2801 4236 2905 4304 die,
2944 4234 2980 4289 i.
3010 4250 3052 4286 e.

597 4343 876 4418 postridie
906 4343 1022 4401 diei
1054 4343 1187 4401 festi
1234 4343 1488 4401 Paschae
1531 4342 1814 4400 sacerdoti
1852 4340 2189 4416 manipulus
2234 4341 2526 4416 spicarum
2573 4341 2868 4399 offeratur.
2923 4336 3054 4393 eum

597 4445 721 4503 Lex
755 4448 827 4503 ad
866 4447 1118 4518 literam,
1154 4452 1223 4505 ut
1266 4446 1490 4518 dicunt,
1538 4447 1900 4504 observanda
1943 4446 2054 4517 sit3
2103 4445 2202 4503 ubi
2243 4445 2456 4502 festum
2487 4444 2675 4502 altero
2705 4444 3057 4518 consequente

596 4550 837 4608 sabbato
882 4550 1151 4625 proxime
1189 4550 1515 4625 excipitur3
1562 4552 1688 4610 sive
1719 4570 1852 4607 cum
1881 4554 2143 4627 posterus
2173 4550 2294 4607 dies
2325 4569 2362 4606 a
2389 4550 2484 4607 die
2513 4548 2664 4607 festo
2693 4545 2914 4623 proprie
2941 4543 3056 4599 sab-
