3267 5259
1225 462 1418 519 epistola
1444 466 1500 508 ιιι
1527 463 1690 509 Titum.
2568 454 2697 520 419

202 639 557 706 attendant
613 638 851 705 fabulis
909 638 1183 705 iudaicis
1240 642 1743 726 praeceptisque
1803 639 1885 704 de
1938 662 2111 705 vana
2172 639 2587 707 observantia
2630 644 2697 706 in

203 753 508 819 ciborum
553 752 815 818 delectu
837 756 876 817 ¹.
937 751 1200 817 Deinde
1233 752 1317 817 ad
1347 775 1602 817 morum
1631 761 1993 839 praecepta
2030 752 2355 817 accedens
2374 754 2417 836 2,
2466 753 2700 818 eadem

205 865 352 931 fere
415 867 662 949 omnia,
721 887 890 952 quae
937 864 1024 930 ad
1068 863 1481 931 Timotheum
1505 869 1531 909 3
1587 864 1671 930 de
1728 865 2091 931 eruditione
2148 865 2439 930 fidelium
2484 867 2698 952 singu-

205 978 445 1061 lorum,
491 977 852 1043 secundum
899 988 1108 1043 status
1153 977 1478 1056 diversos,
1534 979 1844 1062 iniunxit,
1888 980 2177 1063 graviter
2223 979 2639 1044 commendat
2655 983 2699 1043 ⁴.

205 1090 300 1155 Et
345 1093 498 1177 quia
525 1092 592 1154 in
623 1089 976 1156 moralibus
1021 1094 1228 1176 magis
1274 1101 1543 1156 movent
1571 1091 1748 1155 facta
1779 1113 1973 1177 quam
2019 1089 2243 1173 verba,
2288 1090 2437 1156 ideo
2478 1091 2702 1155 scribit

205 1202 390 1267 Tito:
453 1213 526 1267 ut
567 1206 726 1269 istas
784 1206 1218 1270 institutiones
1281 1205 1482 1268 faciat
1540 1226 1673 1269 non
1727 1214 1862 1269 tam
1927 1226 2057 1287 ore,
2126 1227 2322 1291 quam
2371 1204 2697 1292 exemplo.

207 1316 324 1381 Ad
368 1316 655 1382 officium
701 1316 1123 1381 subiectionis
1171 1317 1550 1382 exhortatur
1595 1340 1839 1399 servos,
1887 1328 2097 1381 sumto
2132 1327 2515 1401 argumento
2548 1316 2699 1381 inde

211 1427 397 1514 quod
440 1412 532 1493 ita
575 1428 794 1493 officio
833 1450 949 1493 suo
995 1430 1201 1494 functi
1245 1428 1602 1515 Religionis
1644 1428 2051 1493 Christianae
2100 1429 2373 1515 gloriam
2406 1440 2471 1494 et
2500 1428 2701 1495 decus

208 1550 520 1606 tueantur
539 1544 582 1605 ⁵.
647 1540 954 1606 Omnium
984 1564 1144 1606 vero
1190 1540 1676 1628 praedictorum
1722 1543 2041 1607 rationem
2086 1541 2325 1625 subdit,
2370 1542 2697 1628 singulare

212 1771 511 1839 adpellavit
547 1769 704 1835 ,,’ίδιον
742 1768 902 1820 αὐτῶν
937 1768 1236 1838 προφήτηνιί.
1287 1770 1404 1832 Quo
1443 1776 1619 1821 autem
1645 1786 1807 1821 sensu
1832 1770 2107 1837 disputant
2137 1774 2469 1837 interpretes.
2520 1772 2703 1825 Genti-

213 1860 340 1911 litas
377 1864 564 1925 poetas
600 1863 752 1908 vates
789 1857 966 1907 dicere
1002 1856 1226 1919 solebat,
1264 1872 1372 1907 non
1397 1857 1467 1906 ob
1492 1858 1735 1908 afflatum
1771 1858 2048 1908 dumtaxat
2084 1855 2328 1919 „zvfleov‘g
2368 1876 2472 1924 quo
2510 1864 2701 1926 poetae

213 1946 470 2012 gaudent,
506 1949 643 1995 teste
680 1943 890 2006 Ovidio,
928 1944 1050 1993 fast.
1075 1943 1195 2007 VI.;
1233 1943 1328 1993 sed
1366 1948 1421 1993 et
1455 1945 1583 2008 quia
1619 1942 1839 2007 fatidici,
1878 1946 1968 2010 qui
2004 1945 2184 1994 santur
2214 1945 2279 1994 de
2304 1944 2509 2007 futuris,
2550 1948 2705 2012 quasi

213 2032 550 2099 praefatores
574 2031 927 2081 habebantur.
963 2029 1027 2080 L.
1055 2029 1109 2079 S.
1136 2029 1342 2093 Isidori,
1369 2030 1843 2096 Etymologiarum‚
1870 2032 1990 2093 VII,
2016 2032 2066 2081 8.
2092 2032 2175 2082 ed.
2200 2032 2381 2097 Migne
2404 2033 2497 2093 IV,
2524 2034 2641 2083 283.
2662 2050 2705 2083 s.

215 2120 302 2169 Cf.
337 2136 386 2169 e.
417 2118 470 2169 J.
506 2117 566 2169 Ο.
601 2117 935 2179 Gottschalk‚
969 2116 1098 2168 diss.
1133 2118 1200 2167 de
1234 2118 1563 2183 Epimenede
1600 2118 1880 2184 propheta.
1924 2118 2109 2169 Altorf.
2147 2120 2297 2169 1714.
2346 2118 2397 2169 J.
2434 2120 2485 2169 S.
2521 2120 2703 2170 Meno·

214 2207 395 2257 chium
451 2204 504 2255 S.
541 2204 612 2268 J.‚
660 2206 1041 2257 trattenimenti
1089 2204 1306 2265 eruditi,
1372 2206 1457 2255 nei
1506 2204 1653 2271 quali
1699 2206 1743 2254 si
1792 2205 2101 2255 dichiarano
2148 2206 2296 2256 molti
2339 2209 2485 2273 passi
2530 2209 2706 2257 oscuri

214 2293 364 2343 della
399 2291 452 2343 8.
489 2291 542 2343 S.
590 2294 724 2345 Ven.
765 2294 913 2343 1675.
951 2293 1016 2355 V,
1044 2294 1163 2343 516.
1223 2292 1524 2357 Vituperati
1562 2292 1810 2342 dicuntur
1846 2293 2157 2355 mendaces,
2208 2298 2269 2343 ut
2306 2294 2396 2359 qui
2442 2296 2705 2359 perversis

215 2381 396 2431 forent
418 2380 670 2443 moribus,
707 2378 932 2445 perfidia
955 2384 1010 2428 et
1033 2378 1312 2429 mendacio
1347 2379 1599 2444 insignes.
1650 2380 1714 2429 V.
1740 2379 1792 2430 h.
1818 2379 1869 2429 d.
1896 2397 1935 2430 r.
1962 2380 2047 2431 W.
2076 2378 2367 2446 Stegernm,
2396 2381 2463 2430 de
2489 2381 2707 2431 Creten-

215 2467 370 2517 sibus
417 2466 780 2516 mendacibus.
837 2466 987 2531 Lips.
1026 2466 1177 2515 1684.
1227 2465 1296 2514 D.
1332 2464 1739 2530 Pfeffingerum,
1788 2466 1855 2515 de
1894 2466 2226 2517 Cretensium
2267 2468 2428 2517 vitiis.
2487 2467 2705 2533 Argent.

218 2554 374 2603 1673.
415 2552 591 2616 Huek,
641 2553 824 2603 Kreta.
853 2550 995 2601 Gutt.
1023 2554 1174 2603 1829.
1211 2551 1309 2615 111,
1333 2554 1454 2601 494.
1479 2568 1520 2603 s.
1569 2552 1807 2602 Alterum
1846 2554 1991 2618 quod
2026 2554 2132 2605 illis
2170 2554 2417 2603 obiicitur
2452 2559 2534 2604 est
2568 2555 2704 2603 fero-

215 2642 384 2703 τείως
423 2644 708 2705 propterea
743 2638 888 2704 quod
923 2639 1094 2703 magis
1117 2638 1262 2699 feris,
1289 2653 1448 2704 quam
1485 2638 1787 2690 hominibus
1822 2640 2101 2689 similiores
2138 2641 2394 2690 viverent.
2433 2641 2707 2691 Vocantur

215 2728 450 2792 denique
476 2724 742 2794 ,,γαστέρες
773 2719 969 2793 ἀργαίόι.
1020 2725 1302 2791 Ingeniose
1333 2726 1400 2775 de
1426 2742 1476 2775 v.
1515 2720 1753 2794 ,,ἆργός“,
1790 2726 2181 2795 significatione
2217 2727 2521 2793 disquirunt
2542 2730 2702 2778 inter-

214 2818 397 2880 pretes
423 2812 632 2875 Suidas,
659 2813 789 2862 Lex.
810 2827 851 2862 s.
877 2812 930 2861 h.
957 2828 1006 2861 v.
1027 2812 1070 2875 I,
1097 2814 1215 2863 695.
1251 2812 1414 2874 Wolf,
1441 2814 1496 2862 in
1522 2828 1630 2863 cur.
1658 2830 1707 2879 p.
1730 2814 1849 2863 556.
1888 2813 2133 2875 Kuinoel‚
2161 2814 2197 2863 l.
2224 2831 2269 2865 c.
2290 2831 2340 2879 p.
2371 2817 2488 2865 303.
2540 2814 2704 2876 Quid-

217 2899 348 2967 quid
389 2915 520 2950 vero
565 2900 720 2949 huius
759 2900 884 2949 erit:
933 2904 1188 2949 notantur
1229 2898 1486 2949 eiusmodi
1525 2899 1780 2961 homines,
1822 2901 1913 2965 qui
1956 2900 2167 2951 nonnisi
2202 2902 2378 2951 ventri
2412 2902 2703 2951 saturando

217 2988 438 3039 student
453 2987 624 3037 instar
647 3001 818 3048 suum,
847 2984 1180 3036 Comedones
1206 2986 1434 3036 desides.
1473 2985 1692 3036 Interim
1716 2991 1883 3036 totum
1910 3002 2121 3037 versum
2148 2987 2215 3037 ab
2235 2988 2493 3054 Apostolo
2518 2988 2701 3038 lauda-

215 3082 332 3125 tum
367 3075 603 3125 carmine
637 3073 804 3122 latino
842 3073 920 3123 ita
955 3071 1184 3122 reddidit
1218 3073 1494 3137 Erasmus,
1529 3072 1857 3139 Adagiorum
1896 3074 2031 3123 Chil.
2056 3074 2126 3123 H.
2155 3074 2305 3127 Oent.
2352 3078 2399 3125 8.
2435 3091 2583 3142 prov.
2621 3078 2703 3126 78.

221 3161 542 3223 „Cretenses
565 3160 693 3209 vani
717 3174 888 3225 usque
911 3159 1086 3208 malae
1109 3158 1273 3222 ferae,
1311 3159 1418 3208 alvi
1441 3161 1689 3211 inertes.“
1719 3160 1821 3225 Op.
1848 3160 1929 3210 ed.
1955 3159 2125 3227 Lugd.
2151 3161 2269 3211 Bat.
2300 3164 2449 3212 1703.
2488 3162 2556 3225 ΙΙ,
2584 3163 2701 3212 657.
2738 3164 2743 3170 ’

219 3248 472 3299 Ceterum
521 3244 754 3314 ,,Κρήτη“
807 3250 890 3297 est
943 3246 1113 3296 altera
1164 3248 1528 3309 maximarum,
1584 3261 1723 3311 quae
1765 3246 1835 3296 ad
1880 3246 2161 3297 Graeciam
2222 3253 2345 3298 sunt
2389 3248 2703 3313 insularum3

216 3337 361 3385 inter
393 3335 631 3401 Aegeum
669 3338 722 3383 et
759 3332 1112 3398 Cyrenaicum
1149 3348 1314 3395 mare,
1352 3348 1388 3382 a
1422 3332 1795 3399 Peloponneso
1832 3348 1971 3399 pene
2005 3349 2175 3399 usque
2210 3333 2373 3384 Asiae
2416 3334 2548 3385 fines
2586 3352 2704 3401 pro-

215 3430 392 3473 tensa.
456 3421 538 3471 cf.
581 3422 645 3471 L.
691 3420 768 3471 cl.
819 3420 1010 3485 Gratz,
1056 3420 1380 3486 Schauplatz
1431 3421 1525 3471 der
1571 3420 1641 3470 H.
1686 3420 1897 3471 schrift.
1938 3420 2155 3472 Miinch.
2200 3423 2350 3472 1858.
2406 3438 2457 3487 p.
2498 3423 2616 3472 488.
2662 3440 2704 3473 s.

218 3508 494 3571 Rfletschi‚
531 3509 588 3557 in
619 3508 862 3573 Herzogs
897 3508 961 3558 R.
987 3509 1052 3559 E.
1077 3508 1224 3571 VIII,
1251 3510 1332 3560 51.
1373 3508 1492 3558 Not.
1520 3513 1556 3557 t.
1583 3522 1625 3558 s.
1652 3524 1832 3574 geogr.
1858 3526 1909 3574 p.
1936 3508 2081 3558 XXI.

436 3597 475 3662 ¹)
512 3595 726 3647 Mundis
763 3596 943 3645 omnia
979 3601 1104 3647 sunt
1137 3594 1354 3656 munda,
1392 3596 1747 3660 coinquinatis
1784 3600 1959 3645 autem
1998 3602 2051 3645 et
2082 3594 2384 3646 infidelibus
2422 3596 2551 3645 nihil
2588 3612 2705 3647 esse

219 3683 492 3733 mundum.
551 3682 790 3733 Horrent
824 3683 1038 3748 quidem
1073 3682 1272 3733 Judaei
1309 3682 1460 3732 cibos
1497 3681 1757 3747 quosdam
1794 3686 2050 3747 tanquam
2094 3684 2329 3748 impuros
2346 3721 2359 3746 ,
2394 3698 2610 3749 remque
2648 3700 2705 3733 se

219 3771 460 3821 facturos
503 3770 730 3821 credunt
764 3770 880 3822 Deo
930 3770 1310 3835 gratissimam,
1355 3771 1402 3820 si
1438 3770 1508 3820 ab
1545 3785 1729 3819 eorum
1764 3783 1865 3819 usu
1903 3768 2141 3819 studiose
2177 3770 2495 3819 abstineant.
2556 3770 2625 3819 At
2661 3772 2705 3819 si

219 3862 376 3906 tanta
412 3871 506 3907 eos
541 3860 690 3907 tenet
725 3857 1000 3907 munditiei
1046 3872 1190 3921 cura,
1229 3873 1325 3907 cur
1359 3872 1468 3907 non
1505 3857 1570 3906 de
1607 3872 1673 3906 eo
1717 3856 1929 3907 solliciti
1964 3860 2103 3919 sunt,
2141 3860 2201 3905 ut
2242 3858 2471 3905 animum
2518 3862 2706 3921 gerant

219 3943 478 3993 mundum
515 3958 580 3993 ac
617 3945 778 3994 vitam
815 3946 1038 4010 puram?
1078 3944 1186 3995 Sed
1221 3944 1356 3996 haec
1391 3959 1579 4009 parum
1615 3947 1821 4005 curant,
1859 3944 1989 4008 quin
2024 3944 2204 4008 potius
2239 3944 2295 3992 in
2334 3944 2473 3992 omni
2511 3958 2705 4007 genere

218 4031 474 4079 vitiorum
525 4031 852 4081 volutantur.
925 4031 1084 4081 Unde
1131 4030 1215 4093 fit,
1275 4036 1336 4081 ut
1387 4032 1532 4096 ipsos
1590 4031 1927 4082 abominetur
1978 4013 2129 4079 Deus
2184 4034 2437 4095 tanquam
2492 4044 2705 4078 carnem

220 4116 522 4167 sacrificam
557 4117 942 4180 detestabilem,
981 4123 1034 4168 et
1055 4118 1224 4168 veluti
1255 4118 1442 4168 foedas
1478 4117 1698 4168 hostias.
1748 4116 1828 4167 cf.
1856 4116 1924 4167 ad
1950 4116 1999 4166 h.
2024 4116 2059 4165 l.
2086 4116 2469 4177 Lakemacher‚
2508 4114 2637 4166 Obs.
2664 4132 2705 4165 s.

219 4203 318 4252 ΙΙΙ.
343 4205 393 4266 5,
421 4204 540 4253 279.
573 4220 616 4254 s.
677 4204 719 4269 ²)
759 4204 818 4254 O.
844 4208 892 4255 2.
955 4204 995 4271 ³)
1032 4206 1096 4255 V.
1119 4222 1172 4271 p.
1199 4207 1318 4255 405.
1381 4204 1423 4271 ⁴)
1461 4204 1628 4255 Senes
1664 4205 1979 4254 admonetur
2002 4204 2155 4253 Titus
2180 4202 2467 4267 adhortari,
2505 4208 2565 4252 ut
2601 4204 2707 4253 sint

220 4304 440 4355 graves,
479 4290 666 4353 sobrii,
705 4293 804 4357 pii3
843 4306 979 4343 anus
1017 4320 1084 4328 —
1117 4294 1153 4342 i.
1193 4308 1236 4343 e.
1273 4294 1500 4342 feminas
1548 4291 1896 4358 provectioris
1946 4292 2135 4341 aetatis
2173 4319 2238 4328 —
2278 4306 2343 4339 ne
2382 4291 2705 4340 mundanum

221 4376 522 4442 exemplum
557 4384 908 4442 sequerentur
959 4378 1183 4442 illarum,
1221 4394 1360 4445 quae
1397 4381 1593 4429 vestitu
1631 4384 1685 4429 et
1717 4378 1905 4428 habitu
1951 4380 2093 4427 vitae
2141 4376 2473 4427 honestatem
2520 4392 2705 4443 parum

221 4463 501 4513 curabant.
549 4464 728 4514 Debet
763 4467 920 4515 etiam
953 4466 1204 4516 mulieres
1239 4468 1459 4517 iuvenes
1495 4466 1687 4515 docere
1721 4466 1974 4531 pietatem
2004 4478 2133 4530 erga
2164 4464 2354 4526 Deum,
2394 4465 2705 4531 obsequium

217 4550 274 4599 in
319 4550 562 4601 maritos.
619 4550 1001 4603 Adolescentes
1047 4552 1287 4603 similiter
1329 4552 1508 4603 sobrie
1553 4554 1750 4603 vivere.
1826 4554 1867 4617 ³)
1916 4554 2269 4617 Praepostera
2319 4550 2383 4602 de
2435 4553 2707 4618 religionis

219 4636 547 4687 christianae
582 4638 762 4687 indole
800 4638 1000 4688 iudicia
1035 4638 1279 4689 homines
1324 4640 1532 4690 servilis
1578 4640 1899 4690 conditionis
1935 4639 2094 4689 facile
2129 4639 2405 4705 impellere
2442 4645 2705 4705 poterant,

2296 4727 2397 4777 27*
