3267 5259
569 358 649 423 16
1317 370 1437 413 mat.
1469 380 1560 412 rev.
1589 370 1679 412 siv.
1708 370 1881 413 renos.
1908 370 1942 411 1.
1962 381 2057 422 ap.
2084 370 2290 422 pamm.

569 546 680 631 qui
725 567 878 609 nam
923 554 1266 631 tantopere
1310 546 1490 631 ipsos
1537 544 1777 609 frustra
1820 568 1890 610 se
1938 546 2163 631 quaeri
2206 545 2611 631 permittens,
2673 542 3047 609 afflixisset?

509 702 518 709 -
569 657 868 738 Querelis
891 659 1114 722 matris
1145 656 1510 743 respondit:
1557 680 1693 724 non
1718 667 1877 740 erat,
1913 680 2029 723 cur
2058 679 2163 721 me
2197 659 2597 743 quaereretis
2630 678 2780 721 cum
2812 655 3048 739 dolore,

570 772 757 857 quasi
799 772 868 834 in
911 769 1058 835 loco
1104 769 1293 835 vobis
1338 772 1560 855 ignoto
1611 770 2061 853 substitissem,
2109 792 2227 834 cur
2270 769 2423 834 alibi
2476 791 2582 833 me
2647 768 3049 855 quaerebatis

569 904 764 968 quam
809 882 920 947 ubi
959 906 1065 947 me
1107 905 1250 947 esse
1299 882 1580 948 decebat
1623 885 1928 948 nimirum
1964 885 2032 947 in
2068 881 2334 969 templo,
2378 880 2573 947 domo
2610 882 2825 947 Patris
2866 882 2993 945 mei
3014 885 3048 943 ¹.

565 996 877 1060 Attamen
944 995 1115 1061 illico
1197 995 1549 1061 obsecutus
1615 996 2057 1061 Nazarethum
2124 994 2549 1060 redeuntibus
2616 996 2917 1059 comitem
2984 1016 3048 1058 se

565 1108 886 1193 praebuit,
935 1117 1002 1173 et
1043 1119 1387 1195 parentum
1434 1108 1720 1173 dominio
1767 1110 1985 1194 paruit
2000 1110 2067 1199 ²„
2090 1108 2443 1173 Nazarethi
2484 1109 2555 1171 in
2600 1130 2831 1173 eorum
2874 1106 3049 1173 obse·

569 1222 735 1307 quiis
793 1242 1002 1306 usque
1062 1220 1148 1285 ad
1193 1229 1452 1306 tempus
1497 1222 1593 1285 sui
1640 1219 1945 1307 baptismi
1995 1221 2385 1306 permansit,
2438 1219 2660 1305 ibique
2720 1219 3051 1285 illustriora

563 1335 634 1397 in
674 1332 814 1397 dies
852 1334 1212 1419 sapientiae
1261 1334 1731 1401 etssanctitatis
1776 1332 2018 1398 indicia
2076 1331 2448 1397 exhibebat.

773 1527 1024 1595 Diqressio
1058 1528 1128 1579 ad
1159 1526 1292 1579 illud
1323 1527 1374 1578 d.
1408 1528 1580 1579 Lucae
1616 1529 1664 1587 2,
1704 1529 1787 1579 52.
1860 1530 1962 1587 „Et
2007 1529 2150 1581 Jemoe
2185 1526 2476 1596 proficiebat
2518 1527 2773 1597 sapientia
2806 1532 2853 1578 et
2886 1532 3051 1585 aetate,

565 1619 610 1666 et
643 1614 815 1681 qratia
849 1614 990 1683 apud
1029 1614 1194 1667 Deum
1228 1620 1272 1665 et
1295 1613 1563 1666 hornim.‘¹
1618 1613 1740 1664 Non
1774 1614 1889 1663 sine
1915 1628 2081 1663 causa
2104 1615 2159 1662 in
2194 1612 2297 1661 hoc
2322 1627 2529 1662 comma
2568 1612 2877 1677 inquiritur,
2913 1614 3049 1661 circa

571 1699 726 1749 cuius
759 1700 1254 1765 interpretationem
1288 1700 1430 1765 quod
1468 1700 1627 1749 etiam
1664 1698 1969 1749 Catholicos
2004 1700 2206 1761 attinet,
2240 1714 2349 1748 non
2382 1698 2522 1749 idem
2554 1698 2622 1749 de
2644 1698 2749 1749 hac
2776 1714 2833 1749 re
2858 1712 3051 1761 sensus,

569 1786 692 1835 aliis
715 1786 1014 1851 profectum
1037 1786 1268 1837 hominis
1293 1786 1695 1837 admittentibus
1720 1787 1775 1836 in
1810 1786 2038 1849 Christo,
2074 1785 2195 1835 aliis
2218 1785 2556 1851 negantibus.
2604 1785 2857 1851 Plerique
2885 1790 3053 1835 tamen
3106 1842 3111 1845 ,

571 1872 625 1923 S.
653 1872 706 1922 S.
732 1873 792 1923 P.
818 1874 878 1923 P.
905 1902 972 1910 —-
997 1888 1130 1939 quos
1163 1879 1411 1925 recenset
1433 1874 1501 1923 D.
1527 1874 1798 1935 Petavius,
1837 1873 1903 1922 de
1936 1874 2142 1923 incarn.
2176 1871 2269 1923 XI.
2295 1875 2342 1935 2,
2371 1873 2420 1922 7.
2445 1886 2487 1921 s.
2534 1872 2601 1935 V,
2626 1874 2675 1923 6.
2701 1886 2745 1921 s.
2778 1872 2863 1921 ed.
2888 1872 2973 1921 Fr.
2996 1872 3055 1920 A.

566 1960 858 2010 Zachariae
901 1961 1035 2009 Ven.
1074 1962 1222 2011 1575.
1279 1960 1490 2023 Lieber‚
1529 1960 1618 2009 ub.
1654 1960 1705 2009 d.
1740 1960 2089 2009 Wachsthum
2130 1959 2265 2009 Jesu
2304 1960 2361 2008 in
2404 1958 2500 2009 der
2538 1959 2827 2022 Weisheit,
2862 1958 3051 2008 Mainz.

573 2048 724 2097 1850.
750 2074 818 2083 --
840 2047 1138 2113 profectum
1185 2046 1336 2097 illum
1377 2046 1574 2097 Christi
1615 2047 1673 2095 in
1714 2048 1939 2097 scientia
1980 2052 2034 2096 et
2073 2048 2246 2112 gratia
2286 2046 2363 2095 sic
2404 2047 2846 2111 interpretantur:
2896 2051 2955 2095 ut
2992 2044 3055 2093 ad

569 2134 804 2198 speciem
848 2134 1083 2185 referant
1125 2139 1180 2184 et
1219 2135 1577 2184 ostensionem
1617 2135 1655 2183 i.
1680 2149 1727 2183 e.
1770 2130 2068 2201 φανέρωσιν;
2110 2132 2254 2199 quod
2302 2133 2627 2198 pedetentim
2668 2134 2959 2183 maioribus
2998 2146 3056 2180 ac

571 2221 978 2287 perfectioribus
1027 2221 1238 2270 indiciis
1285 2220 1542 2271 latentem
1582 2221 1641 2270 in
1688 2236 1747 2271 se
1790 2222 2017 2287 gratiam
2060 2234 2125 2269 ac
2172 2221 2489 2286 sapientiam
2535 2219 2803 2286 proderet.
2866 2220 3053 2269 Verum

577 2306 866 2357 audiantur
906 2307 1112 2373 aliquot
1151 2306 1558 2358 luculentissimi
1599 2308 1758 2357 huius
1801 2308 1877 2356 rei
1919 2312 2101 2357 testes.
2164 2305 2216 2355 S.
2249 2306 2589 2356 Athanasius.
2624 2322 2701 2357 or.
2734 2306 2841 2369 ΠΙ,
2877 2312 3053 2356 contra

575 2392 804 2444 Arianos
837 2410 890 2443 n.
925 2396 1016 2457 52,
1050 2394 1092 2443 I.
1127 2408 1177 2443 a.
1212 2396 1330 2443 601.
1364 2394 1661 2459 profectum
1704 2392 2001 2443 istiusmodi
2042 2395 2119 2443 ita
2152 2393 2405 2460 explicat:
2458 2392 2596 2454 „Hic
2638 2392 2872 2443 humano
2918 2408 3051 2442 more

569 2480 744 2530 dictus
793 2485 874 2531 est
920 2480 1202 2545 proficere,
1247 2482 1498 2546 quoniam
1545 2480 1815 2532 hominum
1865 2481 1937 2530 sit
1983 2480 2291 2546 proficere.“
2362 2480 2535 2541 „Hinc
2580 2486 2739 2530 caute
2782 2478 3053 2529 admodum

571 2566 925 2633 Evangelista
958 2572 1189 2618 aetatem
1225 2583 1344 2617 cum
1379 2568 1750 2633 progressione
1785 2568 2082 2617 coniunxit:
2116 2566 2375 2632 siquidem
2410 2566 2561 2617 nulla
2591 2572 2673 2617 est
2695 2567 2861 2617 Verbi
2886 2573 2941 2617 et
2962 2566 3053 2616 Dei

567 2658 748 2716 aetas,
798 2653 894 2702 sed
942 2658 1148 2704 aetates
1197 2654 1266 2703 ad
1315 2669 1541 2719 corpora
1587 2655 1871 2719 pertinent.
1918 2653 2000 2703 Ad
2050 2666 2244 2719 corpus
2292 2654 2455 2719 igitur
2499 2658 2710 2719 spectat
2763 2652 3055 2703 huiusmodi

571 2754 910 2804 progressus;
961 2756 1024 2790 eo
1075 2740 1215 2790 enim
1263 2740 1598 2806 proficiente,
1643 2742 1698 2789 in
1744 2742 1862 2807 ipso
1910 2742 2111 2806 pariter
2158 2740 2487 2791 cernentium
2535 2740 2705 2791 oculis
2752 2739 3055 2805 proficiebat

571 2826 862 2891 patefactio
900 2824 1242 2877 divinitatis.“
1292 2828 1464 2887 Quam
1500 2827 1907 2892 explicationem
1942 2829 2101 2877 etiam
2136 2842 2176 2876 s.
2205 2826 2435 2891 Cyrillus
2461 2826 2560 2890 Al„
2587 2826 2711 2876 adv.
2736 2828 2934 2877 Nestor
2968 2826 3054 2887 111,

575 2914 625 2974 4,
661 2912 738 2961 ita
769 2912 1062 2963 confirmat.
1122 2913 1222 2975 „At
1255 2914 1394 2963 enim
1435 2915 1490 2962 in
1525 2915 1795 2979 sapientia
1834 2916 2217 2965 incrementum
2258 2914 2457 2965 factum
2502 2929 2619 2963 esse
2662 2914 2821 2977 dicis,
2856 2914 3055 2964 tametsi

570 2998 834 3063 quomodo
878 2999 932 3049 id
974 3015 1085 3049 non
1127 2998 1346 3049 stultum
1387 3000 1489 3049 sit?
1546 2999 1823 3049 Credimus
1868 3002 2011 3051 enim
2052 3016 2117 3050 ex
2158 3002 2276 3067 ipso
2318 3006 2505 3051 ventre
2540 3006 2595 3051 et
2628 3004 2779 3050 utero
2826 3001 3055 3065 virgineo

575 3086 750 3150 ipsum
775 3084 1108 3147 Emmanuel,
1144 3100 1264 3135 cum
1289 3086 1438 3135 Deus
1473 3092 1629 3149 esset,
1666 3087 1929 3137 hominem
1961 3088 2239 3153 prodiisse,
2272 3086 2489 3154 plenum
2522 3086 2709 3153 procul
2734 3086 2901 3137 dubio
2926 3088 3055 3151 sapi-

571 3172 718 3222 entia
753 3178 810 3221 et
835 3174 1024 3237 gratia,
1059 3186 1198 3237 quae
1221 3171 1299 3221 illi
1325 3172 1638 3223 naturaliter
1670 3175 1859 3223 inerat.
1901 3174 2181 3235 Quodnam
2205 3175 2366 3239 igitur
2400 3174 2445 3222 is
2480 3174 2867 3223 incrementum
2902 3175 3057 3223 susci·

573 3263 740 3323 peret,
765 3260 820 3307 in
847 3274 952 3323 quo
977 3264 1102 3307 sunt
1125 3274 1309 3309 omnes
1331 3259 1586 3323 thesauri,
1611 3262 1924 3325 sapientiae,
1960 3262 2049 3325 qui
2084 3274 2347 3327 supernae
2380 3262 2585 3326 gratiae
2608 3261 2769 3309 simul
2804 3276 2927 3309 cum
2950 3260 3057 3309 Deo

571 3350 626 3394 ct
659 3346 818 3395 Patre
865 3344 1087 3411 largitor
1131 3346 1244 3395 est?
1299 3345 1576 3406 Quomodo
1618 3348 1783 3411 igitur
1824 3347 2081 3413 proficere
2124 3347 2331 3397 dictus?
2386 3347 2461 3397 Ut
2502 3362 2601 3412 ego
2645 3347 2899 3410 arbitror,
2942 3348 3059 3412 quia

568 3431 718 3480 Deus
743 3432 994 3495 Verbum,
1014 3448 1110 3497 pro
1135 3432 1461 3482 incremento
1489 3436 1665 3483 aetate
1691 3434 1773 3483 sui
1801 3435 2037 3499 corporis
2063 3434 2363 3484 divinorum
2384 3432 2597 3484 illorum
2621 3433 2900 3496 bonorum,
2928 3448 3056 3499 quae

781 3676 816 3741 ¹)
855 3676 1191 3741 Responsum
1223 3676 1358 3726 Jesu
1395 3692 1502 3727 non
1539 3678 1671 3726 satis
1706 3678 1939 3727 assecuti
1974 3682 2099 3727 sunt
2132 3678 2299 3742 aliqui
2334 3678 2701 3743 interpretum.
2750 3677 3057 3743 Respondet

569 3762 782 3827 quidem
829 3761 1265 3827 reprehendentis
1322 3764 1527 3827 specie,
1576 3779 1685 3812 non
1734 3763 1880 3829 quod
1934 3778 2062 3813 vere
2120 3770 2336 3829 arguat,
2385 3764 2483 3814 sed
2528 3764 2675 3829 quod
2722 3765 2771 3813 si
2818 3772 3057 3830 parentes

567 3850 865 3912 scivissent,
901 3864 1010 3913 qua
1045 3850 1102 3897 in
1136 3865 1194 3898 re
1228 3854 1523 3914 occupatus
1560 3854 1715 3911 esset,
1750 3865 1879 3900 vere
1910 3849 2138 3900 fuissent
2170 3850 2456 3915 arguendi,
2490 3851 2535 3899 si
2566 3856 2627 3899 ut
2658 3864 2719 3899 se
2754 3856 3061 3915 sequeretur

569 3950 604 3985 a
627 3936 801 3985 Patris
827 3937 1054 3999 negotiis
1077 3936 1308 3986 ‘avocare
1331 3935 1645 3986 voluissent.
1694 3937 1817 3986 Non
1839 3938 2003 4002 igitur
2032 3936 2373 4001 reprehendit
2395 3936 2491 3987 sed
2522 3935 2721 3986 docuit.
2780 3935 2822 4003 2)
2858 3937 2993 3986 Luc.
3016 3938 3057 3986 2.

567 4024 792 4073 40—-51,
839 4023 1024 4072 Divini
1050 4026 1166 4072 erat
1191 4022 1418 4085 consilii,
1443 4029 1505 4073 ut
1527 4022 1697 4072 multa
1720 4022 1969 4073 Salvator
2002 4024 2210 4085 Noster,
2236 4025 2493 4073 virtutum
2526 4024 2759 4073 omnium
2786 4023 3059 4073 absolutis-

571 4111 737 4159 simus
783 4110 1037 4175 mag-ister
1085 4108 1422 4159 obedientiae
1465 4114 1518 4159 et
1555 4110 1890 4159 demissionis
1932 4109 2177 4174 exempla
2216 4108 2541 4175 relinqueret
2582 4110 2743 4159 nobis
2794 4109 3060 4159 imitanda.

566 4196 650 4245 An
685 4202 852 4246 artem
879 4210 1092 4261 quoque
1115 4194 1359 4245 fabrilem
1392 4196 1636 4246 tractarit
1668 4197 1929 4245 incertum
1962 4202 2057 4258 est,
2086 4196 2253 4260 aliqui
2276 4194 2333 4244 id
2358 4212 2387 4245 e
2412 4198 2609 4245 civium
2642 4196 3061 4247 Nazarethorum

569 4282 710 4332 dicto
739 4282 882 4347 apud
909 4298 950 4332 s.
975 4282 1141 4331 Marc.
1169 4285 1219 4345 6,
1245 4284 1312 4344 3.,
1339 4284 1429 4347 qui
1457 4288 1732 4333 externum
1756 4284 1901 4333 vitae
1926 4284 2041 4333 eius
2068 4283 2384 4346 institutum,
2410 4288 2597 4349 utpote
2626 4285 2898 4333 versantis
2926 4282 3059 4348 apud

567 4382 630 4417 se
664 4370 912 4433 ignorare
945 4384 1054 4418 non
1077 4373 1350 4434 poterant,
1385 4369 1636 4434 colligere
1671 4368 1873 4418 volunt.
1921 4369 1986 4418 V.
2011 4370 2368 4434 Augustinum
2401 4368 2468 4419 de
2505 4383 2771 4419 consensu
2804 4368 3059 4435 Evangel-

566 4454 636 4518 11,
663 4457 746 4514 42,
773 4457 856 4505 90.
882 4471 934 4520 p.
965 4457 1046 4505 70.
1096 4454 1242 4505 Nihil
1264 4462 1548 4521 praeterea
1572 4472 1639 4506 ex
1664 4458 1777 4505 eius
1802 4456 2107 4505 reversione
2130 4470 2303 4521 usque
2328 4455 2398 4505 ad
2422 4457 2743 4522 baptismum
2776 4462 3063 4507 memorant

565 4540 966 4606 Evangelistae.
1015 4542 1152 4591 Toto
1177 4541 1270 4591 illo
1297 4548 1534 4607 tempore
1557 4544 1613 4591 in
1635 4547 1917 4607 parentum
1943 4541 2098 4592 domo
2124 4543 2291 4591 vitam
2315 4543 2577 4607 privatam
2605 4545 2730 4608 egit.
