3267 5259
87 4686 89 4689 v
87 4640 89 4663 -
87 4610 89 4621 -
87 4594 89 4599 -
87 4388 91 4581 ——ssv—
86 3028 95 4381 q———ffi--v⁴‘v——-·——w—---——--—-——*-
87 2972 89 3019 ——-
87 2954 89 2957 v
87 2884 89 2903 —

625 428 750 495 134
1286 441 1403 483 mut.
1432 440 1537 482 Rev.
1564 440 1655 482 div.
1685 438 1738 481 Π.
1767 438 1818 481 '1'-
1849 438 2016 481 Perlod.
2045 436 2080 479 1.
2102 448 2198 488 esp.
2226 436 2428 477 altorum.

1062 722 1121 799 §-
1157 722 1259 785 29.
1316 715 1708 783 Christus
1755 718 1836 779 in
1880 714 2333 801 praetorio
2379 711 2662 797 Pilati.

828 908 1115 972 Monitus
1158 905 1405 970 Pilatus
1451 904 1744 969 Judaeos
1789 904 2043 984 adesse,
2091 904 2202 988 qui
2255 900 2584 966 hominem
2631 902 2914 965 vinctum
2967 910 3078 963 tra-

624 1021 873 1102 derent,
918 1040 1045 1084 nec
1088 1019 1486 1104 praetorium
1530 1026 1751 1081 tamen
1796 1016 2052 1101 ingredi
2097 1014 2266 1079 velle
2287 1018 2326 1097 ¹,
2378 1012 2853 1077 immunditiem
2895 1013 3080 1091 veriti,

623 1134 762 1217 ipse
809 1130 893 1195 ad
940 1152 1053 1195 eos
1100 1138 1287 1194 extra
1333 1129 1732 1214 praetorium
1779 1130 1980 1191 exivit
1996 1130 2040 1191 2.
2089 1125 2266 1206 Quid
2297 1125 2533 1190 deinde
2581 1125 2998 1189 accusationis
3023 1125 3082 1185 in

624 1244 801 1307 illum
834 1241 1187 1323 adferrent,
1220 1242 1469 1327 petivit.
1526 1240 1752 1325 Viguit
1785 1239 1936 1305 olim
1981 1238 2159 1325 apud
2188 1239 2520 1303 Romanos
2564 1238 2824 1320 iustitia,
2851 1244 2919 1299 ut
2946 1257 3078 1299 con-

628 1354 1013 1419 demnarent
1056 1354 1419 1436 neminem,
1486 1354 1610 1417 nisi
1668 1354 1848 1439 prius
1895 1352 2312 1416 accusatione
2359 1349 2609 1431 audita,
2674 1371 2754 1413 ac
2796 1371 2906 1412 reo
2949 1347 3082 1411 data
3182 1392 3183 1429 3

628 1468 820 1553 copia
865 1463 1264 1529 defendendi
1310 1486 1379 1529 se
1424 1466 1658 1550 ipsum.
1704 1462 1796 1527 At
1825 1462 2063 1528 Judaei
2108 1462 2253 1526 irati
2284 1483 2432 1526 cum
2465 1460 2811 1547 supercilio
2843 1482 3080 1545 respon·

630 1578 882 1661 derunt,
930 1579 1095 1641 scire
1142 1578 1296 1641 satis
1342 1577 1552 1661 possis
1598 1598 1748 1641 eum
1797 1598 1938 1640 esse
1986 1596 2189 1658 reum,
2237 1574 2544 1659 quoniam
2591 1572 2752 1638 alias
2798 1571 2880 1637 ad
2921 1581 3084 1634 tuum

626 1712 759 1755 non
807 1689 1271 1754 accederemus
1316 1687 1617 1753 tribunal.
1688 1688 2149 1774 ‚Expetierunt
2203 1698 2660 1751 exsecutorem
2713 1686 2918 1769 magis
2959 1705 3080 1747 sae·

626 1804 845 1885 vitiae,
893 1824 1089 1888 quam
1132 1801 1446 1866 arbitrum
1508 1806 1768 1866 causae‘
1786 1805 1828 1865 3.
1889 1800 2060 1865 Tum
2118 1800 2222 1863 ille
2279 1798 2544 1865 sceleris
2606 1808 2976 1862 accusatum
3031 1796 3088 1856 in
3182 1824 3183 1853 1

632 1938 857 1981 eorum
922 1937 1153 1979 manus
1198 1917 1595 2000 permittere,
1657 1913 2122 1979 muectandum
2165 1935 2285 1998 pro
2333 1910 2518 1995 Lege
2564 1910 2830 1974 iudaica
2885 1908 3086 1972 dixit⁴.

628 2163 1023 2228 cooptationem
1060 2161 1279 2211 alterius
1316 2161 1385 2211 ad
1421 2160 1794 2227 complendum
1832 2160 2045 2225 collegii
2091 2175 2397 2222 numerum,
2453 2158 2596 2207 unde
2641 2172 2782 2207 unus
2829 2155 3087 2206 exciderat
3182 2208 3183 2227 ἶ

628 2248 692 2298 Id
728 2253 975 2298 constare
1012 2250 1087 2297 ait
1122 2263 1230 2297 non
1267 2261 1367 2298 sua
1400 2252 1632 2309 tantum,
1690 2252 1784 2297 aut
1821 2246 2156 2312 quorundam
2195 2262 2224 2295 e
2259 2247 2372 2296 suis
2421 2246 2642 2307 notitia,
2693 2244 2790 2295 sed
2835 2244 3088 2291 universae
3182 2238 3183 2267 ³

628 2335 777 2386 urbis
830 2334 1155 2385 Jerusalem:
1211 2335 1265 2384 in
1321 2348 1429 2399 qua
1480 2348 1578 2398 per
1620 2333 1744 2384 illos
1791 2334 1904 2383 dies
1951 2332 2080 2382 nihil
2133 2347 2306 2397 aeque
2341 2332 2643 2381 rumoribus
2681 2330 2902 2380 dilatum
2935 2328 3088 2387 fuerit,
3182 2334 3183 2389 j

630 2436 791 2485 quam
836 2422 1057 2483 Judam,
1113 2426 1397 2485 postquam
1443 2420 1615 2470 relata
1657 2420 1974 2485 proditionis
2021 2419 2266 2469 mercede
2305 2418 2593 2480 effecisset,
2647 2422 2711 2467 ut
2763 2432 2932 2467 novus
2980 2428 3091 2479 ager

630 2508 939 2573 sepulturae
985 2508 1385 2573 peregrinorum
1440 2506 1872 2559 accommodatus
1924 2506 2051 2555 inde
2104 2510 2386 2555 vocaretur
2439 2518 2570 2570 ager
2612 2504 2910 2569 sanguinis,
2959 2500 3090 2550 illum
3182 2542 3183 2557 ἢ

631 2596 903 2644 inventum
940 2592 1259 2643 homicidam
1294 2594 1393 2653 sui,
1430 2594 1489 2643 in
1523 2594 1835 2658 voraginem
1871 2593 2138 2642 abiectum
2174 2592 2355 2641 fuisse.
2413 2590 2494 2641 cf.
2517 2591 2570 2640 J.
2598 2590 2878 2651 Gronovii,
2915 2588 3091 2639 exerci-

630 2685 725 2730 tat.
764 2681 914 2730 acad.
952 2679 1019 2729 de
1044 2694 1175 2729 nece
1199 2678 1392 2729 Judae.
1428 2679 1601 2745 Lugd.
1626 2680 1689 2729 B.
1719 2680 1870 2729 1702.
1895 2696 1946 2744 p.
1976 2680 2092 2729 151.
2119 2694 2161 2730 s.
2192 2680 2303 2728 179.
2332 2695 2373 2730 s.
2409 2678 2461 2728 J.
2489 2678 2779 2739 Warnecii,
2805 2677 2870 2726 de
2893 2690 3091 2740 suspen·
3182 2692 3183 2741 ἦ

630 2765 719 2815 dio
744 2766 921 2816 Judae
946 2767 1116 2829 diatr„
1150 2767 1207 2815 in
1232 2765 1387 2815 Thes.
1412 2781 1463 2817 n.
1492 2782 1544 2830 p.
1572 2768 1691 2815 304.
1716 2780 1758 2813 s.
1808 2764 2215 2815 Lakemacheri.
2251 2764 2381 2814 Obs.
2407 2764 2534 2829 phil.
2573 2764 2634 2825 V,
2663 2765 2712 2813 6.
2747 2780 2801 2829 Ρ.
2825 2764 2942 2813 259.
2971 2763 3029 2823 V,
3053 2763 3092 2808 7.

632 2870 683 2919 Ρ.
710 2854 827 2903 288.
854 2870 894 2903 s.
942 2853 1006 2901 A.
1042 2853 1292 2915 Austeni,
1330 2852 1397 2902 de
1429 2867 1623 2917 genere
1659 2853 1842 2901 mortis
1875 2851 2076 2913 Judae,
2113 2853 2170 2901 in
2204 2851 2362 2901 Thes.
2388 2850 2460 2901 th.
2485 2850 2574 2917 ph.
2600 2850 2680 2913 11,
2713 2853 2834 2901 410.
2859 2865 2902 2899 s.
2947 2848 3022 2899 Cf.
3053 2862 3092 2895 e.
3182 2888 3183 2901 2

632 2940 697 2987 E.
727 2938 790 2989 G.
818 2938 1050 3002 Schultz,
1076 2938 1391 2988 Jerusalem.
1417 2937 1559 2987 Berl.
1589 2939 1740 2988 1845.
1765 2954 1815 3003 Ρ.
1843 2938 1925 2987 39.
1951 2938 2072 2987 Not.
2097 2942 2136 2988 t.
2163 2954 2203 2988 s.
2229 2952 2407 3002 geogr.
2434 2954 2485 3001 p.
2511 2938 2782 2987 Lxxxv.

845 3024 883 3091 ¹)
937 3025 1201 3085 Quoniam
1256 3024 1469 3089 gentilis
1520 3024 1680 3075 homo
1735 3028 1851 3073 erat
1893 3024 2130 3087 Pilatus,
2185 3040 2305 3073 cum
2360 3026 2528 3074 servis
2577 3025 2689 3073 suis
2737 3024 3092 3086 militibusque,
3182 3004 3183 3035 ³

634 3126 816 3161 eorum
852 3116 1102 3161 contactu
1139 3125 1198 3159 se
1234 3111 1650 3162 contaminatum
1690 3111 1758 3159 iri
1809 3108 2208 3173 existimabant,
2263 3126 2332 3159 ne
2377 3126 2503 3176 ergo
2559 3110 2627 3159 ab
2683 3125 2778 3160 esu
2831 3108 3092 3175 paschatis,

636 3198 808 3248 donec
845 3198 1124 3263 expurgati
1158 3196 1351 3259 forent,
1381 3197 1652 3247 abstinere
1679 3202 1995 3262 cogerentur
2029 3196 2226 3246 Judaei
2261 3200 2570 3246 manserunt
2607 3202 2758 3246 extra
2781 3196 3094 3261 praetorium.

634 3284 677 3348 ²)
715 3284 917 3333 Eorum
952 3282 1189 3333 moribus
1226 3282 1433 3333 scilicet
1475 3283 1577 3333 hoc
1623 3284 1912 3346 concessit,
1959 3282 2556 3347 consuetudinibusque.
2619 3282 2660 3347 ³)
2699 3280 2753 3331 S.
2787 3283 2924 3343 Leo,
2961 3296 3092 3329 serm.

632 3370 780 3419 vm.
806 3369 873 3419 de
896 3370 1047 3420 Pass.
1074 3384 1125 3418 n.
1154 3370 1201 3418 2.
1227 3384 1279 3434 Ρ.
1306 3371 1389 3417 57.
1451 3368 1493 3431 ⁴)
1528 3368 1737 3418 Pilatus
1786 3370 1986 3419 ironice
2034 3370 2235 3434 inquit:
2291 3370 2336 3420 si
2380 3384 2478 3418 vos
2525 3384 2645 3418 eum
2696 3367 3094 3434 deprehendistis

633 3472 799 3517 reum,
847 3455 1084 3520 mihique
1119 3470 1229 3505 non
1266 3460 1347 3504 est
1380 3468 1694 3504 concessum
1729 3456 1900 3520 ipsius
1935 3469 2156 3505 causam
2192 3470 2541 3520 cognoscere,
2589 3456 2821 3520 accipite
2864 3470 2982 3504 eum
3013 3468 3092 3500 vos

634 3547 689 3591 et
722 3541 1015 3591 secundum
1052 3541 1221 3606 legem
1260 3546 1491 3591 vestram
1526 3540 1763 3591 iudicate
1801 3556 1936 3589 eum.
1987 3542 2109 3602 Qua
2156 3541 2222 3591 de
2269 3556 2436 3591 causa
2471 3542 2540 3590 ad
2576 3541 2764 3591 Jesum
2801 3540 3095 3591 interficien—
3182 3566 3183 3569 =

635 3628 761 3677 dum
794 3627 957 3677 Pilati
992 3628 1285 3677 ministerio
1324 3631 1541 3677 utantur
1574 3626 1611 3677 J
1616 3626 1796 3689 udaei‚
1843 3629 1899 3675 in
1946 3628 2311 3679 controversia
2345 3628 2576 3693 ponitur.
2631 3627 2687 3677 8.
2723 3628 2910 3692 Cyrilli
2945 3627 3020 3677 Al.
3051 3628 3096 3672 in
3182 3670 3183 3685 ¹

634 3713 829 3763 Joann.
854 3714 955 3763 Ev.
982 3713 1017 3763 l.
1042 3714 1163 3763 XII.
1191 3713 1259 3763 ad
1285 3713 1367 3775 18,
1394 3715 1478 3762 31.
1504 3715 1587 3762 32.
1614 3712 1733 3775 VII,
1759 3715 1878 3763 615.
1915 3715 2182 3763 sententia
2217 3713 2352 3763 haec
2385 3718 2468 3763 est
2504 3714 2720 3773 „vetari
2755 3728 2814 3765 se
2849 3713 2920 3763 ab
2955 3712 3095 3776 impis
3182 3722 3183 3745 1

636 3800 801 3851 caede
838 3802 1013 3862 aiunt,
1052 3802 1181 3864 quia
1217 3800 1284 3849 ad
1322 3800 1447 3865 agni
1494 3802 1872 3849 comestionem
1905 3800 2174 3865 purificati
2220 3804 2386 3849 erant.
2437 3800 2548 3865 Ipsi
2595 3801 2734 3849 enim
2781 3799 2850 3849 ad
2897 3800 3092 3864 impium

635 3888 770 3938 illud
790 3888 1013 3969 ’facinus
1050 3886 1444 3952 suscipiendum
1480 3887 1824 3952 promtissimi
1861 3891 2040 3949 eraut,
2084 3902 2184 3937 nec
2219 3886 2380 3936 ullius
2417 3886 2488 3935 ad
2522 3885 2578 3935 id
2615 3900 2718 3951 ope
2753 3886 3094 3951 indigebant*

636 3974 692 4024 S.
726 3974 928 4039 cyrino
968 3974 1257 4023 assentitur
1291 3972 1579 4035 Batonius,
1617 3972 1811 4023 Annal.
1841 3973 1993 4023 Eccl.
2043 3972 2112 4023 ad
2145 3988 2268 4023 ann.
2303 3974 2385 4023 34.
2421 3988 2472 4021 n.
2511 3974 2592 4021 77.
2627 3972 2710 4021 ed.
2744 3973 2878 4021 Luc.
2913 3988 2964 4037 p.
3001 3971 3095 4019 142.

634 4062 882 4113 Potuisse
919 4058 1197 4127 pontifices
1236 4076 1356 4109 cum
1406 4064 1620 4123 senatu,
1675 4064 1892 4109 servata
1939 4060 2135 4125 quippe
2179 4058 2410 4109 limitata
2452 4059 2614 4123 prisci
2657 4060 2792 4109 iuris
2837 4055 3098 4109 exercendi
3182 4074 3183 4079 ¹

634 4148 898 4211 libertate,
936 4162 1141 4213 poenas
1176 4148 1359 4196 mortis
1407 4148 1513 4197 reis
1556 4146 1798 4211 infligere
1833 4162 1899 4195 ex
1933 4146 2244 4195 recentioris
2281 4146 2400 4194 aevi
2437 4146 2820 4210 interpretibus
2874 4144 3098 4195 credunt:
3182 4152 3183 4165 ¹

635 4235 697 4284 A.
722 4236 990 4299 Bynaeus,
1018 4232 1083 4283 de
1106 4238 1276 4283 morte
1300 4232 1352 4282 J.
1380 4232 1438 4281 C.
1464 4248 1650 4282 comm.
1677 4233 1711 4283 l.
1737 4232 1834 4282 111.
1873 4232 2039 4282 Amst.
2068 4233 2218 4282 1698.
2245 4232 2286 4294 1,
2314 4234 2395 4281 14.
2421 4248 2474 4297 p.
2499 4233 2582 4281 2⁷.
2607 4248 2650 4282 s.
2701 4231 2757 4282 S.
2781 4232 3096 4297 Deylingius‚

636 4320 860 4371 Observ.
886 4319 939 4370 S.
964 4320 1035 4383 11,
1062 4322 1147 4370 33.
1183 4320 1249 4369 de
1276 4319 1607 4369 Judaeorum
1632 4320 1746 4369 iure
1765 4317 1932 4385 gladii
1967 4323 2206 4384 tempore
2232 4318 2444 4368 Christi.
2471 4334 2522 4383 p.
2548 4320 2669 4369 313.
2695 4335 2738 4369 s.
2787 4318 2840 4368 J.
2859 4319 2922 4369 Τ.
2948 4316 3096 4367 Krob-

637 4407 765 4469 sius,
792 4406 921 4457 Obs.
946 4408 1003 4455 in
1028 4406 1092 4456 N.
1118 4406 1179 4455 Τ.
1206 4422 1237 4455 e
1261 4405 1469 4455 Flavio.
1493 4405 1642 4471 Lips.
1671 4407 1822 4455 1755.
1845 4421 1898 4470 Ρ.
1927 4406 2042 4455 155.
2090 4405 2143 4455 J.
2167 4405 2231 4454 L.
2255 4405 2507 4469 Wagner,
2533 4404 2600 4454 de
2625 4404 2876 4469 synedrio
2902 4407 3099 4467 eiusque

637 4494 753 4543 iure
776 4493 958 4557 gladii.
983 4492 1155 4542 Marb.
1183 4494 1333 4543 1741.
1383 4491 1624 4554 Wolfius,
1665 4508 1773 4542 cur.
1799 4491 1926 4559 phil.
1953 4492 2022 4541 ad
2047 4492 2243 4541 Joann.
2271 4494 2351 4553 18,
2379 4494 2462 4541 31.
2487 4508 2540 4557 p.
2566 4494 2686 4542 905.
2736 4492 2981 4552 Kuinoel,
3013 4490 3099 4538 Ev-

637 4578 881 4631 Joannis.
916 4596 967 4647 p.
1004 4580 1122 4631 651.
1169 4579 1465 4646 Dollinger,
1501 4578 1894 4630 Christenthum
1931 4578 2042 4629 und
2075 4578 2287 4628 Kirche.
2334 4595 2385 4644 p.
2409 4580 2527 4627 454.
2563 4594 2606 4628 s.
2641 4578 2814 4629 Juxta
2848 4588 3100 4629 commune
