3267 5259
1084 452 1305 495 Postrema
1333 453 1495 494 Christi
1525 452 1774 496 hebdomas.
2591 442 2672 505 87

226 636 517 711 rogarunt,
562 636 631 691 ut
677 626 917 693 Christi
962 628 1031 690 in
1078 636 1439 713 conspectu
1484 627 1745 691 adstare
1793 627 1914 692 sibi
1935 626 2180 692 liceret.
2243 626 2362 692 Ille
2393 650 2464 691 re
2496 630 2675 714 prius

224 762 343 803 cum
380 738 643 804 Andrea
692 742 1195 822 communicata,
1244 762 1469 804 eorum
1514 763 1750 825 preces
1797 739 2052 805 Christo
2107 739 2341 804 retulit.
2421 739 2674 819 Quibus

222 852 325 915 alta
363 874 518 917 voce
554 852 931 938 respondet,
970 852 1319 917 iucundam
1368 852 1486 917 sibi
1521 875 1666 917 esse
1712 852 1884 917 illam
1933 852 2340 917 Graecorum
2384 852 2671 939 postula-

224 967 427 1027 tionem
454 968 502 1047 ¹;
551 966 813 1029 venisse
846 967 978 1029 iam
1006 964 1255 1048 horam,
1292 988 1421 1051 qua
1451 964 1597 1028 Filii
1628 964 1907 1029 hominis
1937 965 2146 1050 gloria
2175 965 2368 1050 longe
2413 965 2673 1052 lateque

224 1088 590 1142 corruscaret
610 1078 655 1141 ⁹.
734 1078 1083 1164 Templum
1138 1077 1377 1143 deinde
1432 1077 1795 1163 urbemque
1851 1078 2110 1163 reliquit
2165 1089 2229 1142 et
2287 1077 2674 1142 Bethaniam

224 1192 532 1274 secessit33
602 1212 821 1277 neque
892 1192 1063 1255 enim
1130 1190 1299 1255 ultra
1364 1213 1565 1255 voces
1630 1190 1842 1255 honor
1906 1190 2124 1276 paullo
2193 1200 2344 1255 ante
2415 1189 2669 1255 Christo

220 1301 471 1367 redditus
514 1306 857 1389 processit,
890 1303 1103 1367 nullus
1137 1305 1309 1367 enim
1346 1303 1650 1388 hospiti0,
1683 1301 1896 1367 nullus
1928 1325 2078 1367 eum
2111 1312 2282 1367 tecto
2316 1324 2671 1388 mensaque

224 1413 483 1499 dignatus
535 1426 635 1481 est
652 1419 697 1480 ⁴.

222 1678 372 1753 §.2st
402 1674 629 1740 Ficus
659 1675 1108 1758 maledicta,
1138 1677 1405 1740 variae
1440 1677 1974 1760 quaestioneS,
2005 1674 2675 1761 Jerosolymarum

436 1790 775 1869 eversiO,
825 1790 1049 1873 signa
1093 1810 1609 1873 praecessura
1656 1787 2068 1852 adventurn
2117 1786 2427 1853 Christi.

392 1979 583 2044 Mane
634 1990 858 2043 autem
913 1977 1119 2043 altera
1164 1978 1269 2043 die
1315 1979 1359 2044 J
1364 2002 1512 2043 esus
1556 1978 1754 2043 Feria
1799 1976 2090 2043 secunda
2133 1980 2367 2043 iterum
2413 1979 2673 2043 rediens

222 2093 273 2153 in
319 2091 531 2156 urbem
596 2093 838 2157 esuriit.
921 2091 1377 2177 Depellendae
1438 2092 1628 2175 fami,
1696 2113 1842 2156 cum
1903 2114 1938 2155 e
1996 2091 2350 2177 longinquo
2407 2091 2676 2155 vidisset

224 2202 383 2268 ficum
423 2204 777 2270 habentem
824 2203 1001 2288 folia,
1046 2206 1227 2269 venit
1272 2207 1547 2287 visurus,
1594 2227 1753 2269 num
1796 2205 2118 2269 inveniret
2162 2203 2405 2290 aliquid
2447 2206 2516 2268 in
2561 2226 2672 2287 ea3

224 2319 347 2399 quia
384 2328 596 2383 autem
643 2340 779 2382 non
827 2328 968 2383 erat
1008 2328 1268 2405 tempus
1313 2318 1584 2398 ficuum,
1629 2317 1722 2382 nil
1764 2318 2030 2399 invenit,
2081 2339 2208 2402 quo
2258 2319 2434 2381 circa
2475 2315 2673 2380 male-

226 2426 355 2493 dixit
401 2430 721 2495 ficulneae
780 2454 914 2497 non
968 2430 1235 2496 habenti
1292 2432 1602 2513 fructum,
1663 2452 1833 2517 quae
1893 2432 2106 2494 statim
2162 2428 2454 2493 arefacta
2515 2438 2613 2493 est
2631 2433 2672 2493 ⁵.

224 2538 519 2624 ingressus
558 2545 627 2608 in
668 2542 1018 2629 Templum
1065 2543 1305 2609 docuit.
1371 2543 1535 2609 Cum
1582 2566 1741 2608 vero
1783 2543 2140 2607 audiissent
2185 2541 2560 2607 sacerdotes
2608 2552 2675 2606 et

224 2652 433 2719 scribae
498 2658 720 2720 varios
788 2655 953 2721 Jesu
1020 2679 1385 2738 sermones,
1456 2655 1692 2742 quibus
1767 2677 1995 2721 eorum
2065 2655 2544 2719 contumaciam
2612 2664 2677 2718 et

224 2884 399 2947 quidem
447 2903 557 2937 non
612 2891 993 2952 susceperant,
1056 2886 1151 2936 sed
1210 2887 1323 2934 veri
1384 2890 1563 2934 tamen
1621 2883 1728 2933 Dei
1781 2885 2027 2933 timentes
2082 2883 2314 2933 fuerant.
2380 2882 2446 2931 V.
2495 2882 2560 2931 R.
2607 2883 2675 2932 D.

224 2968 271 3017 V.
292 2971 343 3019 T.
364 2990 410 3037 p.
435 2975 551 3023 587.

396 3061 427 3124 ι)
464 3062 569 3123 Qui
604 3060 777 3110 veluti
812 3061 1075 3125 primitiae
1113 3061 1350 3125 gentium
1386 3058 1774 3124 profitebantur
1811 3056 2106 3107 Salvatoris
2149 3058 2537 3121 apparitionem
2575 3056 2676 3106 sibi

224 3143 309 3191 sore
340 3149 773 3212 acceptissimam.
836 3145 877 3208 2)
916 3147 1125 3195 Instare
1164 3152 1371 3211 tempus
1407 3144 1742 3209 glorificandi
1776 3144 1902 3193 Filii
1945 3144 2189 3206 hominis,
2229 3159 2293 3193 ex
2331 3143 2674 3193 disseminato

226 3229 382 3295 ubique
423 3243 681 3283 terrarum
732 3233 1061 3298 EvangeliO,
1106 3232 1251 3298 quod
1296 3236 1503 3297 promto
1549 3232 1727 3280 animo
1775 3230 1973 3279 ethnici
2016 3244 2326 3294 suscepere3
2376 3228 2514 3279 hanc
2547 3245 2676 3279 vero

224 3315 619 3375 glorificationem
672 3321 888 3369 nonnisi
940 3320 1191 3384 passione
1248 3333 1348 3369 sua
1396 3322 1451 3367 et
1496 3322 1666 3367 morte
1719 3318 1942 3381 praevia
1993 3315 2107 3365 fieri
2163 3330 2346 3380 posse,
2395 3316 2559 3364 tritici
2607 3315 2676 3364 ad

226 3404 419 3469 modum,
474 3408 629 3457 cuius
684 3422 867 3456 semen
920 3411 1187 3455 mortuum
1240 3404 1435 3455 multos
1488 3404 1692 3453 fructus
1747 3402 1914 3453 affert.
1991 3402 2032 3467 ³)
2078 3402 2276 3451 Joann.
2316 3403 2407 3463 12,
2453 3402 2674 3450 20—50.

228 3490 256 3544 ⁸³
286 3490 555 3542 Bethaniae
610 3493 679 3542 de
734 3507 879 3541 more
936 3506 971 3541 a
1019 3491 1231 3541 Lazaro
1286 3496 1447 3555 atque
1508 3491 1609 3556 piIs
1665 3490 1937 3539 sororibus
1991 3488 2240 3553 religiose
2295 3488 2674 3553 excipiebatur.

226 3573 375 3627 Manli.
398 3582 477 3641 21,
504 3581 585 3629 17.
636 3577 823 3628 Veluti
855 3580 939 3627 vir
974 3579 1213 3643 privatus
1251 3577 1321 3627 ad
1359 3578 1559 3627 amicos
1596 3576 1756 3625 rediit
1777 3574 1955 3637 Jesus,
1983 3577 2074 3640 qui
2106 3588 2262 3624 mane
2299 3574 2478 3625 multis
2515 3576 2674 3624 comi-

226 3664 421 3715 tantibus
462 3666 739 3715 hominum
785 3666 1065 3727 centuriis,
1104 3665 1394 3715 solenniter
1439 3664 1623 3713 urbem
1659 3664 1978 3725 intraverat,
2017 3676 2117 3711 nec
2155 3677 2338 3711 eorum
2384 3660 2676 3726 quidquam

226 3748 411 3813 fecerat,
456 3767 591 3817 quae
648 3766 911 3801 novarum
950 3736 1141 3800 ‘rerum
1196 3750 1376 3815 cupidi
1431 3753 1782 3815 speraverant
1833 3748 2048 3797 Judaei.
2123 3748 2164 3811 ³)
2222 3748 2363 3797 Hinc
2412 3763 2519 3797 non
2566 3760 2678 3796 una

226 3844 425 3887 movetur
468 3839 750 3904 quaestio?
802 3852 850 3887 a.
898 3836 1007 3887 Cur
1042 3837 1203 3887 Jesus
1249 3838 1536 3887 accesserit
1572 3836 1643 3885 ad
1679 3834 1838 3885 ficum
1883 3834 2190 3899 quaerendo
2235 3835 2373 3897 cibo,
2411 3850 2530 3883 cum
2567 3849 2675 3883 non

228 3920 465 3985 ignoras-et,
500 3924 743 3975 nondum
766 3923 957 3973 adesse
988 3922 1183 3974 ficuum
1206 3927 1605 3988 tempestatem;
1645 3927 1808 3987 atque
1844 3922 1897 3971 b.
1936 3936 2102 3987 quare
2137 3922 2336 3971 insonti
2363 3934 2426 3969 ac
2450 3924 2675 3969 naturae

226 4004 393 4071 legibus
426 4010 745 4076 obsequenti
782 4010 961 4059 arbori
996 4009 1363 4059 maledixerit?
1417 4010 1597 4059 Prima
1633 4009 1878 4073 quaestio
1917 4006 2051 4057 solvi
2087 4011 2266 4073 potest
2300 4006 2675 4076 observatione

228 4092 373 4155 Plinii,
406 4098 537 4149 Hist.
574 4103 755 4146 natur.
789 4097 907 4157 XV,
945 4099 1025 4147 18.
1060 4096 1126 4146 ed
1160 4097 1353 4145 Franc.
1390 4112 1441 4161 p.
1478 4098 1596 4145 675.
1647 4095 1972 4157 „novissima
2015 4094 2115 4145 sub
2161 4094 2334 4143 hieme
2379 4096 2676 4141 maturatur

227 4178 543 4247 chelidonia“;
592 4198 737 4248 quae
780 4182 915 4232 ficus
962 4182 1169 4247 species
1205 4182 1430 4248 proinde
1466 4183 1731 4247 potuisset
1765 4182 1822 4230 in
1859 4181 2050 4230 arbore
2096 4180 2330 4244 reperiri.
2395 4176 2675 4227 Secundae

228 4270 453 4319 commode
496 4272 575 4320 sie
622 4268 997 4333 respondetur.
1057 4268 1321 4318 Dominus
1366 4282 1464 4317 suo
1510 4268 1654 4317 facto
1703 4266 2034 4333 exprimebat
2078 4266 2386 4329 mysterium
2423 4264 2676 4328 reproba-

230 4352 351 4403 tionis
384 4359 547 4421 gentis
586 4355 821 4417 electae,
862 4370 926 4404 eo
964 4354 1105 4419 quod
1143 4355 1365 4404 veniens
1402 4356 1457 4403 in
1494 4353 1746 4403 mundum
1795 4353 1998 4402 fructus
2045 4350 2306 4401 bonorum
2352 4364 2573 4414 operum
2609 4364 2676 4399 ac

228 4434 322 4487 fidei
350 4443 399 4491 in
426 4445 545 4508 ipsa
568 4458 679 4492 non
706 4441 1009 4506 reperisset.
1064 4440 1149 4489 Ita
1186 4440 1367 4505 quoad
1401 4441 1479 4489 rei
1515 4454 1772 4489 summam
1809 4455 1852 4488 s.
1878 4438 2224 4501 Aug-ustinus,
2249 4437 2306 4484 in
2329 4436 2419 4486 Ps.
2443 4437 2526 4485 31.
2554 4451 2676 4486 enn.

230 4520 279 4580 Π,
300 4528 339 4574 9-
360 4545 406 4593 p.
431 4532 543 4580 176.
592 4528 852 4592 Deyling‚
880 4526 993 4576 obs.
1020 4542 1061 4576 s.
1086 4526 1183 4589 111,
1219 4528 1301 4575 29.
1339 4542 1390 4591 p.
1425 4528 1541 4575 215.
1578 4540 1620 4575 s.
1673 4524 1755 4573 Cf.
1790 4524 1842 4574 J.
1879 4524 1937 4573 C.
1973 4522 2278 4588 Goesgenii,
2315 4522 2442 4571 diss.
2468 4521 2534 4570 de
2571 4520 2676 4571 ficu

228 4612 477 4679 maledieta,
512 4619 568 4666 in
602 4615 767 4665 Thes.
796 4628 921 4663 nov.
956 4629 1007 4677 p.
1034 4613 1154 4662 417.
1180 4629 1223 4663 s.
