3267 5259
607 402 735 467 502
1344 414 1461 457 mat.
1489 414 1596 455 Rev.
1626 412 1715 455 div.
1745 414 1912 456 Pei-iod.
1941 414 1999 455 11.
2017 425 2112 465 cap.
2139 412 2343 455 alterum.

614 590 729 655 det
772 612 891 676 pro
938 588 1273 672 fratribus,
1322 587 1628 675 exemplo
1677 587 1943 671 Christi,
1994 590 2104 675 qui
2147 590 2350 653 vitam
2395 611 2580 653 suam
2625 590 2920 653 divinam
2977 614 3090 675 pro

612 702 799 769 nobis
844 704 1080 788 posuit.
1149 700 1217 767 Si
1266 703 1501 767 caritas
1560 712 1784 767 nostra
1843 704 2098 767 sincera
2153 712 2283 785 est,
2345 724 2574 767 secure
2635 701 2972 789 supplices
3017 702 3095 766 ad

614 816 831 881 Deum
906 814 1182 880 fundere
1266 838 1611 901 possumus
1679 836 1944 901 preces,
2011 815 2096 879 ab
2165 817 2306 901 ipso
2383 814 2856 879 exaudiendas.
2935 814 3094 878 Nam

616 932 873 1011 ,caritas
918 930 1061 1014 ipsa
1093 939 1255 1011 orat,
1303 938 1533 991 contra
1576 927 1748 992 hanc
1795 950 1986 993 aures
2033 927 2340 993 claudere
2369 950 2503 992 non
2531 930 2734 1012 novit,
2783 930 2898 1015 qui
2931 928 3098 992 illam

618 1042 817 1105 dedit‘
844 1046 879 1105 ¹.
950 1042 1097 1107 Hoc
1162 1064 1425 1128 quoque
1486 1040 1682 1105 modo
1746 1064 2018 1106 noscere
2080 1063 2446 1127 possumne,
2508 1043 2724 1106 inesse
2787 1044 2857 1105 in
2917 1040 3100 1105 nobis

618 1154 927 1240 Spiritum
986 1153 1084 1237 S.;
1132 1156 1171 1217 i.
1221 1176 1275 1218 e.
1339 1156 1615 1239 gratiam
1677 1154 2214 1219 sanctificantem.
2278 1155 2526 1219 Verum
2585 1156 2740 1239 quia
2791 1154 2978 1219 multi
3035 1177 3100 1217 se

620 1268 863 1354 Spiritu
934 1267 1083 1332 duci
1129 1268 1541 1354 praedicant,
1604 1291 1690 1332 ne
1747 1270 1801 1333 si
1855 1268 2006 1332 mali
2053 1270 2208 1353 sint,
2267 1267 2405 1333 falli
2457 1267 2685 1333 fideles
2735 1269 3101 1353 contingat3

622 1382 957 1445 cautiones
1018 1380 1279 1445 subiicit
1332 1381 1690 1467 Apostolus
1753 1392 1820 1445 et
1881 1392 2072 1447 notas
2131 1384 2446 1467 assignat,
2518 1380 2753 1467 quibus
2825 1381 3102 1446 discerni

621 1494 881 1579 spiritus
925 1494 1194 1579 possint,
1242 1516 1327 1558 an
1372 1496 1664 1559 veritatis
1706 1518 1792 1559 an
1839 1497 2072 1560 erroris
2113 1497 2238 1559 sint
2257 1496 2330 1558 2⁴?
2377 1494 2676 1561 Dilectus
2707 1494 2878 1559 Jesu
2925 1494 3104 1558 disci-

622 1605 813 1692 pulus
844 1608 1179 1671 continere
1214 1628 1281 1671 se
1314 1630 1445 1671 non
1480 1610 1710 1693 potuit,
1751 1610 1906 1693 quin
1939 1608 2214 1673 subinde
2245 1608 2476 1673 redeat
2513 1606 2598 1672 ad
2632 1610 2995 1673 orationem
3027 1607 3103 1671 de

624 1720 893 1782 caritate
915 1723 957 1783 ³.
990 1718 1228 1785 Denuo
1252 1731 1573 1785 memorat
1604 1720 1850 1785 nullum
1883 1720 1968 1785 ad
1989 1720 2504 1806 ingenerandam
2532 1723 2874 1785 caritatem
2899 1722 3104 1807 aptius

624 1833 1000 1916 mysterium
1058 1856 1200 1897 esse
1245 1832 1654 1899 beneficio
1709 1834 2320 1899 Redemtionis⁴.
2389 1834 2694 1899 Caritatis
2747 1833 3104 1898 secundum

628 1943 1079 2008 excellentiam
1114 1945 1470 2030 perfectae,
1505 1947 1756 2011 fructus
1787 1955 1849 2011 ct
1882 1947 2154 2012 effectus
2179 1949 2244 2011 in
2271 1970 2348 2013 eo
2377 1957 2680 2034 apparet3
2715 1948 2900 2033 quod
2931 1970 3106 2034 spem

627 2056 899 2121 solidam
950 2060 1393 2143 concipiamus
1440 2058 1523 2123 de
1566 2059 1992 2141 beatitudine,
2039 2083 2164 2125 nec
2205 2059 2630 2125 formidemus
2677 2060 3108 2125 damnationis

628 2172 691 2233 in
738 2169 975 2235 iudicio
1036 2173 1423 2235 sententiam
1444 2176 1485 2237 ⁵.
1556 2172 1811 2237 Caritas
1869 2175 2128 2237 interim
2177 2172 2260 2237 ad
2305 2173 2658 2238 amandum
2715 2173 2938 2238 Deum
2985 2196 3108 2237 non

628 2262 929 2347 movetur
972 2283 1267 2369 utilitate,
1314 2284 1433 2350 sed
1474 2308 1642 2373 pura
1672 2288 1988 2370 amicitia3
2037 2286 2296 2373 qualem
2343 2290 2518 2373 prior
2551 2285 2916 2351 declaravit
2959 2308 3109 2371 erga

634 2420 755 2461 nos
778 2398 982 2463 Deus.
1025 2399 1259 2485 Itaque
1292 2422 1585 2464 amemus
1609 2399 1828 2464 Deum
1862 2400 2192 2485 diligendo
2225 2400 2459 2464 fratres
2479 2406 2520 2463 ⁶.
2562 2400 2808 2464 Rursus
2844 2400 3110 2464 adstruit

634 2521 1117 2576 sacramentum
1162 2512 1635 2578 Incarnationis
1686 2516 1797 2597 sic,
1845 2524 1918 2577 ut
1963 2514 2138 2600 quod
2187 2516 2244 2577 ei
2291 2515 2578 2577 maxime
2615 2512 2796 2577 cordi
2845 2514 2988 2595 fuit,
3032 2510 3108 2574 ad

635 2624 1231 2690 commendandum
1295 2650 1583 2691 amorem
1641 2626 1997 2693 identidem
2054 2626 2280 2691 redeat
2303 2630 2343 2689 ⁷.
2409 2626 2607 2690 Fides
2654 2627 2716 2689 in
2763 2626 2996 2691 Jesum
3043 2624 3108 2689 C.

632 2788 824 2795 ——ss
853 2788 992 2795 -ss—

844 2856 880 2915 ¹)
921 2856 973 2904 S.
1012 2856 1355 2921 Augustinus,
1394 2859 1447 2907 in
1485 2874 1567 2922 ep.
1604 2858 1799 2907 Joann.
1839 2864 1900 2906 tr.
1939 2858 2030 2919 VI,
2069 2858 2118 2907 8.
2155 2857 2253 2918 ΙΙΙ,
2293 2858 2410 2907 867.
2447 2856 2584 2905 Fide
2619 2858 2762 2905 enim
2799 2872 2912 2922 qua
2947 2856 3014 2905 D.
3047 2856 3108 2904 N.

632 2944 685 2993 J.
725 2942 811 3007 C.;
850 2948 905 2993 et
940 2945 1178 3006 caritate,
1219 2959 1327 3010 qua
1370 2944 1561 2995 fratres
1608 2946 1991 3010 amplectimur,
2037 2946 2206 2995 omnis
2243 2946 2355 2993 vita
2391 2958 2510 2993 cum
2549 2943 2762 2993 Christo
2808 2943 3108 2993 absolvitur.

636 3030 675 3094 ²)
710 3030 899 3079 Merito
926 3032 1107 3096 itaque
1132 3031 1291 3081 docet
1314 3048 1355 3081 s.
1375 3032 1617 3083 Joannes
1643 3048 1852 3081 omnem
1879 3033 2122 3097 spiritum
2148 3046 2212 3080 ex
2241 3031 2359 3080 Deo
2386 3044 2520 3091 esse,
2547 3030 2638 3095 qui
2665 3030 2734 3079 D.
2757 3030 2820 3079 N.
2841 3031 2894 3080 J.
2917 3030 2974 3080 C.
2995 3046 3106 3079 con-

636 3116 813 3167 fltetur
848 3118 1059 3167 venisse
1094 3119 1151 3167 in
1182 3133 1371 3181 carne3
1412 3120 1501 3183 qui
1528 3136 1655 3167 vero
1681 3118 1866 3168 Jesum
1905 3124 2066 3184 negat
2097 3146 2152 3155 —-
2181 3124 2218 3167 t.
2245 3134 2293 3167 o.
2320 3133 2429 3167 non
2455 3116 2738 3167 confitetur
2763 3144 2848 3179 —,
2875 3116 3020 3166 illum
3053 3131 3108 3163 ex

638 3206 755 3255 Deo
781 3220 889 3255 non
916 3220 1033 3254 esse
1058 3204 1152 3254 sed
1178 3206 1575 3255 Antichristum.
1618 3206 1772 3255 Haec
1796 3206 2036 3272 pericula
2055 3209 2313 3271 superant
2347 3204 2532 3255 fideles
2567 3220 2664 3269 per
2687 3205 2864 3253 Deum
2901 3206 2954 3253 iu
2991 3202 3108 3267 ipsis

636 3292 1050 3355 inhabitantem3
1090 3294 1182 3359 qui
1218 3293 1377 3358 longe
1404 3294 1645 3358 potentia
1679 3298 1918 3359 praestat
1951 3293 2046 3355 illi,
2085 3294 2176 3357 qui
2201 3293 2338 3357 regit
2361 3290 2630 3340 mundano
2657 3290 2850 3355 spiritu
2876 3292 3108 3356 agitatos.

640 3380 806 3431 Nemo
844 3381 1075 3441 miretur,
1114 3380 1159 3429 si
1197 3382 1287 3445 qui
1326 3379 1652 3430 mundanum
1689 3394 1818 3445 prae
1854 3394 1912 3428 se
1951 3380 2128 3429 ferunt
2163 3380 2420 3444 spiritum,
2460 3378 2528 3427 ad
2565 3379 2792 3443 gratiam
2831 3377 3108 3443 loquuntur

640 3466 860 3529 mundo;
918 3467 1253 3517 delectantur
1298 3468 1491 3532 quibus
1538 3467 1626 3517 ille
1675 3468 1858 3527 rebus;
1903 3468 1942 3515 ii
1987 3472 2187 3527 contra,
2239 3466 2330 3531 qui
2379 3466 2692 3514 societatem
2727 3466 2966 3513 inierunt
2999 3478 3104 3510 cum

638 3556 778 3617 Dee,
836 3560 1161 3619 spernuntur
1214 3570 1247 3605 a
1300 3554 1521 3617 mundo,
1572 3570 1673 3603 nec
1727 3555 1828 3603 nisi
1878 3552 1946 3603 ab
2000 3552 2305 3603 orthodoxis
2351 3552 2658 3602 audiuntur.
2715 3554 2778 3613 2,
2817 3554 3030 3609 its—4,
3065 3550 3109 3597 6.

640 3642 681 3705 ³)
721 3642 931 3692 Prolixe
968 3642 1305 3691 commendat
1341 3657 1572 3691 amorem
1608 3642 1713 3691 Dei
1749 3646 1804 3691 et
1837 3642 2076 3706 proximi.
2135 3639 2362 3705 Spiritus
2397 3641 2640 3689 veritatis
2679 3656 2744 3689 ex
2781 3640 2898 3688 Deo
2935 3643 3030 3699 est,
3067 3643 3108 3684 et

642 3730 899 3795 peculiari
936 3729 1093 3779 modo
1131 3731 1344 3789 caritas,
1383 3744 1416 3778 a
1454 3744 1561 3795 qua
1598 3728 1647 3778 d.
1689 3728 1928 3779 Joannes
1965 3728 2138 3777 Deum
2174 3728 2348 3792 ipsum
2386 3726 2710 3777 denominat.
2767 3724 2906 3775 Nihil
2953 3739 3110 3787 aeque

642 3816 1024 3877 demonstrare,
1065 3816 1206 3881 quod
1234 3817 1382 3867 Deus
1420 3818 1489 3865 sit
1524 3817 1794 3882 ipsissima
1825 3816 2050 3877 caritas3
2090 3828 2250 3879 quam
2275 3818 2334 3862 ut
2357 3813 2593 3863 efficeret
2627 3810 2768 3863 filios
2805 3812 3110 3878 adoptionis,

641 3920 749 3955 non
786 3906 1091 3970 pepercisse
1118 3904 1327 3952 Patrem
1364 3904 1579 3969 proprio
1606 3902 1763 3963 Filio,
1801 3904 1856 3951 iu
1894 3916 2000 3966 quo
2039 3916 2248 3951 omnem
2283 3914 2438 3949 suum
2476 3913 2710 3949 amorem
2749 3898 3111 3949 collocaverat.

644 3993 931 4041 Praevenit
963 3992 1185 4056 insuper
1220 4006 1319 4041 nos
1356 3990 1646 4055 diligendo.
1703 3989 1836 4039 Cum
1886 3990 2045 4053 igitur
2089 3992 2368 4052 tantopere
2415 3986 2660 4036 dilexerit
2695 4002 2810 4044 nos,
2857 3986 3111 4051 proximus

646 4084 860 4146 propter
906 4080 1081 4129 Deum
1128 4078 1396 4143 diligatur,
1444 4092 1552 4143 qua
1597 4077 1882 4127 dilectione
1929 4082 2112 4126 nostra
2159 4090 2278 4125 cum
2325 4076 2444 4124 Deo
2490 4075 2790 4123 communio
2841 4071 3110 4138 perficitur.

646 4168 763 4217 Hac
798 4182 898 4218 nos
936 4168 1307 4216 communione
1343 4165 1591 4230 gaudere,
1630 4180 1956 4229 cognoscere
1993 4176 2274 4229 possumus
2313 4178 2378 4212 ex
2415 4176 2496 4221 eo,
2535 4160 2680 4226 quod
2713 4160 2780 4209 de
2807 4160 3001 4226 Spiritu
3025 4170 3112 4207 suo

647 4255 853 4305 dederit
886 4253 1059 4303 nobis.
1107 4252 1147 4319 ⁴)
1174 4252 1279 4313 Qui
1314 4254 1381 4302 D.
1422 4252 1483 4301 N.
1521 4252 1573 4301 J.
1612 4251 1674 4300 C.
1710 4251 2060 4317 principalem
2099 4256 2152 4299 et
2187 4248 2502 4299 efficientem
2543 4262 2762 4297 causam
2799 4246 2982 4297 salutis
3019 4243 3112 4291 fide

646 4342 1007 4407 amplectitur,
1048 4345 1101 4389 et
1136 4339 1435 4405 profitetur,
1482 4340 1535 4388 in
1573 4340 1690 4387 Deo
1737 4342 1940 4401 manet3
1999 4337 2146 4387 velut
2193 4336 2460 4385 obiectum
2507 4335 2576 4385 ab
2623 4336 2740 4400 ipso
2787 4334 3028 4383 dilectum
3063 4337 3109 4379 et

648 4430 932 4493 cognitum,
971 4428 1019 4476 ei
1058 4427 1297 4477 conferet
1330 4428 1496 4475 vitam
1534 4432 1821 4475 aeternam.
1872 4426 1912 4489 ⁵)
1953 4424 2162 4475 Caritas
2189 4424 2328 4473 enim
2353 4422 2603 4472 fiduciam
2629 4423 2813 4487 gignit,
2851 4422 2932 4470 cui
2967 4420 3113 4467 timor

650 4514 991 4577 adversatum
1028 4520 1311 4579 propterea
1346 4514 1435 4563 ubi
1474 4513 1714 4578 perfecta
1751 4514 1944 4561 caritas
1980 4510 2220 4577 perfecta
2255 4508 2454 4559 fiducia
2489 4514 2598 4569 est,
2646 4514 2700 4557 et
2733 4507 2916 4575 procul
2951 4507 3112 4555 timor.

652 4606 693 4665 θ)
732 4606 781 4663 4,
811 4604 994 4651 7-21,
1047 4601 1086 4665 ⁷)
1127 4600 1341 4663 Omnes,
1382 4602 1471 4666 qui
1509 4600 1734 4650 credunt
1769 4600 1956 4649 Jesum
1993 4612 2109 4648 esse
2149 4597 2415 4647 Christum
2455 4602 2508 4645 et
2543 4596 2648 4645 Dei
2673 4595 2880 4655 Filium,
2917 4608 2980 4642 ex
3003 4592 3110 4640 Deo
