3267 5259
1126 450 1289 491 christi
1316 460 1455 491 moro·
1483 448 1668 491 externi.
2508 433 2636 496 215

188 634 399 691 tunica
434 631 948 701 inconsutilis,
980 630 1147 687 cuius
1176 630 1449 687 distincte
1478 628 1753 685 meminit
1779 648 1825 683 s.
1849 626 2117 696 JoanneS,
2151 626 2292 694 l.c.;
2325 646 2472 703 quae
2507 629 2638 700 post

188 736 463 794 interulam
500 738 731 810 corpori
780 734 1045 809 proxime
1084 734 1459 803 adhaerebat,
1506 738 1807 809 totumque
1848 733 2096 804 tegebat.
2159 731 2246 787 De
2285 730 2395 787 hac
2427 729 2632 799 ,tradi-

188 844 317 897 tione
340 842 579 897 Patrum
603 838 931 914 accepimus
948 872 1031 879 —-
1051 838 1137 897 ait
1168 838 1543 914 Euthymius,
1572 837 1790 894 Comm.
1819 836 1884 893 in
1907 836 2133 908 Evang.
2159 834 2372 891 Matth.
2403 838 2502 905 27,
2533 838 2632 890 35.

188 946 259 1001 αἱ.
286 943 521 1002 Matthai
556 943 608 999 Ι.
651 944 717 1013 b,
758 947 900 1000 116.
924 974 1009 982 -—
1041 941 1301 999 tunicam
1338 961 1482 1016 opus
1518 940 1697 997 fuisse
1735 939 1845 997 Dei
1875 940 2112 1010 Matris,
2159 959 2196 995 a
2237 936 2635 1013 superioribus

190 1050 415 1125 pii-tibus
442 1054 800 1117 contextam,
826 1046 993 1105 velut
1020 1050 1159 1102 sunt
1188 1046 1342 1119 apud
1372 1065 1476 1102 nos
1505 1044 1714 1119 capitis
1743 1049 1848 1101 aut
1877 1044 2088 1118 pedum
2117 1041 2416 1119 hyemalia
2443 1041 2633 1115 operi-

190 1158 391 1211 menta!
448 1152 535 1209 De
566 1150 933 1217 Tunicahac
960 1149 1181 1207 Christi
1210 1150 1285 1207 ab
1313 1149 1751 1223 interpretibus,
1785 1166 1902 1224 qua
1937 1146 2252 1217 veteribus,
2285 1165 2402 1223 qua
2436 1166 2634 1203 recen-

190 1258 403 1314 tioribus
443 1256 643 1313 variae
688 1254 1013 1331 propositae
1050 1258 1190 1311 sunt
1228 1253 1569 1310 sententiae.
1632 1252 1705 1308 V.
1744 1251 1801 1308 J.
1843 1252 2194 1320 casauboni,
2237 1270 2428 1308 exerc.
2460 1250 2631 1322 XVI,

197 1366 311 1417 117.
338 1362 403 1417 ad
426 1363 586 1417 Ann.
610 1359 771 1417 Eccl.
796 1359 1007 1416 Baron.
1033 1377 1091 1433 p.
1120 1361 1265 1415 628.
1310 1357 1409 1413 Fr.
1438 1358 1513 1414 A.
1538 1355 1890 1427 Heinichen,
1924 1374 2149 1413 excurs.
2175 1354 2258 1413 X.
2291 1356 2364 1413 ad
2394 1354 2636 1413 Eusebii

192 1466 253 1520 H.
282 1466 339 1521 E.
368 1464 507 1535 VII,
546 1470 645 1521 18.
680 1464 769 1519 ed.
802 1462 963 1537 Lips.
1003 1466 1187 1519 1828.
1220 1460 1343 1531 ΙΙΙ,
1380 1464 1522 1517 401.
1556 1481 1601 1517 s.
1663 1460 1848 1517 Nobis
1887 1459 2144 1517 maxime
2185 1479 2244 1516 se
2274 1460 2638 1517 commendat

188 1569 231 1623 J.
258 1568 481 1625 Brauuii
540 1567 835 1624 sentent-ia
862 1598 951 1609 —-
978 1585 1153 1643 quam
1214 1564 1514 1641 proposuit
1570 1564 1638 1621 in
1694 1583 1892 1639 opere,
1956 1563 2218 1621 Vestitus
2274 1564 2636 1620 sacerdotum

192 1672 571 1729 Hebraeorum.
632 1672 823 1744 Lugd.
864 1671 993 1728 Bat.
1044 1675 1226 1727 1680.
1262 1669 1319 1739 Ι,
1370 1673 1467 1727 16.
1510 1688 1567 1743 p.
1604 1672 1748 1725 342.
1781 1702 1864 1709 -
1897 1668 2179 1725 Tunicam
2223 1667 2402 1725 fuisse
2445 1668 2635 1724 mani-

191 1789 377 1848 catam,
406 1796 479 1833 ex
508 1777 679 1845 lana3
720 1776 1055 1832 tunicarum
1086 1773 1375 1830 linearum
1404 1772 1850 1830 sacerdotalium
1887 1772 2092 1829 instar.
2148 1774 2312 1843 Arte,
2357 1776 2632 1830 contexta

192 1900 285 1955 qua
324 1880 571 1951 tibialia,
621 1880 855 1938 tunicae
902 1883 1244 1947 nocturnae,
1292 1876 1658 1935 chirothecae
1702 1882 1761 1933 et
1789 1876 1851 1933 id
1881 1896 2064 1949 genus
2107 1876 2344 1933 infinita
2373 1876 2516 1947 alia,
2560 1898 2634 1934 ex

194 2004 287 2041 uno
310 1984 397 2041 filo
416 1985 571 2042 binis
595 1984 929 2059 praelongis
958 1984 1129 2040 ferris
1150 1984 1257 2039 aut
1277 1982 1509 2051 acubus,
1538 1982 1611 2037 ad
1634 2000 1900 2037 normam
1930 1980 2265 2038 vestimenti
2299 1986 2633 2037 nectuntur.

196 2093 325 2161 (lpus
360 2089 527 2146 fuisse
566 2108 849 2145 manuum
886 2086 1165 2161 gloriosae
1204 2084 1494 2157 Virginis,
1538 2084 1743 2141 scribit
1787 2084 2174 2155 casaubonus,
2217 2084 2256 2140 l.
2298 2104 2344 2142 c.
2387 2105 2443 2159 p.
2487 2090 2633 2143 631.

197 2194 335 2249 faa-sse
386 2194 685 2251 credimus.
768 2191 965 2249 Aliter
1022 2191 1217 2247 visum
1274 2210 1320 2245 s.
1352 2189 1388 2245 J
1392 2189 1567 2246 oanni
1628 2188 2061 2264 chrysostomO,
2117 2188 2182 2244 in
2220 2188 2430 2245 Joann.
2477 2190 2633 2245 hom.

200 2296 469 2366 LXXXV,
510 2304 566 2355 2.
632 2296 808 2366 ,Quia
846 2295 1005 2351 enim
1052 2294 1115 2351 in
1145 2292 1479 2351 Palaestina
1511 2294 1656 2350 duos
1686 2298 2026 2350 consuentes
2063 2312 2299 2367 pannos,
2333 2292 2418 2349 sic
2457 2293 2634 2351 vesti-

198 2410 361 2457 menta
401 2408 640 2471 texunt,
689 2406 760 2457 ut
802 2398 1094 2473 significet
1130 2397 1384 2454 Joannes
1430 2396 1609 2454 talem
1649 2396 1826 2453 fuisse
1873 2395 2134 2453 tunicam
2178 2396 2349 2465 dicit,
2393 2397 2638 2471 desuper

196 2508 467 2562 tentexta!
511 2524 566 2579 p.
620 2508 765 2561 505.
829 2503 1021 2560 Divus
1057 2500 1307 2559 Thomas
1345 2503 1459 2578 Aq.
1502 2519 1696 2575 opusc.
1743 2499 1930 2557 XIX.
1976 2520 2024 2557 c.
2075 2506 2132 2557 8.
2193 2506 2396 2557 contra
2439 2500 2632 2575 impu-

198 2618 403 2679 gnantes
456 2608 857 2682 Religionem,
920 2607 1009 2663 ed.
1064 2608 1139 2662 A.
1194 2603 1447 2661 Redetti.
1508 2604 1775 2677 Bergom.
1845 2608 2027 2661 1741.
2079 2624 2135 2678 p.
2196 2608 2337 2661 278.
2398 2604 2634 2664 scribit:

199 2711 427 2774 ‚Videtur
453 2713 605 2790 quod
636 2718 765 2769 erat
795 2712 953 2767 facta
974 2708 1079 2767 tali
1112 2728 1298 2784 opere,
1332 2708 1485 2765 sicut
1514 2707 1696 2783 panni
1720 2714 2082 2765 consuuntur
2103 2726 2210 2765 acu
2240 2728 2372 2765 cum
2403 2728 2544 2766 auro
2575 2714 2640 2767 et

196 2818 381 2873 serico!
422 2818 593 2876 Nunc
614 2815 884 2889 religiose
908 2814 1170 2871 Treviris
1190 2819 1525 2870 asservatur
1546 2816 1605 2869 et
1634 2812 1862 2883 colitur,
1891 2818 1960 2869 ut
1979 2814 2338 2870 demonstrat
2359 2813 2414 2869 J.
2435 2814 2630 2884 Marx,

198 2920 493 2978 Goeehichte
522 2922 621 2977 des
650 2920 711 2976 h.
744 2919 967 2975 Rockes
1012 2918 1077 2975 in
1117 2918 1221 2974 der
1251 2917 1607 2975 Domkirche
1652 2936 1728 2973 zu
1758 2916 1943 2973 Trier.
1977 2916 2147 2973 Trev.
2189 2921 2371 2973 1844.
2405 2938 2462 2991 p.
2499 2923 2555 2975 9.
2587 2939 2633 2975 s.

200 3023 267 3077 De
302 3024 691 3081 calceamentis
736 3022 977 3098 perinde
1021 3023 1333 3098 eademque
1380 3020 1607 3079 ratione
1649 3020 2042 3089 statuerimus,
2087 3020 2160 3076 iis
2204 3021 2426 3079 scilicet
2467 3042 2636 3079 usum

198 3126 451 3185 (hristum
480 3128 821 3185 Dominum.
884 3125 1122 3183 Etenim
1170 3120 1498 3195 ἀνυποδησίαι
1534 3125 1692 3181 inter
1721 3126 2016 3181 Hebraeos
2047 3143 2162 3181 non
2194 3130 2322 3182 erat
2350 3125 2630 3199 vulgaris,

198 3251 341 3305 quare
366 3252 467 3290 nec
491 3233 527 3289 J
530 3252 662 3288 esus
690 3232 927 3288 incessit
968 3229 1362 3299 discalceatus,
1409 3228 1541 3286 coll.
1572 3228 1788 3285 Mat-th.
1825 3233 1880 3298 3,
1922 3233 2018 3284 11.
2081 3229 2234 3285 Nam
2263 3248 2300 3285 a
2329 3234 2633 3286 consuetu-

198 3334 305 3389 dine
329 3342 380 3393 et
406 3337 641 3414 quidem
670 3338 905 3393 vetusta
934 3334 1253 3391 discessisse
1281 3332 1319 3388 J
1320 3351 1499 3403 esum,
1534 3331 1699 3389 nullo
1729 3337 2072 3403 argumento
2109 3333 2634 3402 demonstrabitur3

200 3455 301 3493 (tum
324 3440 379 3495 in
410 3441 629 3498 vestitu
660 3438 959 3513 singulare
990 3437 1324 3496 observavit
1354 3454 1660 3513 nusquam.
1722 3437 1968 3493 Frustra
1997 3436 2174 3493 etiam
2215 3437 2449 3507 dieitur,
2484 3438 2636 3514 quod

201 3540 473 3601 ‹alceorum
514 3564 687 3601 usum
732 3542 1115 3599 interdixerit
1142 3542 1279 3612 suis,
1313 3539 1575 3598 sandalia
1606 3574 1690 3581 --
1720 3560 1868 3617 quae
1899 3540 2129 3615 plantas
2167 3542 2378 3614 pedum
2407 3541 2636 3616 simpli-

201 3644 315 3702 viter
362 3650 667 3717 muniunt,
730 3666 805 3702 ne
864 3646 1178 3719 gradiendo
1237 3645 1610 3701 offendantur
1664 3677 1746 3685 —
1799 3644 1958 3701 enim
2017 3662 2279 3701 concessa
2339 3645 2631 3720 Apostolis

202 3768 238 3802 s.
258 3750 453 3809 Marcus
486 3758 543 3823 6,
574 3758 633 3808 9.
673 3752 867 3819 docet;
916 3756 1089 3827 atque
1119 3769 1187 3806 ea
1214 3768 1260 3805 s.
1294 3749 1533 3805 Petrum
1564 3756 1812 3821 gestasse
1842 3768 1918 3803 ex
1947 3752 2079 3803 Act.
2118 3752 2215 3817 12,
2247 3754 2302 3804 8.
2335 3748 2628 3805 discimus.

204 3850 269 3907 (Ἰ.
294 3858 353 3911 Α.
380 3856 629 3931 Bynaei,
676 3856 749 3911 de
792 3853 999 3912 calceis
1044 3854 1445 3910 Hebraeorum
1492 3852 1703 3908 Dordr.
1751 3856 1934 3907 1695.
1975 3870 2032 3925 p.
2079 3856 2175 3907 12.
2217 3857 2311 3907 13.
2350 3857 2449 3908 91.
2489 3856 2631 3908 234.

206 3954 454 4015 Christum
482 3961 735 4036 denique
764 3977 1077 4033 pauperem
1106 3958 1283 4014 fuisse
1313 3956 1490 4013 dubio
1520 3960 1705 4025 caret,
1740 3974 1856 4012 non
1903 3960 2097 4013 tamen
2129 3955 2270 4011 adeo
2301 3974 2630 4029 pauperem,

208 4074 254 4114 ut
302 4062 503 4139 aliquid
562 4065 789 4138 proprii
844 4081 977 4119 cum
1028 4060 1324 4136 Apostolis
1384 4079 1501 4117 non
1560 4060 1820 4116 haberet.
1904 4059 2034 4115 Hoc
2090 4065 2290 4132 aperte
2349 4057 2634 4114 indicavit

208 4164 479 4223 =·.Joannes
529 4172 627 4237 13,
678 4172 779 4223 29.
840 4164 972 4222 coll.
1022 4171 1117 4235 12,
1162 4170 1239 4234 6.,
1290 4184 1323 4219 e
1367 4182 1480 4242 quo
1526 4163 1650 4220 loco
1694 4164 1778 4219 sic
1821 4163 2002 4219 infert
2045 4182 2090 4218 s.
2126 4162 2515 4233 Augustinus,
2564 4160 2634 4216 de

210 4270 451 4327 mendacio
502 4276 597 4341 15,
636 4276 737 4327 29.
786 4270 1072 4339 ,videmus
1118 4274 1177 4325 et
1220 4269 1412 4343 ipsum
1457 4268 1776 4324 Dominum
1820 4266 2088 4323 habuisse
2135 4264 2339 4333 locula‚
2388 4283 2501 4342 quo
2547 4284 2630 4335 ea,

212 4387 323 4442 quae
346 4375 641 4444 dabantur,
676 4375 1125 4430 mittebanturf*
1170 4371 1276 4441 VI,
1316 4376 1458 4428 437.
1532 4372 1698 4427 Adde
1738 4370 1796 4427 S.
1831 4370 2100 4442 Gregorii
2131 4368 2435 4441 Theologi,
2469 4368 2632 4425 Orat.

212 4468 345 4531 XIV.
372 4478 435 4535 de
462 4498 785 4553 pauperum
816 4496 1011 4533 amore
1058 4496 1115 4533 n.
1153 4481 1252 4533 39.
1294 4475 1432 4532 edit.
1466 4494 1513 4530 c.
1549 4475 1599 4544 Ι,
1638 4479 1782 4531 900.
1815 4475 2029 4530 verba:
2079 4470 2257 4542 ‚Quin
2289 4491 2381 4528 me
2411 4490 2636 4549 quoque

212 4586 365 4635 moret
386 4578 594 4638 Christi
626 4598 924 4649 crumena,
958 4598 1105 4655 quae
1134 4598 1237 4636 nos
1269 4578 1339 4635 ad
1372 4596 1652 4653 pauperes
1681 4576 1914 4635 alendos
1951 4576 2342 4633 exhortatur.‘
2403 4576 2638 4648 Egenus
