3267 5259
1204 441 1345 482 coen·
1369 439 1556 482 Domini.
2513 429 2633 519 117

160 613 459 680 volebatque
498 613 783 664 declarare
832 615 957 680 quid
1003 614 1135 677 illis,
1183 615 1377 680 quibus
1422 615 1732 681 porrigebat
1767 616 2084 680 sanguinem
2128 631 2298 677 suum,
2336 615 2641 681 profuturus

161 707 299 750 esset.
332 699 581 752 Multos
621 707 803 752 autem
842 703 1063 768 opponit
1100 702 1415 764 omnibus,
1455 703 1582 768 quia
1616 701 1790 751 noluit
1820 701 2016 751 Judam
2044 702 2507 767 comprehendere,
2543 719 2640 766 pro

162 803 251 852 quo
277 787 383 836 eius
408 789 657 852 sanguis,
686 788 853 852 qnod
880 788 957 837 ad
980 787 1265 837 fructum
1292 790 1495 850 attinet,
1522 804 1631 838 non
1658 787 2042 837 effundebatur.
2068 787 2319 838 Ecclesia
2343 789 2642 838 securitatis

161 875 312 936 gratia
334 878 620 938 utramque
649 873 971 923 locutionem
996 874 1049 922 in
1078 874 1251 922 verbis
1291 873 1843 923 consecrationis
1885 873 2172 922 coniunxit.
2211 873 2372 922 Addit
2399 873 2641 922 Christus

164 955 491 1026 ..ἐκχυννόμενον
512 987 583 994 -
603 965 747 1024 part.
774 975 945 1024 praes.
974 977 1025 1024 p.
1046 976 1085 1008 r.
1126 956 1299 1028 ἐκχέω,
1338 966 1394 1009 et
1426 959 1599 1010 forma
1633 960 1990 1024 grammaticis
2028 960 2329 1024 improbata
2365 956 2555 1028 ἐκχύνω
2579 988 2636 996 -

165 1045 523 1096 ..Effundetur·‘
564 1047 623 1094 vi
664 1047 961 1110 praesentis
998 1045 1261 1108 funditur,
1309 1048 1342 1095 i.
1369 1061 1414 1096 e.
1454 1030 1688 1108 offertur,
1727 1045 2082 1108 sacrificatui-3
2119 1059 2242 1094 nam
2281 1062 2388 1094 non
2436 1047 2512 1095 ait
2548 1047 2638 1111 qui

164 1133 293 1179 vobis
330 1131 599 1194 funditur,
642 1137 703 1181 ut
741 1131 1021 1181 dicendum
1059 1137 1201 1193 erat,
1238 1133 1285 1181 si
1322 1132 1391 1181 ad
1436 1132 1725 1181 bibendum
1771 1133 1952 1180 viniun
1987 1133 2043 1180 in
2079 1145 2264 1180 mensa
2311 1131 2638 1194 funderetur,

164 1217 241 1266 scd
276 1219 364 1283 qui
396 1233 494 1283 pro
534 1219 698 1267 vobis
732 1217 997 1268 fundetur.
1037 1218 1192 1279 Quod
1230 1235 1349 1267 cnm
1386 1216 1650 1268 sacrificio
1688 1219 1884 1282 optime
1923 1219 2196 1279 convenit,
2236 1216 2328 1266 ille
2367 1219 2506 1266 enim
2543 1233 2639 1283 pro

164 1304 437 1353 hominibus
474 1303 726 1368 offertur,
756 1321 876 1354 cum
909 1306 963 1353 in
1000 1306 1178 1370 specie
1214 1304 1419 1370 liquida
1442 1305 1661 1368 sanguis
1687 1305 1740 1352 in
1767 1303 1934 1352 calice
1969 1303 2225 1352 collectus
2253 1303 2470 1353 offertur
2503 1305 2640 1354 Dec.

164 1388 211 1437 Si
234 1389 397 1440 dicere
420 1391 693 1440 voluisset
718 1392 1030 1456 sanguinem
1056 1392 1107 1439 in
1136 1407 1293 1440 cruce
1319 1395 1525 1440 tantum
1550 1389 1894 1451 fundendum,
1931 1391 2193 1440 iunxisset
2217 1405 2335 1440 cum
2361 1406 2494 1440 voce
2520 1405 2639 1439 san-

163 1477 329 1540 guine,
388 1491 495 1526 non
535 1493 665 1526 cum
702 1477 886 1526 calice.
942 1477 1076 1526 Cum
1123 1477 1189 1526 de
1226 1493 1449 1543 corpore
1486 1475 1682 1526 dicitur
1721 1476 1897 1541 „quod
1934 1491 2030 1542 pro
2070 1477 2224 1527 vobis
2263 1477 2470 1538 datm-⁴⁴,
2531 1492 2640 1526 non

164 1561 403 1626 significat
439 1578 491 1612 u.
530 1580 585 1613 v·
626 1563 707 1614 ad
744 1564 1087 1627 edendum3
1126 1563 1221 1613 sed
1258 1564 1403 1629 quod
1436 1579 1533 1628 pro
1572 1563 1726 1613 vobis
1763 1562 2121 1612 sacrificatur:
2161 1579 2288 1628 ergo
2328 1569 2382 1612 et
2417 1579 2537 1612 cum
2575 1562 2640 1612 de

167 1651 419 1713 sanguine,
458 1651 517 1698 in
556 1665 667 1714 quo
707 1649 953 1700 sacrificii
978 1651 1059 1701 vis
1084 1651 1309 1699 maxime
1347 1649 1596 1710 cernitur,
1634 1649 1828 1698 dicitur
1854 1650 1975 1714 „qui
2013 1665 2107 1714 pro
2146 1649 2298 1699 vobis
2335 1649 2638 1712 fundetur“,

165 1734 223 1782 ad
257 1735 665 1786 declarandam“
707 1736 953 1786 sacrificii
989 1742 1233 1786 naturam
1273 1735 1606 1786 referendum
1643 1740 1739 1785 est.
1777 1735 2016 1784 Tandem
2055 1736 2266 1784 subiicit
2289 1735 2448 1786 Jesus
2475 1736 2642 1785 verba

168 1823 241 1876 ,in
264 1823 623 1872 remissionem
649 1828 991 1887 peccatorum
1016 1821 1081 1881 εἲς
1108 1819 1280 1889 ἄφεσιν
1306 1817 1605 1890 ἁμαρτιῶν“,
1634 1822 1828 1885 quibus
1855 1823 2186 1886 apertissime
2213 1821 2370 1870 docet
2394 1838 2452 1870 se
2475 1823 2639 1872 sacri-

168 1906 321 1955 ficium
356 1924 453 1972 pro
492 1909 738 1972 peccatis
774 1910 1081 1959 instituisse.
1146 1908 1387 1958 Christus
1423 1909 1656 1957 maxima
1693 1908 1955 1972 emphasi,
2006 1907 2140 1957 illud
2185 1907 2328 1972 quod
2373 1908 2427 1957 in
2466 1908 2634 1956 calice

169 1995 532 2056 continebatur,
558 1996 1003 2060 pretiosissimum
1031 2011 1185 2045 suum
1210 1996 1522 2060 sanguinem
1558 1994 1706 2056 dixit,
1752 1995 1902 2044 illum
1927 1995 2255 2059 sanguinem,
2283 2010 2440 2058 quem
2467 1994 2639 2058 desig-

168 2086 403 2130 naverant
428 2081 491 2129 V.
511 2081 575 2130 Τ.
605 2079 886 2142 sacrificia,
924 2081 1072 2130 illum
1108 2083 1437 2146 sanguinem,
1465 2097 1571 2146 quo
1594 2081 1660 2130 N.
1685 2081 1748 2130 T.
1773 2080 2140 2131 ratificandum
2169 2086 2298 2142 erat,
2336 2080 2469 2129 illud
2494 2081 2640 2130 deni-

172 2181 259 2230 que
290 2167 459 2232 ipsum
494 2167 869 2218 Redemtionis
904 2173 1119 2218 nostrae
1156 2169 1399 2233 pretium.

172 2425 221 2502 ξ.
260 2427 353 2490 25.
400 2423 672 2489 Sermo
720 2425 805 2488 D.
837 2423 915 2488 N.
949 2425 1002 2488 I.
1038 2424 1111 2488 O.
1158 2423 1739 2488 valedictorius
1785 2433 2026 2510 atque
2059 2423 2336 2488 Oratio
2385 2445 2640 2488 sacer-

1244 2527 1558 2592 dotalis.

355 2723 785 2782 Suavissimum
828 2744 965 2782 sane
1010 2729 1139 2782 erat
1180 2729 1389 2798 guttur
1418 2723 1660 2794 Christi,
1709 2724 1849 2802 quia
1886 2723 2264 2782 suavissimus
2295 2729 2422 2781 erat
2451 2743 2638 2781 sermo

174 2830 387 2895 gutture
430 2828 599 2886 illins
645 2829 893 2899 effusus,
942 2828 1290 2886 suavissima
1332 2847 1453 2887 vox
1498 2827 1731 2886 stillans
1775 2829 2082 2904 myrrham
2127 2827 2380 2902 primam
2401 2824 2454 2896 1;
2503 2848 2635 2884 sua-

174 2926 395 2988 vitatem
436 2951 579 2990 vero
622 2953 789 2990 suam
833 2933 1089 2989 maxime
1133 2933 1404 3002 ostendit,
1467 2951 1601 2990 cum
1664 2931 1966 3006 discipulis
2027 2932 2144 2988 suis
2199 2933 2264 2988 in
2327 2931 2636 2989 coenaculo

175 3039 479 3092 extremum
520 3037 591 3093 in
636 3037 765 3094 vita
807 3036 1043 3094 mortali
1087 3037 1308 3094 diceret
1367 3035 1625 3104 „vale“.
1695 3035 1997 3110 Principio
2056 3035 2324 3092 Christus
2371 3037 2635 3093 turbatos

178 3137 469 3209 Apostolos,
518 3159 585 3197 eo
616 3141 771 3218 quod
801 3139 1024 3198 dixerit
1065 3159 1125 3198 se
1169 3139 1406 3197 nonnisi
1450 3139 1673 3197 modico
1719 3139 1909 3196 adhuc
1952 3139 2229 3214 temporis
2268 3139 2458 3214 spatio
2503 3157 2636 3196 cum

174 3237 281 3296 illis
321 3247 711 3315 versaturum,
766 3244 931 3302 iubet
986 3263 1104 3301 esse
1159 3243 1286 3301 sine
1337 3243 1463 3302 ulla
1509 3243 1692 3300 animi
1740 3243 2120 3300 commotione
2134 3239 2177 3300 2.
2249 3245 2460 3300 Armat
2505 3243 2638 3300 illos

180 3341 300 3414 fide,
360 3347 451 3404 cui
507 3368 673 3424 spem
733 3347 1061 3406 consociare
1120 3348 1285 3406 iubet
1326 3348 1545 3423 gloriae
1590 3346 1998 3422 sempiternae.
2069 3346 2144 3403 In
2205 3346 2360 3403 coelo
2423 3347 2638 3404 multas

178 3450 475 3508 mansiones
519 3472 643 3510 esse
688 3453 789 3523 ait,
839 3453 913 3509 ad
957 3472 1099 3530 quas
1143 3453 1432 3527 parandas
1476 3452 1732 3509 discedat
1761 3469 2122 3520 reversurus,
2171 3468 2378 3527 eosque
2409 3453 2472 3507 in
2505 3450 2638 3507 illas

178 3549 614 3614 intromissurus.
647 3555 807 3613 Scire
836 3555 1121 3614 deberetis
1138 3553 1161 3594 3
1190 3555 1404 3633 inquit,
1437 3555 1590 3632 quod
1618 3555 1812 3612 iturus
1843 3553 1955 3611 sim
1985 3554 2059 3610 ad
2087 3553 2342 3611 Patrem.
2380 3556 2466 3611 At
2483 3553 2636 3612 Tho-

180 3672 284 3711 mas
310 3677 489 3736 neque
518 3679 635 3737 quo
667 3657 934 3716 Christus
966 3661 1155 3716 abiret
1200 3659 1475 3733 cogitans,
1518 3677 1706 3736 neque
1743 3657 1902 3716 viam
1935 3655 2343 3732 intelligens⁴z
2387 3657 2638 3715 Domine

182 3756 253 3814 ait
279 3761 372 3836 qui
402 3762 528 3820 fieri
562 3763 673 3820 hoc
701 3761 921 3838 potest?
950 3763 1013 3820 Si
1045 3783 1147 3820 nos
1177 3762 1385 3834 locum,
1420 3761 1484 3819 in
1516 3781 1690 3840 quem
1719 3761 1938 3818 anobis
1970 3761 2231 3832 discediS,
2267 3762 2634 3836 ignoramus3

181 3879 405 3936 quonam
432 3868 604 3924 modo
633 3866 811 3936 viam,
856 3885 974 3944 qua
1008 3866 1123 3924 iter
1152 3885 1212 3924 es
1252 3866 1533 3936 facturus,
1583 3881 1922 3940 cognoscere
1955 3865 2286 3941 possumus?
2321 3871 2638 3942 utrumque

184 3966 457 4028 nescimus.
504 3970 727 4028 Eodem
756 3971 867 4026 hoc
896 3969 1020 4046 ipso
1051 3969 1237 4045 posito
1268 3969 1536 4027 Christus
1567 3968 1822 4027 Thomas
1866 3971 2199 4044 respondet,
2249 3969 2411 4027 viam
2455 3967 2634 4038 scitis,

187 4086 306 4142 ergo
346 4077 403 4130 et
444 4093 560 4151 quo
606 4075 773 4132 vad0.
822 4074 947 4148 Ego
991 4092 1123 4130 sum
1164 4073 1281 4144 via,
1330 4092 1447 4151 qua
1476 4073 1599 4130 itur
1628 4074 1702 4130 ad
1732 4072 1981 4141 coelum;
2027 4074 2124 4129 sed
2156 4091 2248 4129 me
2277 4071 2636 4145 cognoscitis,

188 4171 347 4243 igitur
384 4183 441 4234 et
482 4177 647 4236 viam
692 4177 871 4234 scitis.
920 4177 1074 4234 Nam
1120 4178 1272 4255 quod
1317 4195 1419 4251 ego
1464 4195 1593 4233 sum
1639 4176 1779 4248 via,
1829 4176 2099 4234 dubitare
2145 4195 2262 4232 non
2315 4175 2471 4246 licet,
2506 4193 2639 4232 cum

189 4293 329 4334 nemo
355 4279 512 4352 illuc,
562 4300 677 4359 quo
708 4300 811 4356 ego
840 4281 1007 4352 vad0,
1044 4281 1279 4338 tendere
1310 4278 1433 4337 alia
1464 4279 1565 4339 via
1596 4280 1795 4355 possit.
1845 4279 2030 4336 Addit.
2062 4297 2166 4352 ego
2197 4299 2326 4335 sum
2357 4279 2638 4336 veritas

192 4409 294 4420 a

370 4484 407 4548 ¹)
444 4484 597 4536 Cant.
626 4489 675 4548 5,
716 4488 795 4536 13.
826 4488 906 4536 16.
957 4485 999 4550 2)
1025 4486 1223 4536 Joann.
1252 4487 1333 4547 14,
1363 4489 1407 4536 1.
1460 4485 1502 4550 ³)
1527 4486 1613 4535 Ex
1651 4486 1717 4534 iis
1755 4499 1894 4550 quae
1931 4499 2094 4549 saepe
2130 4483 2256 4533 dixi.
2295 4483 2401 4534 Cfr.
2440 4485 2638 4535 Joann.

196 4565 233 4625 7,
254 4569 327 4618 33.
372 4571 410 4634 ⁴)
434 4571 596 4622 Forte
636 4573 869 4638 aliquam
905 4577 1161 4622 remotam
1196 4573 1467 4637 regionem
1506 4587 1623 4622 esse
1661 4571 2051 4636 suspicabatur.
