3267 5259
533 405 760 456 LXXVI
1369 420 1615 472 Apparatus
1642 419 1860 462 Histoi-ico
1874 443 1925 450 —
1940 419 2190 462 Chronicus.

534 603 680 658 sime
727 601 998 660 cohaeret
1041 619 1174 658 cum
1219 600 1558 678 quaestione
1599 601 1669 658 de
1711 619 1865 659 anno
1905 599 2215 658 emortuali
2256 600 2597 671 Salvatoris,
2644 601 2757 658 hoc
2800 615 3025 676 reperto

536 727 736 764 rerum
766 708 840 764 ab
871 705 1166 782 Apostolis
1196 710 1488 779 gestarum
1521 705 1698 762 series
1722 706 2055 763 deducetur.
2105 705 2432 763 Statuimus
2456 711 2757 784 tamquam
2782 706 3019 764 veritati

537 811 794 868 maxime
833 829 1174 869 consonum:
1220 809 1420 866 Jesum
1451 809 1751 867 Christum
1794 829 2025 886 passum
2066 831 2185 866 esse
2232 829 2385 868 anno
2416 809 2489 867 U.
2524 809 2587 866 C.
2629 814 2770 866 783.
2806 810 2909 887 qui
2942 819 3023 868 est

538 935 591 972 a.
625 918 762 973 Aer.
789 913 966 988 Vulg.
1004 918 1104 972 30.
1153 913 1284 971 Hoc
1313 913 1500 986 igitur
1529 933 1684 971 anno
1728 919 1869 972 teste
1900 914 1956 971 S.
1986 913 2146 972 Luca
2172 913 2205 986 ¹,
2244 913 2685 992 quadragesimo
2718 919 3021 992 postquam

537 1021 602 1076 in
625 1019 814 1078 vitam
838 1038 1104 1076 reversus
1135 1023 1222 1075 est
1251 1017 1363 1088 die,
1399 1019 1471 1074 ad
1503 1017 1688 1076 coelos
1717 1019 1909 1076 victor
1938 1019 2215 1076 ascendit.
2252 1019 2345 1076 Ad
2377 1018 2625 1076 eundem
2657 1037 2885 1076 annum
2916 1019 3023 1075 ita-

537 1143 650 1201 que
701 1125 994 1198 pertinere
1047 1141 1195 1198 quae
1251 1123 1732 1198 quinquagesimo
1786 1128 1915 1198 post
1966 1122 2189 1180 Christi
2242 1124 2569 1198 passionem
2626 1122 2721 1180 die
2782 1143 3025 1180 evenere

535 1233 771 1286 centum
803 1233 862 1284 et
890 1225 1110 1300 viginti
1139 1226 1478 1283 hominibus
1505 1225 1541 1282 J
1544 1226 1903 1304 erosolymae
1942 1229 2305 1301 congregatis
2324 1223 2350 1264 2
2392 1226 2558 1284 nulla
2588 1233 2677 1284 est
2716 1227 3023 1284 dubitatio.

539 1333 817 1390 Ponimus
849 1331 1047 1408 itaque
1079 1350 1152 1388 ex
1183 1331 1276 1387 his
1307 1329 1550 1388 initium
1579 1331 1875 1389 Ecclesiae
1906 1332 2261 1390 christianae
2290 1351 2445 1390 anno
2468 1351 2503 1388 a
2526 1330 2761 1388 Christo
2792 1332 3027 1408 quidem

539 1441 677 1494 nato
729 1435 1050 1505 XXXIV„
1105 1436 1205 1493 sed
1259 1455 1426 1492 aerae
1475 1435 1873 1514 Dionysianae
1926 1436 2220 1495 tricesimo
2270 1441 2521 1494 tantum.
2598 1435 2829 1492 Deinde
2882 1455 3027 1513 quae

539 1538 798 1598 abhinc³
847 1539 1120 1598 accidisse
1165 1546 1500 1611 narrantur,
1550 1541 1868 1599 decurrunt
1920 1541 2028 1598 sub
2076 1541 2335 1598 medium
2378 1540 2521 1596 anni
2572 1543 2673 1596 30.
2728 1558 2913 1616 usque
2956 1541 3027 1596 ad

541 1665 762 1703 annum
797 1649 898 1702 37.
947 1663 1118 1721 aerae
1144 1643 1427 1718 vulgariS,
1470 1664 1584 1722 quo
1629 1645 1799 1702 Pauli
1831 1645 1901 1702 ad
1935 1644 2151 1702 Christi
2196 1663 2361 1702 sacra
2391 1644 2544 1701 facta
2584 1649 2671 1701 est
2700 1645 3021 1714 conversio,

542 1751 612 1808 de
642 1750 808 1808 cuius
840 1753 1096 1825 tempore
1127 1769 1244 1806 non
1273 1753 1416 1807 satis
1447 1751 1723 1808 convenit
1752 1750 2019 1806 eruditis.

754 1858 856 1912 49.
905 1855 1240 1925 Daquisitio
1287 1856 1352 1908 de
1399 1856 1600 1924 epocha
1632 1855 2004 1910 conversionis
2034 1855 2310 1908 Paulinae
2341 1853 2599 1911 maxime
2629 1853 3025 1910 memorabilis

543 1965 656 2030 est3
705 1959 975 2018 cohaeret
1003 1959 1162 2016 enim
1193 1978 1328 2016 cum
1360 1958 1465 2017 illa
1493 1960 1562 2017 de
1593 1965 1855 2034 tempore
1885 1960 2351 2036 protomartyrii,
2384 1959 2455 2016 de
2484 1978 2639 2016 anno
2668 1957 2901 2016 consilii
2930 1957 2967 2015 J
2970 1979 3025 2024 e-

544 2064 968 2142 rosolymitani,
1017 2064 1087 2121 de
1117 2065 1289 2121 annis
1319 2063 1532 2140 quibus
1561 2064 1774 2121 Petrus
1804 2064 1997 2121 adhuc
2026 2065 2087 2121 in
2119 2063 2457 2122 Palaestina
2484 2064 2633 2131 fuit3
2682 2062 2827 2120 hinc
2856 2062 3034 2119 etiam

543 2170 614 2227 de
657 2167 970 2226 itineribus
999 2189 1043 2225 s.
1079 2167 1271 2239 Pauli,
1322 2169 1391 2226 de
1422 2167 1658 2244 scriptis
1690 2169 1763 2226 ab
1794 2169 1989 2225 eodem
2020 2167 2301 2243 epistolis,
2352 2168 2535 2245 deque
2568 2167 2705 2225 aliis
2736 2168 2914 2224 rebus
2944 2167 3030 2223 iu-

549 2273 770 2332 dicium
792 2291 912 2331 esse
935 2278 1140 2348 potest.
1197 2273 1267 2330 Id
1291 2293 1431 2331 vero
1453 2278 1590 2331 ante
1621 2273 1820 2331 omnia
1850 2273 1915 2330 in
1944 2271 2372 2350 disquisitionis
2402 2273 2579 2329 huius
2610 2271 2820 2328 limine
2850 2291 3031 2328 anno-

547 2385 763 2436 tamus:
812 2397 1033 2435 annum
1075 2396 1189 2455 quo
1230 2377 1448 2436 Paulus
1487 2383 1727 2435 vocatus
1770 2379 1953 2436 fuerit
1991 2397 2179 2455 neque
2218 2376 2340 2435 ullo
2370 2383 2571 2452 aperto
2602 2376 2661 2434 S.
2696 2375 3033 2434 Literarum

545 2481 881 2541 testimonio
911 2483 1260 2552 indicatum3
1296 2501 1480 2559 neque
1512 2483 1584 2539 ab
1615 2481 1739 2540 ullo
1762 2487 1958 2540 vetere
1989 2481 2271 2558 scriptore
2300 2480 2415 2539 fide
2446 2481 2623 2554 digno
2654 2480 2741 2538 ita
2770 2479 3025 2537 relatum

547 2607 682 2658 esse,
735 2593 803 2646 ut
841 2586 1009 2644 nulla
1049 2586 1301 2662 amplius
1347 2585 1554 2644 relicta
1597 2587 1678 2644 sit·
1724 2587 2124 2645 controversia
2144 2585 2187 2644 ⁴.
2250 2585 2360 2644 Sed
2408 2591 2601 2644 tamen
2649 2586 3031 2660 reperiuntur

547 2699 676 2750 tum
722 2695 788 2750 in
821 2689 1066 2750 Actibus
1099 2696 1201 2762 A.;
1254 2698 1382 2749 tum
1412 2693 1476 2748 in
1522 2691 1666 2767 ipsis
1698 2690 1965 2766 Apostoli
1997 2691 2256 2767 epistolis
2288 2691 2455 2749 modo
2501 2691 2839 2748 obscuriora
2868 2690 3033 2748 modo

547 2796 938 2854 luculentiora
967 2797 1187 2853 indicia
1225 2797 1521 2871 temporis,
1569 2798 1635 2854 in
1674 2816 1789 2875 quo
1821 2796 1923 2854 alii
1958 2799 2079 2854 not-i
2114 2801 2357 2855 eventus
2388 2795 2624 2854 Paulini
2672 2794 3031 2866 inciderunt,

547 2902 700 2958 unde
732 2919 952 2958 annum
983 2902 1235 2976 cooptati
1267 2900 1332 2958 in
1363 2901 1715 2976 Apostolum
1745 2901 1909 2960 Sauli
1940 2901 2317 2959 coniiciamus
2333 2899 2375 2958 ⁵.
2432 2899 2738 2958 Stantibus
2768 2898 3033 2968 calculiS,

546 3026 688 3085 quos
719 3005 990 3082 pluribus
1021 3007 1383 3080 argumentis
1415 3008 1661 3081 probare
1692 3007 1881 3064 conati
1915 3025 2141 3064 sumus:
2182 3001 2403 3064 annum
2437 3009 2538 3062 30.
2571 3023 2739 3062 aerae
2770 3004 3037 3078 vulgaris

548 3111 754 3169 traditi
787 3110 850 3167 in
884 3129 1115 3167 crucem
1145 3108 1468 3168 Salvatoris
1499 3111 1703 3180 fuisse;
1747 3131 1852 3188 pro
1882 3117 2039 3170 certo
2068 3117 2129 3168 et
2158 3109 2461 3187 explorato
2494 3111 2697 3167 haberi
2730 3115 2941 3184 potest,
2976 3111 3035 3166 S.

548 3216 800 3274 Paulum
825 3235 942 3274 non
967 3219 1103 3272 ante
1125 3216 1286 3272 hunc
1307 3235 1528 3274 annum
1552 3216 1941 3294 Jerosolymas
1972 3215 2217 3273 venisse.
2266 3214 2586 3273 Enimvero
2616 3233 2691 3270 ne
2720 3213 3035 3271 minimum

548 3321 784 3400 quidem
816 3323 880 3378 in
912 3320 1036 3378 eius
1067 3319 1326 3396 epist-olis
1358 3322 1675 3394 vestigium
1705 3327 1808 3391 est,
1846 3320 2121 3396 Apostolo
2146 3321 2447 3377 Christum
2470 3320 2541 3376 de
2565 3319 2711 3376 facie
2734 3319 3037 3392 cognitum

547 3427 756 3496 fuissc3
803 3427 957 3504 quod
997 3432 1152 3483 certe
1193 3426 1331 3483 data
1369 3427 1442 3483 ad
1481 3427 1592 3484 hoc
1629 3445 1798 3502 saepe
1838 3425 2065 3500 saepius
2096 3424 2387 3484 occasione
2418 3431 2941 3492 commemorasset,
2990 3423 3035 3479 si

550 3531 700 3588 illud
731 3530 896 3588 salva
925 3531 1176 3588 veritate
1208 3531 1398 3588 facere
1429 3531 1541 3605 ipsi
1573 3529 1853 3588 licuisset.
1918 3531 1985 3587 Id
2018 3535 2215 3587 autem
2246 3529 2520 3588 dubium:
2568 3534 2843 3606 quanto
2876 3535 3037 3586 tem-

551 3655 718 3710 pore
774 3639 930 3710 post
981 3633 1257 3692 Christi
1313 3636 1393 3693 ad
1447 3634 1697 3692 Coelos
1751 3635 2237 3692 ascensionem
2282 3635 2339 3692 d.
2386 3633 2657 3692 Paulus
2702 3633 3037 3690 Hieroso-

552 3740 778 3816 lymas
823 3738 1151 3798 venerit?
1203 3738 1348 3798 Cum
1396 3759 1500 3814 per
1543 3739 1780 3812 longius
1824 3739 2101 3814 temporis
2140 3739 2397 3814 spatium
2436 3739 2735 3796 doctrinae
2775 3737 3039 3794 iudaicae

551 3845 695 3901 duce
729 3843 1051 3902 Gamaliele
1094 3863 1328 3920 operam
1369 3843 1590 3901 dedisse
1621 3845 1915 3919 putandus
1945 3848 2023 3901 nit
2042 3842 2083 3914 ⁶,
2133 3849 2447 3921 antequam
2480 3847 2671 3900 tantos
2703 3843 2768 3898 in
2802 3861 2873 3900 ea
2906 3861 3038 3917 pro-

813 4105 850 4168 ¹)
889 4103 1004 4154 Aet.
1045 4106 1092 4166 1,
1135 4105 1318 4154 1—11.
1357 4103 1419 4152 V.
1454 4119 1504 4168 p.
1537 4105 1651 4152 175.
1680 4103 1796 4153 318.
1860 4101 1901 4164 ²)
1940 4103 2054 4150 Act.
2098 4103 2142 4162 1,
2174 4102 2283 4163 15.;
2322 4103 2369 4162 2,
2412 4101 2455 4148 1.
2494 4114 2536 4147 s.
2610 4099 2650 4161 ³)
2686 4099 2802 4147 Act.
2842 4101 2892 4162 3,
2924 4101 2965 4148 1.
3000 4113 3039 4147 s.

551 4217 618 4228 -
645 4193 693 4253 9,
731 4194 772 4241 1.
847 4191 888 4256 ⁴)
927 4192 1010 4240 De
1047 4190 1148 4240 hoc
1183 4191 1394 4240 interim
1431 4204 1571 4240 anno
1610 4189 1816 4239 erudite
1854 4188 2131 4253 disputant
2173 4187 2259 4236 Fr.
2300 4185 2668 4252 Spanhemius,
2708 4201 2795 4249 op.
2824 4185 2893 4234 11.
2918 4187 3036 4234 311.

553 4277 615 4327 C.
659 4277 722 4328 G.
765 4277 1026 4338 Kiichler,
1071 4277 1136 4326 de
1181 4293 1322 4328 anno
1372 4293 1476 4343 quo
1528 4277 1728 4326 Paulus
1778 4276 1845 4325 ad
1896 4289 2050 4324 saera
2100 4273 2158 4324 C.
2210 4289 2497 4324 conversus
2542 4277 2637 4322 est.
2696 4272 2845 4337 Lips.
2894 4274 3039 4322 1828.

551 4365 604 4414 J.
631 4365 690 4414 P.
715 4363 970 4429 Mynster,
1009 4364 1294 4414 Annalium
1333 4363 1677 4414 Paulinornm
1715 4361 2065 4412 adumbratim
2106 4361 2281 4410 lIavn.
2318 4362 2465 4410 1845.
2492 4376 2543 4425 p.
2570 4361 2619 4408 5.
2646 4374 2688 4407 s.
2714 4357 2764 4408 J.
2816 4357 3040 4416 Bucher,

554 4451 640 4501 die
677 4450 874 4501 Chron.
913 4451 962 4500 d.
1001 4451 1064 4500 N.
1103 4451 1164 4501 T.
1203 4468 1252 4516 p.
1295 4453 1408 4500 10⁶2.
1447 4468 1488 4500 s.
1557 4451 1597 4514 ⁵)
1638 4450 1996 4515 Supponimus
2034 4453 2210 4497 autem
2249 4447 2388 4496 idem
2426 4447 2641 4495 omnino
2680 4459 2799 4495 esse
2838 4451 3041 4510 tempus

554 4540 852 4589 vocationis
908 4537 1169 4588 Paulinae
1223 4537 1292 4586 ad
1340 4535 1747 4602 Apostolatum3
1805 4535 1947 4601 quod
2000 4535 2103 4584 fuit
2154 4533 2223 4584 ad
2279 4533 2562 4583 Christum.
2612 4533 2675 4582 V.
2732 4549 2782 4597 p.
2834 4535 2952 4582 33⁴2.
3001 4547 3041 4580 s.

556 4625 596 4690 8)
635 4625 698 4674 V.
736 4642 787 4690 p.
827 4627 943 4674 329.
