3267 5259
879 1301 1304 1399 CAPUT
1368 1302 1917 1398 PRIMUM

203 1564 308 1639 AB
365 1562 1074 1639 INGARNATIONE
1127 1563 1484 1639 DOMINI
1540 1563 1845 1644 USQUE
1900 1565 2021 1639 AD
2072 1565 2594 1643 PASSIONEM

902 1701 1402 1779 HISTORIAS
1457 1702 1887 1779 ENARRAT.

757 1996 816 2073 ξ.
870 1996 926 2059 1.
1003 1991 1368 2057 Verbum
1432 2016 1629 2058 earo
1692 1994 2037 2057 factum.

347 2183 432 2247 In
497 2184 874 2248 narratione
943 2182 1416 2249 Incarnationis
1486 2184 1864 2249 divinissimi
1934 2184 2289 2250 Salvatoris
2351 2184 2646 2250 conside-

157 2294 350 2359 randa
409 2306 606 2387 suntt.
658 2294 928 2360 Domini
986 2298 1190 2360 nostri
1251 2296 1723 2383 Conceptio
1789 2308 1869 2362 et
1924 2298 2376 2362 Nativitas.
2470 2296 2641 2362 Con-

159 2410 362 2494 ceptio
395 2418 622 2472 autem
647 2430 796 2473 cum
821 2418 1149 2495 supponat
1171 2411 1683 2495 generationem,
1708 2410 1879 2475 hane
1912 2433 2081 2497 quae
2112 2420 2248 2474 tam
2278 2409 2645 2475 mirandum

159 2530 250 2584 est
305 2531 506 2606 atque
568 2519 844 2585 sublime
903 2524 1316 2606 mysterium,
1378 2531 1450 2586 ut
1525 2524 1801 2587 eximius
1876 2522 1981 2587 ille
2036 2522 2290 2588 Doctor
2349 2523 2642 2607 gentium

160 2632 376 2697 dieat¹
431 2633 820 2717 „manifeste
866 2656 1180 2718 magnum
1228 2644 1327 2698 est
1370 2636 1628 2720 pietatis
1675 2644 2175 2718 sacramentum,
2224 2634 2401 2720 quod
2444 2634 2645 2697 mani-

159 2745 460 2810 festatum
531 2754 630 2810 est
685 2747 754 2810 in
825 2749 1066 2810 carne“
1089 2770 1106 2830 ;
1181 2770 1500 2833 perquam
1570 2757 1877 2813 accurate
1938 2748 2292 2812 memoriae
2362 2746 2649 2833 prodidit

160 2880 204 2921 S.
234 2858 456 2922 Lucas
481 2860 508 2901 2
569 2880 719 2922 eum
779 2860 901 2921 ait:
965 2857 1274 2945 Spiritum
1331 2858 1669 2942 Sanctum,
1715 2862 1973 2925 tertiam
2016 2861 2084 2923 in
2132 2858 2197 2923 S.
2232 2858 2297 2924 S.
2331 2858 2647 2923 Trinitate

159 2992 526 3055 personam,
573 2994 690 3035 sua
736 2972 1164 3057 omnipotenti
1209 2972 1446 3035 virtute
1493 2971 1867 3058 implevisse
1910 2982 2167 3037 uterum
2213 2973 2540 3057 piissimae
2581 2981 2645 3035 et

163 3084 554 3148 castissimae
614 3083 901 3168 Virginis
959 3083 1228 3148 Mariae.
1333 3082 1572 3150 Modus
1635 3106 1763 3170 quo
1827 3083 1985 3149 illud
2050 3085 2430 3170 mysterium
2494 3106 2645 3147 eon-

161 3196 396 3260 tinetur
451 3195 558 3259 hio
620 3204 738 3259 est.
779 3245 789 3255 .
830 3194 1034 3261 Sexto
1082 3218 1123 3260 a
1167 3206 1486 3282 concepto
1536 3196 1795 3261 Joanne
1826 3200 1850 3240 ³
1907 3219 2133 3261 mense
2176 3196 2492 3281 AngeluS,
2542 3197 2646 3259 cui

161 3330 396 3373 nomen
430 3306 698 3373 Gabriel
717 3311 762 3390 ⁴,
795 3310 1027 3372 missus
1060 3317 1158 3373 est
1187 3310 1254 3372 in
1283 3307 1514 3373 urbem
1548 3308 1885 3373 Galilaeae
1915 3308 2241 3373 Nazareth
2267 3312 2291 3351 ⁵
2322 3306 2408 3372 ad
2436 3308 2647 3391 Virgi-

161 3442 306 3483 nem
329 3420 606 3484 Mariam
627 3424 652 3463 ⁶
683 3419 1147 3505 desponsatam
1170 3420 1214 3485 J
1217 3421 1482 3507 osepho,
1516 3422 1921 3485 sanctissimo
1958 3431 2023 3485 et
2044 3422 2460 3506 integerrimo
2485 3421 2645 3501 vir0,

166 3534 270 3615 qui
317 3554 354 3595 e
399 3532 644 3597 familia
686 3532 984 3615 Davidis,
1014 3536 1037 3575 ⁷
1083 3532 1267 3597 duxit
1314 3535 1629 3619 originem
1658 3536 1699 3597 ⁸.
1768 3532 1877 3596 Ad
1920 3532 2259 3618 Virginem
2303 3530 2417 3596 ubi
2465 3533 2650 3595 venit

373 3761 408 3824 ι)
441 3760 484 3809 1.
515 3760 650 3809 Tim.
687 3762 736 3823 3,
771 3762 851 3809 16.
891 3758 932 3824 2)
969 3760 1070 3809 Ev.
1111 3762 1156 3823 1,
1189 3761 1410 3809 26—38.
1451 3760 1492 3826 ³)
1529 3758 1661 3810 Luc.
1710 3764 1757 3823 1,
1796 3762 1879 3809 24.
1918 3760 1961 3820 ⁴)
1998 3758 2265 3809 nehmiae
2300 3740 2489 3821 Quas,
2550 3760 2646 3822 vir,

167 3846 198 3893 i.
219 3861 264 3894 e.
289 3844 548 3911 legatus
581 3847 722 3896 Dei.
753 3846 816 3896 V.
842 3846 894 3896 J.
922 3845 1165 3908 Simonis,
1204 3846 1602 3896 Onomasticum
1627 3847 1765 3897 Novi
1790 3846 2133 3896 Testamenti.
2170 3845 2293 3895 I-Ial.
2324 3847 2471 3895 1762.
2492 3862 2542 3911 p.
2563 3848 2647 3895 45.

167 3931 296 3979 Aliis
333 3933 529 3983 robur
581 3933 724 3997 Dei,
779 3932 907 3997 quia
943 3948 1008 3982 eo
1053 3932 1290 3982 ministro
1335 3934 1484 3982 Deus
1529 3933 1694 3983 utitur
1738 3933 1808 3983 ad
1852 3946 2109 3982 summam
2152 3934 2447 3997 potentiam
2499 3946 2649 3981 suam

170 4017 540 4082 explicandam.
604 4020 648 4081 ⁵)
687 4020 772 4068 De
809 4034 857 4083 q.
885 4034 937 4069 v.
973 4034 1026 4068 n.
1063 4018 1186 4069 Not.
1212 4034 1390 4084 geogr.
1429 4036 1482 4084 p.
1518 4020 1581 4069 L.
1646 4020 1685 4085 ὅ)
1724 4020 1853 4069 Luc.
1896 4023 1941 4083 1,
1978 4020 2062 4069 2⁷.
2101 4014 2321 4086 Μαριάμ,
2356 4018 2503 4067 hebr.
2536 4024 2648 4085 0ῃῴ

169 4111 298 4161 alias
333 4115 520 4165 omisso
552 4113 738 4163 ultimo
779 4130 833 4181 μ,
867 4114 1236 4164 terminatione
1271 4128 1468 4179 graeca
1501 4110 1683 4182 Μαρία,
1722 4114 1837 4165 Aet.
1876 4118 1923 4178 1,
1963 4116 2043 4164 14.
2093 4114 2178 4163 Ex
2214 4115 2401 4178 interp.
2442 4112 2493 4161 S.
2521 4112 2649 4161 Hie-

170 4200 370 4263 ronymi
390 4199 630 4263 „stellam
665 4200 859 4249 maris“
885 4226 952 4236 —
978 4198 1044 4249 de
1068 4214 1208 4249 nom.
1243 4199 1387 4250 hebr.
1413 4200 1548 4250 Nov.
1575 4202 1718 4250 Test.
1745 4201 1933 4251 Matth.
1961 4200 2042 4249 ed.
2082 4198 2329 4250 vallarsii
2353 4199 2449 4261 111,
2478 4200 2560 4247 92.
2583 4226 2649 4235 —-

171 4290 378 4348 „sonat,
433 4286 544 4335 sive
593 4300 830 4335 amarum
885 4299 1054 4347 mare,
1101 4286 1503 4351 sciendumque,
1551 4286 1694 4352 quod
1746 4288 1917 4337 Maria
1961 4300 2203 4336 sermone
2259 4300 2382 4351 syro
2437 4284 2653 4334 domina

173 4374 550 4436 nuncupetur.“
625 4372 664 4437 7)
713 4371 866 4432 Quae
911 4373 1058 4437 regia
1091 4372 1207 4422 fuit.
1281 4372 1321 4439 8)
1370 4374 1536 4423 Juxta
1577 4386 1619 4423 s.
1654 4374 1925 4424 Justinum
1980 4374 2283 4436 Martyrem,
2342 4371 2463 4421 dial.
2512 4388 2647 4421 eum.

173 4455 363 4521 Tryph.
387 4473 436 4507 n.
467 4459 551 4508 88.
578 4457 660 4507 ed.
688 4457 831 4507 Otto.
856 4474 907 4523 p.
945 4460 1061 4508 311.
1099 4458 1250 4508 faber
1285 4458 1538 4525 lig-narius
1573 4460 1688 4509 fuit.
1728 4460 1807 4509 Cf.
1835 4464 1901 4509 et.
1929 4460 2093 4508 Mare.
2134 4460 2181 4521 6,
2220 4459 2269 4508 3.
2323 4456 2407 4507 Ad
2443 4462 2649 4509 tantum

171 4547 297 4591 tune
331 4544 577 4609 prolapsa
611 4548 726 4594 erat
760 4546 917 4610 stirps
953 4545 1180 4595 Davidis
1217 4546 1378 4611 regia,
1413 4550 1476 4595 ut
1517 4546 1787 4611 Josephus
1825 4562 1889 4595 ex
1927 4559 1995 4595 ea
2042 4544 2296 4595 oriundus
2343 4546 2651 4595 tractaverit

173 4628 392 4679 fabrilia.
429 4631 482 4681 S.
520 4630 814 4697 Josephum
860 4632 1126 4697 Sponsum
1161 4633 1429 4698 Deiparae
1465 4632 1698 4697 Virginis
1742 4632 1974 4697 pictores
2014 4632 2213 4697 passim
2256 4632 2485 4696 pessime
2536 4631 2651 4695 pin·

2274 4718 2337 4767 1*
