3267 5259
1170 436 1373 479 christun
1401 438 1590 488 petiens.
2507 428 2628 491 127

215 608 443 671 excitato
487 606 755 692 algentis
799 608 1071 675 brumae
1120 610 1325 695 frigus
1370 609 1776 696 depellebat,
1843 613 1946 675 cui
2003 612 2198 675 etiam
2241 611 2476 677 Petrus
2535 636 2631 677 se-

212 741 263 781 se
316 716 579 785 adiunxit
596 724 631 785 ¹.
714 721 995 807 Magnus
1061 722 1289 809 populi
1356 722 1595 787 iudaici
1642 722 1924 787 Senatus
1941 772 1958 805 ,
2035 725 2145 809 qui
2221 725 2288 787 in
2355 724 2628 789 aedibus

213 828 443 915 Caiphae
497 832 818 918 pontificis
876 845 1347 920 congregatus,
1427 834 1646 899 media
1688 834 1844 899 lieet
1885 845 2116 917 nocte,
2191 835 2341 918 fuit3
2402 835 2629 901 Jesum

212 942 580 1008 condemnare
640 966 775 1008 non
832 948 1043 1031 potuit
1110 968 1189 1010 ac
1248 949 1439 1011 morti
1500 946 1759 1011 tradere
1818 946 2174 1030 violentae,
2243 949 2366 1011 nisi
2431 970 2629 1013 causa

210 1054 362 1139 ipsius
398 1057 459 1119 in
515 1059 803 1143 speciem
865 1058 1211 1143 diligenter
1270 1060 1567 1145 cognita,
1631 1069 1828 1145 atque
1891 1058 2157 1123 obtento
2221 1061 2485 1124 crimine
2531 1068 2632 1123 sat

210 1168 399 1247 gravit
459 1167 647 1233 Jesus
692 1179 969 1235 vocatus
1012 1171 1081 1235 in
1129 1171 1473 1255 conclave,
1529 1173 1597 1235 in
1657 1194 1785 1257 quo
1836 1170 2180 1236 concilium
2225 1170 2629 1236 Judaeorum

208 1392 269 1453 83,
288 1396 326 1441 2.
356 1411 400 1459 p.
422 1396 530 1445 491.
568 1402 623 1445 et
658 1412 701 1447 s.
722 1397 1121 1462 Hieronymum,
1160 1414 1244 1463 ep.
1270 1400 1385 1448 127.
1413 1399 1483 1449 ad
1507 1399 1832 1464 Principiam
1857 1414 1906 1447 n.
1934 1400 1982 1447 5.
2009 1416 2062 1464 p.
2087 1399 2222 1461 955„
2259 1397 2440 1447 multis
2467 1399 2627 1448 etiam

208 1481 494 1531 recentiorum
534 1483 882 1549 interpretum
927 1484 1099 1533 visum
1144 1486 1216 1534 sit
1250 1502 1293 1535 s.
1339 1485 1375 1534 J
1386 1500 1660 1535 oannem
1704 1485 2204 1551 Evangelistam
2249 1485 2431 1547 fuisse,
2469 1486 2627 1551 plura

206 1570 340 1613 tamen
370 1566 480 1617 huic
512 1571 811 1619 sententiae
849 1570 1062 1620 obstare
1098 1570 1364 1621 videntur.
1420 1570 1555 1620 Cum
1601 1572 1742 1621 enim
1787 1570 1874 1619 hic
1911 1590 1960 1623 α.
1997 1587 2105 1621 non
2141 1572 2314 1622 minus
2355 1570 2627 1621 Galilaeae

207 1656 311 1700 esset
338 1668 477 1717 quam
510 1668 551 1705 s.
586 1655 799 1718 Petrus,
838 1672 947 1706 non
982 1656 1299 1722 intelligitur
1337 1656 1602 1722 quomodo
1642 1674 1687 1707 α.
1723 1672 1927 1707 summo
1965 1658 2213 1707 Pontifici
2249 1661 2407 1707 notus
2443 1656 2626 1722 fuerit3

207 1742 245 1783 et
280 1734 316 1800 β.
346 1754 429 1789 cur
458 1743 627 1791 minus
665 1756 829 1807 quam
864 1742 955 1793 ille
994 1742 1059 1792 de
1095 1743 1230 1792 Jesn
1275 1744 1345 1793 ab
1388 1744 1729 1795 adstantibus
1764 1744 2194 1808 interrogaretur.
2241 1744 2287 1795 b.
2322 1743 2359 1792 J
2361 1744 2523 1793 oanni
2561 1743 2628 1794 de

208 1836 249 1870 se
276 1822 477 1889 loquenti
510 1829 670 1877 moris
710 1834 809 1890 est,
849 1828 1062 1893 quidem
1097 1844 1290 1879 nomen
1328 1831 1659 1895 supprimere
1705 1846 1876 1892 suum,
1921 1829 2016 1880 sed
2061 1829 2220 1879 aliam
2267 1834 2445 1879 tamen
2488 1831 2627 1896 peri-

206 1908 385 1971 phrasim
417 1912 637 1975 adhibet,
677 1928 839 1979 quam
878 1929 1016 1979 quae
1052 1915 1249 1965 Joann.
1290 1916 1371 1977 18,
1400 1917 1480 1965 15.
1520 1916 1796 1981 reperitur.
1835 1934 1875 1968 c.
1915 1916 2103 1981 Neque
2141 1916 2276 1965 adeo
2313 1920 2472 1967 notus
2509 1930 2626 1966 esse

208 1992 398 2045 Pontifici
428 2001 594 2062 potuit
628 2014 671 2049 s.
710 2000 981 2063 Joannes,
1026 2006 1089 2049 ut
1130 2002 1305 2050 virum
1348 2002 1589 2067 ignotum
1623 2003 1680 2051 in
1717 2002 1978 2067 palatium
2013 2000 2316 2063 Pontificis,
2362 2003 2455 2067 qui
2501 2018 2622 2051 cum

210 2080 283 2143 ipsi
310 2098 455 2135 nexus
486 2086 856 2136 intercedebat
890 2086 1186 2136 deduxerit.
1227 2088 1540 2137 verosimile
1578 2092 1660 2138 est
1695 2087 1839 2137 hunc
1889 2087 2209 2152 discipulum
2243 2088 2409 2138 fuisse
2453 2089 2622 2138 civem

208 2164 703 2233 ffierosolymitanum‚
756 2188 821 2222 ex
870 2188 1051 2223 eorum
1098 2188 1347 2236 numero,
1395 2174 1487 2239 qui
1524 2172 1665 2223 clam
1705 2173 1964 2223 favebant
1999 2187 2196 2223 causae
2234 2172 2446 2223 Christi.
2485 2173 2623 2223 Con.

206 2250 353 2303 Joann.
388 2258 461 2317 12,
482 2260 563 2307 42.

367 2340 399 2407 ¹)
453 2344 565 2393 Nox
623 2344 829 2395 Mensis
888 2344 1068 2394 Martii
1126 2346 1321 2411 frigida
1379 2346 1433 2395 id
1492 2346 1838 2411 poposcebat.
1895 2344 1984 2393 Sic
2044 2345 2233 2393 Petrus
2289 2346 2626 2395 occasionem

206 2424 396 2486 praebuit
426 2430 692 2494 negationi
730 2444 862 2480 suae
906 2436 988 2480 ter
1036 2433 1309 2496 repetitae.
1374 2430 1416 2496 ²)
1474 2431 1680 2492 Quodsi
1728 2430 1798 2481 ad
1851 2430 2088 2493 modum,
2162 2446 2267 2496 quo
2323 2431 2393 2481 ad
2455 2432 2624 2481 feren-

205 2508 293 2558 dam
321 2516 607 2565 sententiam
646 2532 713 2565 eo
740 2522 978 2582 tempore
1014 2518 1099 2567 usi
1136 2523 1262 2567 sunt
1295 2517 1508 2580 Judaei,
1546 2517 1901 2579 attendamus,
1950 2518 2316 2566 sanctionibus
2357 2516 2454 2577 „de
2489 2517 2624 2566 iudi-

204 2595 273 2644 ciis
300 2600 619 2663 capitalibus“
660 2607 861 2653 temere
898 2603 1113 2653 violatis
1139 2603 1316 2653 fiebat.
1350 2632 1408 2640 --
1434 2604 1714 2668 Leguntur
1746 2604 1881 2653 istae
1917 2603 2220 2653 sanctiones
2258 2608 2322 2651 tr.
2364 2608 2622 2676 „pn-¹20&

204 2678 485 2749 Gemma,
531 2704 689 2753 quem
728 2688 919 2737 illustr.
956 2688 1104 2739 hebr.
1142 2695 1197 2739 et
1230 2689 1324 2739 lat.
1372 2688 1539 2739 edidit
1585 2690 1672 2738 Bl.
1717 2688 1998 2754 Ugolinus,
2045 2687 2204 2737 Thes.
2241 2688 2418 2754 Antiq.
2455 2689 2622 2751 XXV,

204 2768 237 2813 1.
264 2784 297 2817 s.
326 2798 381 2806 —
428 2772 545 2823 Sive
582 2776 729 2824 enim
764 2775 970 2825 iudices
1008 2781 1336 2840 spectemus,
1386 2777 1499 2826 sive
1549 2774 1836 2825 definiendi
1873 2776 2156 2837 rationem,
2210 2775 2322 2823 sive
2360 2790 2467 2840 quo
2505 2774 2623 2824 loco

203 2850 299 2902 haec
326 2864 433 2908 acta
462 2862 581 2922 sint,
634 2855 801 2928 ἄνομα
836 2862 1015 2911 omnia
1051 2861 1311 2926 quidquid
1337 2862 1390 2911 in
1418 2862 1743 2911 contrarium
1768 2862 1970 2926 garriat
2004 2860 2246 2911 Judaeus
2285 2858 2618 2922 Saalschiitz,

202 2936 271 2988 dns
298 2957 407 2993 mos.
428 2946 609 2997 Recht.
648 2964 701 3013 p.
730 2949 868 3009 623„
906 2948 1195 3013 scriptione
1232 2946 1547 3011 blasphema
1582 2946 1678 2995 der
1713 2947 1940 2996 Process
1975 2946 2125 2996 Jesu.
2162 2946 2384 2997 Judices
2411 2947 2624 3011 quidem

203 3026 307 3087 quod
337 3034 613 3094 concernit,
672 3048 847 3083 causa
880 3034 937 3083 in
973 3034 1397 3099 praesentiarum
1436 3031 1718 3081 tractanda
1754 3037 1870 3081 erat
1905 3031 2219 3094 criminalis,
2257 3032 2442 3097 quales
2479 3032 2624 3097 apud

202 3108 421 3165 Hebraeos
464 3136 637 3178 „mmm
661 3122 779 3175 *yn-1⁸⁶
826 3120 1066 3168 audiunt.
1122 3118 1220 3167 His
1268 3118 1622 3168 diiudicandis
1669 3119 1771 3169 soli
1809 3117 2125 3169 Sacerdotes
2171 3123 2224 3167 et
2271 3120 2521 3181 Levitae,
2572 3124 2626 3168 et

202 3210 247 3245 ex
272 3198 423 3252 Laicis
456 3205 877 3268 praestantiores
914 3210 969 3253 et
1004 3204 1320 3267 nobiliores,
1368 3206 1638 3254 variarum
1685 3219 1856 3254 rerum
1906 3206 2136 3254 scientia
2175 3219 2308 3270 prae
2345 3204 2463 3254 aliis
2501 3220 2624 3253 con·

202 3284 349 3347 spieui,
388 3288 554 3339 idonei
597 3296 771 3341 erant.
828 3290 1029 3351 Quales
1078 3292 1359 3355 quominus
1414 3292 1709 3356 praesentis
1757 3290 1943 3339 iudicii
1992 3304 2291 3341 assessores
2327 3291 2622 3352 credamus,

203 3366 383 3434 Caiphae
416 3376 575 3427 verba
608 3392 713 3427 nos
751 3381 968 3426 movent
1002 3376 1199 3426 Joann.
1228 3378 1308 3439 11,
1333 3378 1419 3425 49.
1444 3378 1545 3438 50„
1582 3376 1654 3425 ad
1690 3377 1843 3425 cuius
1879 3376 2046 3425 solius
2080 3376 2386 3425 instant-iam
2413 3376 2623 3425 Christo

202 3460 367 3507 mortem
398 3460 675 3513 decernere
716 3478 825 3513 non
864 3462 1135 3525 dubitant,
1190 3462 1245 3511 id
1292 3462 1435 3527 quod
1480 3464 1758 3513 sanctione
1801 3476 1966 3527 penes
2010 3463 2156 3527 ipsos
2203 3476 2456 3526 expressa
2509 3466 2626 3511 erat

204 3540 477 3602 prohibitum.
524 3549 683 3600 Unde
732 3564 833 3599 nec
875 3538 1141 3611 miramur,
1189 3555 1444 3614 quantum
1490 3548 1559 3599 ad
1608 3550 1868 3599 rationem
1905 3547 2194 3597 definiendi
2229 3553 2338 3597 tam
2373 3562 2623 3613 perverse

202 3640 319 3687 Porro
348 3632 408 3681 ab
440 3635 501 3685 iis
538 3642 723 3687 actum
772 3650 907 3703 esse.
946 3634 1078 3686 Coll.
1122 3634 1313 3685 Matth.
1338 3637 1423 3697 26,
1461 3637 1545 3685 59.
1579 3650 1621 3685 ε.
1678 3635 1863 3685 Posita
1908 3635 2050 3684 omni
2097 3635 2296 3697 fronte,
2349 3648 2415 3683 ac
2455 3634 2625 3683 veluti

202 3716 343 3764 mentis
373 3719 565 3787 inopes,
600 3738 729 3773 cum
764 3722 899 3771 alias
936 3726 1125 3782 testes,
1179 3722 1272 3786 qui
1317 3722 1511 3786 capitis
1556 3721 1792 3786 aliquem
1835 3721 2140 3771 accusaturi
2189 3724 2344 3770 erant
2379 3721 2622 3771 omnibus

204 3799 329 3851 modis
358 3805 417 3855 ab
452 3808 663 3873 incepto
702 3806 975 3857 retrahere
1012 3808 1442 3870 consuevissent,
1498 3823 1642 3857 nunc
1693 3808 1797 3872 ipsi
1843 3810 2010 3856 testes
2057 3820 2254 3871 eosque
2297 3805 2461 3856 falsos
2499 3822 2622 3855 con-

204 3886 379 3945 quirunt.
408 3892 647 3959 Denique
684 3908 789 3943 nec
826 3908 889 3943 eo
928 3908 1033 3958 quo
1070 3907 1171 3958 par
1207 3898 1322 3943 erat
1356 3891 1478 3943 loco
1513 3892 1650 3942 haec
1685 3896 1958 3957 geruntur.
1995 3892 2132 3940 Erat
2167 3892 2308 3941 inter
2343 3891 2624 3941 conclavia

204 3968 287 4032 31¹²,
330 3991 449 4039 quae
492 3979 777 4045 Templum
824 3978 1061 4029 habebat
1114 3979 1252 4029 bene
1306 3978 1499 4041 multa,
1554 3978 1822 4043 quoddam
1874 3993 1994 4038 „mu
2023 3977 2186 4032 mmb‘*
2240 3982 2620 4042 nuncupatum,

207 4053 361 4109 i“tlieiis
392 4065 695 4115 exercendis
735 4067 813 4115 ita
847 4067 1119 4131 proprium
1134 4103 1147 4128 ,
1194 4070 1254 4115 ut
1298 4070 1453 4114 extra
1494 4064 1627 4114 illud
1683 4066 1828 4114 circa
1865 4080 2041 4124 „mmm
2073 4066 2185 4117 ’θ’-ι’*
2213 4063 2466 4128 imprimis
2491 4062 2624 4110 nihil

206 4139 273 4190 rite
300 4144 553 4201 decernere
598 4156 827 4217 possent
860 4150 1065 4201 iudices
1104 4178 1169 4188 -
1207 4152 1269 4201 V.
1310 4150 1440 4200 Cod.
1475 4148 1736 4199 Middoth.
1776 4164 1893 4215 cap.
1930 4150 2024 4198 ult.
2063 4147 2136 4197 th.
2172 4148 2268 4197 ult.
2306 4147 2515 4197 Gemar.
2553 4146 2623 4196 ad

208 4226 331 4279 Abod.
350 4248 441 4283 sar.
460 4236 551 4286 fol.
579 4239 629 4287 8.
656 4254 713 4303 p.
740 4239 790 4287 2.
814 4262 883 4273 --
911 4235 1047 4286 Cum
1068 4237 1173 4287 iam
1201 4241 1412 4287 constet
1434 4235 1743 4301 synedrium
1775 4237 1830 4285 in
1851 4235 2006 4285 domo
2033 4232 2270 4299 Caiphae
2291 4234 2621 4297 convenisse,

208 4316 439 4370 cautionem
474 4338 701 4386 omnem,
755 4336 867 4388 qua
909 4323 965 4371 in
1008 4322 1279 4372 fundendo
1324 4322 1587 4387 sanguine
1632 4322 1714 4371 uti
1763 4322 1896 4370 alias
1943 4322 2144 4371 iussum
2193 4323 2331 4381 erat,
2386 4318 2624 4369 abfuisse

210 4394 594 4463 deprehendimus.
644 4410 721 4459 Et
744 4423 813 4459 ea
836 4423 977 4473 quae
1000 4408 1260 4459 hactenus
1286 4408 1688 4459 observavimus
1712 4410 1844 4457 vitia
1868 4410 2145 4472 augentur,
2173 4405 2316 4471 quod
2341 4421 2624 4457 consessus

210 4480 275 4533 5³12
302 4490 568 4544 celebretur
600 4500 847 4560 tempore
884 4510 1113 4559 quoque,
1150 4494 1329 4544 multis
1365 4495 1669 4544 nominibus
1705 4494 1887 4543 vetito.
1936 4494 2019 4542 De
2056 4492 2376 4556 capitalibus
2411 4491 2622 4543 iudiciis

208 4578 244 4615 et
278 4574 549 4629 inchoandis
596 4588 653 4631 et
696 4580 1041 4631 absolvendis
1097 4608 1163 4617 -—
1216 4582 1271 4630 in
1322 4581 1439 4631 cod.
1479 4579 1797 4630 Sanhedrin.
1833 4593 1954 4644 cap.
1989 4580 2082 4628 IV.
2119 4580 2167 4641 §-
2205 4580 2237 4627 6
2281 4606 2348 4614 —
2397 4578 2624 4627 traditur
