<?xml version="1.0" encoding="UTF-8"?>
<!DOCTYPE html PUBLIC "-//W3C//DTD XHTML 1.0 Transitional//EN"
    "http://www.w3.org/TR/xhtml1/DTD/xhtml1-transitional.dtd">
<html xmlns="http://www.w3.org/1999/xhtml" xml:lang="en" lang="en">
 <head>
  <title>
</title>
<meta http-equiv="Content-Type" content="text/html;charset=utf-8" />
  <meta name='ocr-system' content='tesseract 3.04.00' />
  <meta name='ocr-capabilities' content='ocr_page ocr_carea ocr_par ocr_line ocrx_word'/>
</head>
<body>
  <div class='ocr_page' id='page_1' title='image "./historiarevelat00unkngoog_0150.png"; bbox 0 0 3267 5259; ppageno 0'>
   <div class='ocr_carea' id='block_1_1' title="bbox 562 433 2283 497">
    <p class='ocr_par' dir='ltr' id='par_1_1' title="bbox 562 433 2283 497">
     <span class='ocr_line' id='line_1_1' title="bbox 562 433 2283 497; baseline 0 -12"><span class='ocrx_word' id='word_1_1' title='bbox 562 433 648 495; x_wconf 80' lang='lat'><strong>22</strong></span> <span class='ocrx_word' id='word_1_2' title='bbox 1315 444 1428 485; x_wconf 71' lang='lat' dir='ltr'><strong>nist.</strong></span> <span class='ocrx_word' id='word_1_3' title='bbox 1457 457 1547 486; x_wconf 77' lang='lat' dir='ltr'><strong>rev.</strong></span> <span class='ocrx_word' id='word_1_4' title='bbox 1577 445 1667 485; x_wconf 77' lang='lat' dir='ltr'><strong>div.</strong></span> <span class='ocrx_word' id='word_1_5' title='bbox 1696 444 1865 485; x_wconf 63' lang='lat' dir='ltr'><strong>Parios.</strong></span> <span class='ocrx_word' id='word_1_6' title='bbox 1894 445 1928 486; x_wconf 89' lang='lat'><strong>1.</strong></span> <span class='ocrx_word' id='word_1_7' title='bbox 1960 456 2055 495; x_wconf 74' lang='lat' dir='ltr'><strong>cap.</strong></span> <span class='ocrx_word' id='word_1_8' title='bbox 2084 444 2283 497; x_wconf 76' lang='lat' dir='ltr'><strong>primun.</strong></span> 
     </span>
    </p>
   </div>
   <div class='ocr_carea' id='block_1_2' title="bbox 564 618 3052 708">
    <p class='ocr_par' dir='ltr' id='par_1_2' title="bbox 564 618 3052 708">
     <span class='ocr_line' id='line_1_2' title="bbox 564 618 3052 708; baseline 0.002 -26"><span class='ocrx_word' id='word_1_9' title='bbox 564 620 740 683; x_wconf 86' lang='lat' dir='ltr'><strong>saeis</strong></span> <span class='ocrx_word' id='word_1_10' title='bbox 777 618 1064 701; x_wconf 87' lang='lat' dir='ltr'><strong>vidisset,</strong></span> <span class='ocrx_word' id='word_1_11' title='bbox 1125 642 1424 683; x_wconf 81' lang='lat' dir='ltr'><strong>sermone</strong></span> <span class='ocrx_word' id='word_1_12' title='bbox 1485 619 1570 684; x_wconf 88' lang='lat' dir='ltr'><strong>ad</strong></span> <span class='ocrx_word' id='word_1_13' title='bbox 1607 618 1750 685; x_wconf 90' lang='lat' dir='ltr'><strong>illos</strong></span> <span class='ocrx_word' id='word_1_14' title='bbox 1789 641 1979 683; x_wconf 88' lang='lat' dir='ltr'><strong>verso</strong></span> <span class='ocrx_word' id='word_1_15' title='bbox 2017 619 2212 684; x_wconf 81' lang='lat' dir='ltr'><strong>dixit:</strong></span> <span class='ocrx_word' id='word_1_16' title='bbox 2258 622 2609 705; x_wconf 85' lang='lat' dir='ltr'><strong>progenies</strong></span> <span class='ocrx_word' id='word_1_17' title='bbox 2662 622 3052 708; x_wconf 80' lang='lat' dir='ltr'>viperarum,</span> 
     </span>
    </p>
   </div>
   <div class='ocr_carea' id='block_1_3' title="bbox 507 731 3055 832">
    <p class='ocr_par' dir='ltr' id='par_1_3' title="bbox 507 731 3055 832">
     <span class='ocr_line' id='line_1_3' title="bbox 507 731 3055 832; baseline 0.001 -37"><span class='ocrx_word' id='word_1_18' title='bbox 507 823 512 832; x_wconf 31' lang='grc' dir='ltr'>Ι</span> <span class='ocrx_word' id='word_1_19' title='bbox 567 732 937 795; x_wconf 82' lang='lat' dir='ltr'><strong>futurumne</strong></span> <span class='ocrx_word' id='word_1_20' title='bbox 1013 732 1287 817; x_wconf 87' lang='lat' dir='ltr'><strong>speratis</strong></span> <span class='ocrx_word' id='word_1_21' title='bbox 1311 781 1328 814; x_wconf 93' lang='lat'><strong>,</strong></span> <span class='ocrx_word' id='word_1_22' title='bbox 1405 740 1474 795; x_wconf 89' lang='lat' dir='ltr'><strong>ut</strong></span> <span class='ocrx_word' id='word_1_23' title='bbox 1546 731 1677 796; x_wconf 89' lang='lat' dir='ltr'><strong>Dei</strong></span> <span class='ocrx_word' id='word_1_24' title='bbox 1764 731 2051 795; x_wconf 88' lang='lat' dir='ltr'><strong>furorem</strong></span> <span class='ocrx_word' id='word_1_25' title='bbox 2125 733 2375 815; x_wconf 78' lang='lat' dir='ltr'><strong>vitetis,</strong></span> <span class='ocrx_word' id='word_1_26' title='bbox 2446 756 2593 796; x_wconf 87' lang='lat' dir='ltr'><strong>cum</strong></span> <span class='ocrx_word' id='word_1_27' title='bbox 2684 744 3055 798; x_wconf 78' lang='lat' dir='ltr'><strong>constanter</strong></span> 
     </span>
    </p>
   </div>
   <div class='ocr_carea' id='block_1_4' title="bbox 565 843 3131 2399">
    <p class='ocr_par' dir='ltr' id='par_1_4' title="bbox 565 843 3131 2399">
     <span class='ocr_line' id='line_1_4' title="bbox 566 843 3051 933; baseline 0.002 -26"><span class='ocrx_word' id='word_1_28' title='bbox 566 866 876 929; x_wconf 85' lang='lat' dir='ltr'><strong>perverse</strong></span> <span class='ocrx_word' id='word_1_29' title='bbox 903 844 1164 907; x_wconf 85' lang='lat' dir='ltr'><strong>vivitis?</strong></span> <span class='ocrx_word' id='word_1_30' title='bbox 1219 843 1476 908; x_wconf 78' lang='lat' dir='ltr'><strong>Turbae</strong></span> <span class='ocrx_word' id='word_1_31' title='bbox 1523 866 1785 930; x_wconf 90' lang='lat' dir='ltr'><strong>quoque</strong></span> <span class='ocrx_word' id='word_1_32' title='bbox 1832 843 2231 927; x_wconf 82' lang='lat' dir='ltr'><strong>hortabatur,</strong></span> <span class='ocrx_word' id='word_1_33' title='bbox 2277 854 2349 908; x_wconf 95' lang='lat' dir='ltr'><strong>ut</strong></span> <span class='ocrx_word' id='word_1_34' title='bbox 2380 856 2652 910; x_wconf 88' lang='lat' dir='ltr'><strong>externo</strong></span> <span class='ocrx_word' id='word_1_35' title='bbox 2701 846 2789 910; x_wconf 91' lang='lat' dir='ltr'><strong>illi</strong></span> <span class='ocrx_word' id='word_1_36' title='bbox 2834 850 3051 933; x_wconf 89' lang='lat' dir='ltr'><strong>poeni·</strong></span> 
     </span>
     <span class='ocr_line' id='line_1_5' title="bbox 568 956 3053 1044; baseline 0.002 -25"><span class='ocrx_word' id='word_1_37' title='bbox 568 958 808 1020; x_wconf 84' lang='lat' dir='ltr'><strong>tentiae</strong></span> <span class='ocrx_word' id='word_1_38' title='bbox 893 958 1236 1044; x_wconf 89' lang='lat' dir='ltr'><strong>apparatui</strong></span> <span class='ocrx_word' id='word_1_39' title='bbox 1319 958 1695 1021; x_wconf 90' lang='lat' dir='ltr'><strong>interiorem</strong></span> <span class='ocrx_word' id='word_1_40' title='bbox 1786 958 1979 1021; x_wconf 87' lang='lat' dir='ltr'><strong>etiam</strong></span> <span class='ocrx_word' id='word_1_41' title='bbox 2060 956 2453 1042; x_wconf 88' lang='lat' dir='ltr'><strong>flagitiorum</strong></span> <span class='ocrx_word' id='word_1_42' title='bbox 2535 961 3053 1024; x_wconf 81' lang='lat' dir='ltr'><strong>exsecrationem</strong></span> 
     </span>
     <span class='ocr_line' id='line_1_6' title="bbox 565 1069 3051 1158; baseline 0.001 -26"><span class='ocrx_word' id='word_1_43' title='bbox 565 1070 927 1153; x_wconf 87' lang='lat' dir='ltr'><strong>iungerent.</strong></span> <span class='ocrx_word' id='word_1_44' title='bbox 977 1069 1459 1149; x_wconf 77' lang='lat' dir='ltr'><strong>Quaerentibus</strong></span> <span class='ocrx_word' id='word_1_45' title='bbox 1489 1070 1574 1134; x_wconf 89' lang='lat' dir='ltr'><strong>ab</strong></span> <span class='ocrx_word' id='word_1_46' title='bbox 1615 1092 1715 1153; x_wconf 91' lang='lat' dir='ltr'><strong>eo,</strong></span> <span class='ocrx_word' id='word_1_47' title='bbox 1750 1069 1907 1157; x_wconf 92' lang='lat' dir='ltr'><strong>quid</strong></span> <span class='ocrx_word' id='word_1_48' title='bbox 1942 1069 2064 1134; x_wconf 90' lang='lat' dir='ltr'><strong>sibi</strong></span> <span class='ocrx_word' id='word_1_49' title='bbox 2102 1070 2431 1155; x_wconf 88' lang='lat' dir='ltr'><strong>agendum</strong></span> <span class='ocrx_word' id='word_1_50' title='bbox 2464 1080 2657 1155; x_wconf 87' lang='lat' dir='ltr'><strong>esset,</strong></span> <span class='ocrx_word' id='word_1_51' title='bbox 2691 1072 3051 1158; x_wconf 88' lang='lat' dir='ltr'><strong>respondit:</strong></span> 
     </span>
     <span class='ocr_line' id='line_1_7' title="bbox 567 1182 3055 1275; baseline 0.001 -30"><span class='ocrx_word' id='word_1_52' title='bbox 567 1191 639 1245; x_wconf 89' lang='lat' dir='ltr'><strong>ut</strong></span> <span class='ocrx_word' id='word_1_53' title='bbox 683 1182 804 1246; x_wconf 89' lang='lat' dir='ltr'><strong>sibi</strong></span> <span class='ocrx_word' id='word_1_54' title='bbox 848 1205 982 1246; x_wconf 92' lang='lat' dir='ltr'><strong>non</strong></span> <span class='ocrx_word' id='word_1_55' title='bbox 1027 1184 1401 1247; x_wconf 87' lang='lat' dir='ltr'><strong>necessaria</strong></span> <span class='ocrx_word' id='word_1_56' title='bbox 1441 1182 1844 1269; x_wconf 85' lang='lat' dir='ltr'><strong>pauperibus</strong></span> <span class='ocrx_word' id='word_1_57' title='bbox 1888 1183 2311 1268; x_wconf 83' lang='lat' dir='ltr'><strong>largirentur,</strong></span> <span class='ocrx_word' id='word_1_58' title='bbox 2357 1183 2746 1275; x_wconf 80' lang='lat' dir='ltr'><strong>publicanos</strong></span> <span class='ocrx_word' id='word_1_59' title='bbox 2790 1208 2947 1249; x_wconf 80' lang='lat' dir='ltr'><strong>vero</strong></span> <span class='ocrx_word' id='word_1_60' title='bbox 2996 1194 3055 1248; x_wconf 88' lang='lat' dir='ltr'><strong>et</strong></span> 
     </span>
     <span class='ocr_line' id='line_1_8' title="bbox 567 1294 3053 1382; baseline 0 -23"><span class='ocrx_word' id='word_1_61' title='bbox 567 1294 801 1359; x_wconf 87' lang='lat' dir='ltr'><strong>milites</strong></span> <span class='ocrx_word' id='word_1_62' title='bbox 845 1297 1129 1378; x_wconf 89' lang='lat' dir='ltr'><strong>monuit,</strong></span> <span class='ocrx_word' id='word_1_63' title='bbox 1175 1318 1259 1359; x_wconf 91' lang='lat' dir='ltr'><strong>ne</strong></span> <span class='ocrx_word' id='word_1_64' title='bbox 1307 1305 1562 1360; x_wconf 89' lang='lat' dir='ltr'><strong>ceteros</strong></span> <span class='ocrx_word' id='word_1_65' title='bbox 1607 1296 1854 1360; x_wconf 86' lang='lat' dir='ltr'><strong>iniuriis</strong></span> <span class='ocrx_word' id='word_1_66' title='bbox 1899 1296 2269 1379; x_wconf 89' lang='lat' dir='ltr'><strong>afficerent,</strong></span> <span class='ocrx_word' id='word_1_67' title='bbox 2315 1296 2391 1360; x_wconf 85' lang='lat' dir='ltr'><strong>iis</strong></span> <span class='ocrx_word' id='word_1_68' title='bbox 2438 1299 2727 1361; x_wconf 85' lang='lat' dir='ltr'><strong>contenti</strong></span> <span class='ocrx_word' id='word_1_69' title='bbox 2773 1298 3053 1382; x_wconf 83' lang='lat' dir='ltr'><strong>vectiga-</strong></span> 
     </span>
     <span class='ocr_line' id='line_1_9' title="bbox 566 1408 3053 1496; baseline 0 -23"><span class='ocrx_word' id='word_1_70' title='bbox 566 1408 734 1474; x_wconf 87' lang='lat' dir='ltr'><strong>libus</strong></span> <span class='ocrx_word' id='word_1_71' title='bbox 783 1419 848 1474; x_wconf 93' lang='lat' dir='ltr'><strong>et</strong></span> <span class='ocrx_word' id='word_1_72' title='bbox 893 1408 1263 1495; x_wconf 84' lang='lat' dir='ltr'><strong>stipendiis,</strong></span> <span class='ocrx_word' id='word_1_73' title='bbox 1311 1431 1480 1496; x_wconf 89' lang='lat' dir='ltr'><strong>quae</strong></span> <span class='ocrx_word' id='word_1_74' title='bbox 1529 1411 1755 1474; x_wconf 87' lang='lat' dir='ltr'><strong>civitas</strong></span> <span class='ocrx_word' id='word_1_75' title='bbox 1813 1412 2270 1475; x_wconf 87' lang='lat' dir='ltr'><strong>constituisset.</strong></span> <span class='ocrx_word' id='word_1_76' title='bbox 2346 1408 2600 1496; x_wconf 82' lang='lat' dir='ltr'><strong>Populo</strong></span> <span class='ocrx_word' id='word_1_77' title='bbox 2649 1413 3053 1495; x_wconf 81' lang='lat' dir='ltr'><strong>exspectanti</strong></span> 
     </span>
     <span class='ocr_line' id='line_1_10' title="bbox 569 1522 3053 1608; baseline 0 -23"><span class='ocrx_word' id='word_1_78' title='bbox 569 1532 634 1585; x_wconf 86' lang='lat' dir='ltr'><strong>et</strong></span> <span class='ocrx_word' id='word_1_79' title='bbox 679 1524 893 1587; x_wconf 89' lang='lat' dir='ltr'><strong>animo</strong></span> <span class='ocrx_word' id='word_1_80' title='bbox 940 1523 1248 1606; x_wconf 85' lang='lat' dir='ltr'><strong>volventi,</strong></span> <span class='ocrx_word' id='word_1_81' title='bbox 1293 1546 1450 1587; x_wconf 90' lang='lat' dir='ltr'><strong>num</strong></span> <span class='ocrx_word' id='word_1_82' title='bbox 1496 1524 1667 1588; x_wconf 87' lang='lat' dir='ltr'><strong>forte</strong></span> <span class='ocrx_word' id='word_1_83' title='bbox 1714 1532 1887 1588; x_wconf 88' lang='lat' dir='ltr'><strong>esset</strong></span> <span class='ocrx_word' id='word_1_84' title='bbox 1927 1525 2069 1608; x_wconf 88' lang='lat' dir='ltr'><strong>ipse</strong></span> <span class='ocrx_word' id='word_1_85' title='bbox 2116 1522 2426 1606; x_wconf 86' lang='lat' dir='ltr'><strong>Christus,</strong></span> <span class='ocrx_word' id='word_1_86' title='bbox 2476 1544 2673 1607; x_wconf 90' lang='lat' dir='ltr'><strong>quem</strong></span> <span class='ocrx_word' id='word_1_87' title='bbox 2706 1524 3053 1608; x_wconf 86' lang='lat' dir='ltr'><strong>praeconio</strong></span> 
     </span>
     <span class='ocr_line' id='line_1_11' title="bbox 569 1634 3057 1722; baseline 0 -24"><span class='ocrx_word' id='word_1_88' title='bbox 569 1634 997 1699; x_wconf 84' lang='lat' dir='ltr'><strong>annuntiabat</strong></span> <span class='ocrx_word' id='word_1_89' title='bbox 1067 1636 1436 1721; x_wconf 89' lang='lat' dir='ltr'><strong>respondit:</strong></span> <span class='ocrx_word' id='word_1_90' title='bbox 1511 1636 1658 1721; x_wconf 87' lang='lat' dir='ltr'><strong>Ego</strong></span> <span class='ocrx_word' id='word_1_91' title='bbox 1738 1635 2001 1722; x_wconf 89' lang='lat' dir='ltr'><strong>quidem</strong></span> <span class='ocrx_word' id='word_1_92' title='bbox 2073 1634 2337 1721; x_wconf 84' lang='lat' dir='ltr'><strong>baptizo</strong></span> <span class='ocrx_word' id='word_1_93' title='bbox 2412 1657 2532 1699; x_wconf 84' lang='lat' dir='ltr'><strong>vos</strong></span> <span class='ocrx_word' id='word_1_94' title='bbox 2606 1636 2675 1699; x_wconf 89' lang='lat' dir='ltr'><strong>in</strong></span> <span class='ocrx_word' id='word_1_95' title='bbox 2750 1656 2922 1720; x_wconf 87' lang='lat' dir='ltr'><strong>aqua</strong></span> <span class='ocrx_word' id='word_1_96' title='bbox 2994 1636 3057 1698; x_wconf 91' lang='lat' dir='ltr'><strong>in</strong></span> 
     </span>
     <span class='ocr_line' id='line_1_12' title="bbox 568 1748 3055 1835; baseline -0.001 -23"><span class='ocrx_word' id='word_1_97' title='bbox 568 1750 1072 1834; x_wconf 86' lang='lat' dir='ltr'><strong>poenitentiam,</strong></span> <span class='ocrx_word' id='word_1_98' title='bbox 1137 1750 1247 1835; x_wconf 92' lang='lat' dir='ltr'><strong>qui</strong></span> <span class='ocrx_word' id='word_1_99' title='bbox 1303 1758 1522 1813; x_wconf 90' lang='lat' dir='ltr'><strong>autem</strong></span> <span class='ocrx_word' id='word_1_100' title='bbox 1580 1758 1732 1835; x_wconf 86' lang='lat' dir='ltr'><strong>post</strong></span> <span class='ocrx_word' id='word_1_101' title='bbox 1788 1770 1895 1813; x_wconf 88' lang='lat' dir='ltr'><strong>me</strong></span> <span class='ocrx_word' id='word_1_102' title='bbox 1950 1758 2265 1813; x_wconf 85' lang='lat' dir='ltr'><strong>venturus</strong></span> <span class='ocrx_word' id='word_1_103' title='bbox 2328 1757 2453 1831; x_wconf 83' lang='lat' dir='ltr'><strong>est,</strong></span> <span class='ocrx_word' id='word_1_104' title='bbox 2502 1748 2732 1813; x_wconf 88' lang='lat' dir='ltr'><strong>fortior</strong></span> <span class='ocrx_word' id='word_1_105' title='bbox 2791 1770 2895 1811; x_wconf 88' lang='lat' dir='ltr'><strong>me</strong></span> <span class='ocrx_word' id='word_1_106' title='bbox 2940 1758 3055 1831; x_wconf 88' lang='lat' dir='ltr'><strong>est,</strong></span> 
     </span>
     <span class='ocr_line' id='line_1_13' title="bbox 570 1859 3057 1948; baseline -0.001 -23"><span class='ocrx_word' id='word_1_107' title='bbox 570 1862 753 1925; x_wconf 88' lang='lat' dir='ltr'><strong>cuius</strong></span> <span class='ocrx_word' id='word_1_108' title='bbox 820 1884 954 1926; x_wconf 91' lang='lat' dir='ltr'><strong>non</strong></span> <span class='ocrx_word' id='word_1_109' title='bbox 1021 1886 1164 1926; x_wconf 90' lang='lat' dir='ltr'><strong>sum</strong></span> <span class='ocrx_word' id='word_1_110' title='bbox 1232 1862 1466 1947; x_wconf 84' lang='lat' dir='ltr'><strong>dignus</strong></span> <span class='ocrx_word' id='word_1_111' title='bbox 1539 1860 1982 1948; x_wconf 86' lang='lat' dir='ltr'><strong>procumbens</strong></span> <span class='ocrx_word' id='word_1_112' title='bbox 2046 1862 2393 1945; x_wconf 88' lang='lat' dir='ltr'><strong>corrigiam</strong></span> <span class='ocrx_word' id='word_1_113' title='bbox 2467 1859 3057 1924; x_wconf 84' lang='lat' dir='ltr'><strong>calceamentorum</strong></span> 
     </span>
     <span class='ocr_line' id='line_1_14' title="bbox 569 1970 3057 2061; baseline 0 -25"><span class='ocrx_word' id='word_1_114' title='bbox 569 1972 823 2038; x_wconf 89' lang='lat' dir='ltr'><strong>solvere</strong></span> <span class='ocrx_word' id='word_1_115' title='bbox 849 1977 888 2038; x_wconf 90' lang='lat'><strong>¹.</strong></span> <span class='ocrx_word' id='word_1_116' title='bbox 928 1975 1082 2061; x_wconf 89' lang='lat' dir='ltr'><strong>Ipse</strong></span> <span class='ocrx_word' id='word_1_117' title='bbox 1106 1998 1224 2040; x_wconf 84' lang='lat' dir='ltr'><strong>vos</strong></span> <span class='ocrx_word' id='word_1_118' title='bbox 1247 1974 1608 2061; x_wconf 85' lang='lat' dir='ltr'><strong>baptizabit</strong></span> <span class='ocrx_word' id='word_1_119' title='bbox 1627 1976 1697 2039; x_wconf 94' lang='lat' dir='ltr'><strong>in</strong></span> <span class='ocrx_word' id='word_1_120' title='bbox 1719 1976 1930 2059; x_wconf 89' lang='lat' dir='ltr'><strong>gratia</strong></span> <span class='ocrx_word' id='word_1_121' title='bbox 1953 1984 2019 2039; x_wconf 89' lang='lat' dir='ltr'><strong>et</strong></span> <span class='ocrx_word' id='word_1_122' title='bbox 2042 1975 2309 2038; x_wconf 89' lang='lat' dir='ltr'><strong>caritate</strong></span> <span class='ocrx_word' id='word_1_123' title='bbox 2345 1972 2623 2059; x_wconf 85' lang='lat' dir='ltr'><strong>Spiritus</strong></span> <span class='ocrx_word' id='word_1_124' title='bbox 2654 1974 2865 2037; x_wconf 85' lang='lat' dir='ltr'><strong>sancti</strong></span> <span class='ocrx_word' id='word_1_125' title='bbox 2883 1974 2925 2035; x_wconf 80' lang='lat'><strong>².</strong></span> <span class='ocrx_word' id='word_1_126' title='bbox 2974 1970 3057 2037; x_wconf 89' lang='lat' dir='ltr'><strong>Se</strong></span> 
     </span>
     <span class='ocr_line' id='line_1_15' title="bbox 575 2085 3055 2172; baseline -0 -23"><span class='ocrx_word' id='word_1_127' title='bbox 575 2086 838 2172; x_wconf 92' lang='lat' dir='ltr'><strong>quidem</strong></span> <span class='ocrx_word' id='word_1_128' title='bbox 883 2086 1098 2171; x_wconf 83' lang='lat' dir='ltr'><strong>addit,</strong></span> <span class='ocrx_word' id='word_1_129' title='bbox 1157 2089 1416 2151; x_wconf 85' lang='lat' dir='ltr'><strong>venisse</strong></span> <span class='ocrx_word' id='word_1_130' title='bbox 1462 2097 1532 2152; x_wconf 92' lang='lat' dir='ltr'><strong>ut</strong></span> <span class='ocrx_word' id='word_1_131' title='bbox 1577 2086 1833 2153; x_wconf 87' lang='lat' dir='ltr'><strong>Christo</strong></span> <span class='ocrx_word' id='word_1_132' title='bbox 1881 2087 2321 2151; x_wconf 89' lang='lat' dir='ltr'><strong>testimonium</strong></span> <span class='ocrx_word' id='word_1_133' title='bbox 2354 2085 2593 2168; x_wconf 87' lang='lat' dir='ltr'><strong>ferret,</strong></span> <span class='ocrx_word' id='word_1_134' title='bbox 2643 2108 2775 2172; x_wconf 91' lang='lat' dir='ltr'><strong>quo</strong></span> <span class='ocrx_word' id='word_1_135' title='bbox 2810 2085 3055 2149; x_wconf 84' lang='lat' dir='ltr'><strong>facilius</strong></span> 
     </span>
     <span class='ocr_line' id='line_1_16' title="bbox 571 2196 3131 2285; baseline -0.001 -22"><span class='ocrx_word' id='word_1_136' title='bbox 571 2198 851 2263; x_wconf 90' lang='lat' dir='ltr'><strong>mundus</strong></span> <span class='ocrx_word' id='word_1_137' title='bbox 904 2202 971 2263; x_wconf 90' lang='lat' dir='ltr'><strong>in</strong></span> <span class='ocrx_word' id='word_1_138' title='bbox 1022 2201 1236 2285; x_wconf 89' lang='lat' dir='ltr'><strong>ipsum</strong></span> <span class='ocrx_word' id='word_1_139' title='bbox 1291 2199 1608 2264; x_wconf 87' lang='lat' dir='ltr'><strong>crederet.</strong></span> <span class='ocrx_word' id='word_1_140' title='bbox 1660 2197 1999 2279; x_wconf 82' lang='lat' dir='ltr'><strong>Quosdam</strong></span> <span class='ocrx_word' id='word_1_141' title='bbox 2053 2208 2207 2262; x_wconf 86' lang='lat' dir='ltr'><strong>tunc</strong></span> <span class='ocrx_word' id='word_1_142' title='bbox 2241 2196 2591 2283; x_wconf 86' lang='lat' dir='ltr'><strong>discipulos</strong></span> <span class='ocrx_word' id='word_1_143' title='bbox 2622 2197 2931 2279; x_wconf 82' lang='lat' dir='ltr'><strong>lucrat-us,</strong></span> <span class='ocrx_word' id='word_1_144' title='bbox 2990 2200 3053 2261; x_wconf 89' lang='lat' dir='ltr'><strong>in</strong></span> <span class='ocrx_word' id='word_1_145' title='bbox 3124 2224 3131 2232; x_wconf 72' lang='grc'>’</span> 
     </span>
     <span class='ocr_line' id='line_1_17' title="bbox 569 2310 3055 2399; baseline -0 -25"><span class='ocrx_word' id='word_1_146' title='bbox 569 2313 742 2376; x_wconf 88' lang='lat' dir='ltr'><strong>vitae</strong></span> <span class='ocrx_word' id='word_1_147' title='bbox 769 2312 1254 2379; x_wconf 86' lang='lat' dir='ltr'><strong>austeritatibus</strong></span> <span class='ocrx_word' id='word_1_148' title='bbox 1285 2322 1350 2377; x_wconf 88' lang='lat' dir='ltr'><strong>et</strong></span> <span class='ocrx_word' id='word_1_149' title='bbox 1379 2313 1464 2378; x_wconf 94' lang='lat' dir='ltr'><strong>ad</strong></span> <span class='ocrx_word' id='word_1_150' title='bbox 1509 2312 1823 2399; x_wconf 88' lang='lat' dir='ltr'><strong>populum</strong></span> <span class='ocrx_word' id='word_1_151' title='bbox 1872 2310 2294 2378; x_wconf 84' lang='lat' dir='ltr'><strong>concionibus</strong></span> <span class='ocrx_word' id='word_1_152' title='bbox 2342 2312 2637 2375; x_wconf 86' lang='lat' dir='ltr'><strong>exerceri</strong></span> <span class='ocrx_word' id='word_1_153' title='bbox 2686 2310 3001 2376; x_wconf 84' lang='lat' dir='ltr'><strong>docuerat</strong></span> <span class='ocrx_word' id='word_1_154' title='bbox 3014 2314 3055 2373; x_wconf 79' lang='lat'><strong>3.</strong></span> 
     </span>
    </p>
   </div>
   <div class='ocr_carea' id='block_1_5' title="bbox 1048 2589 2578 2679">
    <p class='ocr_par' dir='ltr' id='par_1_5' title="bbox 1048 2589 2578 2679">
     <span class='ocr_line' id='line_1_18' title="bbox 1048 2589 2578 2679; baseline -0.003 -22"><span class='ocrx_word' id='word_1_155' title='bbox 1048 2598 1107 2675; x_wconf 63' lang='grc' dir='ltr'><strong>ἓ.</strong></span> <span class='ocrx_word' id='word_1_156' title='bbox 1160 2597 1217 2660; x_wconf 91' lang='grc'><strong>7.</strong></span> <span class='ocrx_word' id='word_1_157' title='bbox 1294 2593 1546 2659; x_wconf 87' lang='lat' dir='ltr'><strong>Jesus</strong></span> <span class='ocrx_word' id='word_1_158' title='bbox 1591 2592 2096 2679; x_wconf 86' lang='lat' dir='ltr'><strong>baptizatur</strong></span> <span class='ocrx_word' id='word_1_159' title='bbox 2140 2614 2180 2655; x_wconf 90' lang='lat' dir='ltr'><strong>a</strong></span> <span class='ocrx_word' id='word_1_160' title='bbox 2224 2589 2578 2655; x_wconf 81' lang='lat' dir='ltr'><strong>Joanne.</strong></span> 
     </span>
    </p>
   </div>
   <div class='ocr_carea' id='block_1_6' title="bbox 572 2764 3059 3550">
    <p class='ocr_par' dir='ltr' id='par_1_6' title="bbox 572 2764 3059 3550">
     <span class='ocr_line' id='line_1_19' title="bbox 776 2764 3055 2865; baseline -0.003 -15"><span class='ocrx_word' id='word_1_161' title='bbox 776 2785 944 2851; x_wconf 85' lang='lat' dir='ltr'><strong>Cum</strong></span> <span class='ocrx_word' id='word_1_162' title='bbox 1005 2786 1308 2849; x_wconf 89' lang='lat' dir='ltr'><strong>universa</strong></span> <span class='ocrx_word' id='word_1_163' title='bbox 1365 2794 1520 2849; x_wconf 91' lang='lat' dir='ltr'><strong>tunc</strong></span> <span class='ocrx_word' id='word_1_164' title='bbox 1580 2782 1858 2865; x_wconf 88' lang='lat' dir='ltr'><strong>Judaea‚</strong></span> <span class='ocrx_word' id='word_1_165' title='bbox 1918 2764 2049 2847; x_wconf 82' lang='lat' dir='ltr'><strong>imo</strong></span> <span class='ocrx_word' id='word_1_166' title='bbox 2089 2791 2261 2847; x_wconf 85' lang='lat' dir='ltr'><strong>totus</strong></span> <span class='ocrx_word' id='word_1_167' title='bbox 2324 2780 2453 2846; x_wconf 88' lang='lat' dir='ltr'><strong>late</strong></span> <span class='ocrx_word' id='word_1_168' title='bbox 2489 2780 2727 2845; x_wconf 90' lang='lat' dir='ltr'><strong>Oriens</strong></span> <span class='ocrx_word' id='word_1_169' title='bbox 2774 2782 2843 2843; x_wconf 90' lang='lat' dir='ltr'><strong>in</strong></span> <span class='ocrx_word' id='word_1_170' title='bbox 2890 2780 3055 2843; x_wconf 84' lang='lat' dir='ltr'><strong>Mes-</strong></span> 
     </span>
     <span class='ocr_line' id='line_1_20' title="bbox 572 2892 3057 2985; baseline -0.003 -22"><span class='ocrx_word' id='word_1_171' title='bbox 572 2902 706 2963; x_wconf 92' lang='lat' dir='ltr'><strong>siae</strong></span> <span class='ocrx_word' id='word_1_172' title='bbox 767 2900 1292 2985; x_wconf 87' lang='lat' dir='ltr'><strong>expectationem</strong></span> <span class='ocrx_word' id='word_1_173' title='bbox 1339 2920 1692 2983; x_wconf 88' lang='lat' dir='ltr'><strong>suspensus</strong></span> <span class='ocrx_word' id='word_1_174' title='bbox 1740 2906 1911 2960; x_wconf 89' lang='lat' dir='ltr'><strong>esset</strong></span> <span class='ocrx_word' id='word_1_175' title='bbox 1928 2899 1971 2979; x_wconf 75' lang='lat'><strong>4,</strong></span> <span class='ocrx_word' id='word_1_176' title='bbox 2018 2893 2415 2981; x_wconf 89' lang='lat' dir='ltr'><strong>impletaque</strong></span> <span class='ocrx_word' id='word_1_177' title='bbox 2481 2892 2863 2958; x_wconf 86' lang='lat' dir='ltr'><strong>viderentur</strong></span> <span class='ocrx_word' id='word_1_178' title='bbox 2906 2903 3057 2956; x_wconf 90' lang='lat' dir='ltr'><strong>tem·</strong></span> 
     </span>
     <span class='ocr_line' id='line_1_21' title="bbox 573 3004 3058 3098; baseline -0.003 -22"><span class='ocrx_word' id='word_1_179' title='bbox 573 3035 738 3098; x_wconf 87' lang='lat' dir='ltr'><strong>pora</strong></span> <span class='ocrx_word' id='word_1_180' title='bbox 805 3014 1024 3077; x_wconf 89' lang='lat' dir='ltr'><strong>omnia</strong></span> <span class='ocrx_word' id='word_1_181' title='bbox 1088 3034 1207 3098; x_wconf 89' lang='lat' dir='ltr'><strong>per</strong></span> <span class='ocrx_word' id='word_1_182' title='bbox 1272 3020 1458 3075; x_wconf 87' lang='lat' dir='ltr'><strong>vates</strong></span> <span class='ocrx_word' id='word_1_183' title='bbox 1526 3009 1612 3074; x_wconf 77' lang='lat' dir='ltr'><strong>de·</strong></span> <span class='ocrx_word' id='word_1_184' title='bbox 1685 3008 1939 3075; x_wconf 83' lang='lat' dir='ltr'><strong>Christo</strong></span> <span class='ocrx_word' id='word_1_185' title='bbox 2016 3009 2472 3094; x_wconf 88' lang='lat' dir='ltr'><strong>praenuntiata</strong></span> <span class='ocrx_word' id='word_1_186' title='bbox 2538 3009 2605 3071; x_wconf 90' lang='lat' dir='ltr'><strong>in</strong></span> <span class='ocrx_word' id='word_1_187' title='bbox 2672 3028 2913 3091; x_wconf 89' lang='lat' dir='ltr'><strong>magno</strong></span> <span class='ocrx_word' id='word_1_188' title='bbox 2980 3004 3058 3067; x_wconf 84' lang='lat' dir='ltr'><strong>ad</strong></span> 
     </span>
     <span class='ocr_line' id='line_1_22' title="bbox 573 3118 3059 3189; baseline -0.004 1"><span class='ocrx_word' id='word_1_189' title='bbox 573 3125 902 3189; x_wconf 88' lang='lat' dir='ltr'><strong>Joannem</strong></span> <span class='ocrx_word' id='word_1_190' title='bbox 959 3124 1422 3189; x_wconf 87' lang='lat' dir='ltr'><strong>confluentium</strong></span> <span class='ocrx_word' id='word_1_191' title='bbox 1477 3145 1749 3188; x_wconf 91' lang='lat' dir='ltr'><strong>numero</strong></span> <span class='ocrx_word' id='word_1_192' title='bbox 1811 3121 2215 3187; x_wconf 60' lang='lat' dir='ltr'><strong>«Iudaeorum</strong></span> <span class='ocrx_word' id='word_1_193' title='bbox 2268 3122 2449 3184; x_wconf 84' lang='lat' dir='ltr'><strong>venit</strong></span> <span class='ocrx_word' id='word_1_194' title='bbox 2502 3128 2568 3184; x_wconf 89' lang='lat' dir='ltr'><strong>et</strong></span> <span class='ocrx_word' id='word_1_195' title='bbox 2610 3119 2810 3184; x_wconf 86' lang='lat' dir='ltr'><strong>Jesus</strong></span> <span class='ocrx_word' id='word_1_196' title='bbox 2854 3118 3059 3181; x_wconf 84' lang='lat' dir='ltr'><strong>Naza-</strong></span> 
     </span>
     <span class='ocr_line' id='line_1_23' title="bbox 580 3229 3059 3321; baseline -0.004 -20"><span class='ocrx_word' id='word_1_197' title='bbox 580 3237 764 3303; x_wconf 90' lang='lat' dir='ltr'><strong>retho</strong></span> <span class='ocrx_word' id='word_1_198' title='bbox 794 3237 1130 3304; x_wconf 84' lang='lat' dir='ltr'><strong>Galilaeae</strong></span> <span class='ocrx_word' id='word_1_199' title='bbox 1161 3237 1246 3301; x_wconf 85' lang='lat' dir='ltr'><strong>ad</strong></span> <span class='ocrx_word' id='word_1_200' title='bbox 1278 3236 1658 3318; x_wconf 88' lang='lat' dir='ltr'><strong>Jordanem,</strong></span> <span class='ocrx_word' id='word_1_201' title='bbox 1699 3245 1895 3321; x_wconf 91' lang='lat' dir='ltr'><strong>atque</strong></span> <span class='ocrx_word' id='word_1_202' title='bbox 1932 3233 2258 3319; x_wconf 88' lang='lat' dir='ltr'><strong>baptismo</strong></span> <span class='ocrx_word' id='word_1_203' title='bbox 2284 3234 2443 3317; x_wconf 85' lang='lat' dir='ltr'><strong>tingi</strong></span> <span class='ocrx_word' id='word_1_204' title='bbox 2468 3234 2792 3318; x_wconf 89' lang='lat' dir='ltr'><strong>poposcit.</strong></span> <span class='ocrx_word' id='word_1_205' title='bbox 2838 3229 3059 3295; x_wconf 84' lang='lat' dir='ltr'><strong>Jesmn</strong></span> 
     </span>
     <span class='ocr_line' id='line_1_24' title="bbox 575 3342 3057 3437; baseline -0.004 -24"><span class='ocrx_word' id='word_1_206' title='bbox 575 3350 778 3415; x_wconf 87' lang='lat' dir='ltr'><strong>lavari</strong></span> <span class='ocrx_word' id='word_1_207' title='bbox 837 3360 1171 3437; x_wconf 87' lang='lat' dir='ltr'><strong>petentem</strong></span> <span class='ocrx_word' id='word_1_208' title='bbox 1234 3349 1476 3415; x_wconf 84' lang='lat' dir='ltr'><strong>obnixe</strong></span> <span class='ocrx_word' id='word_1_209' title='bbox 1535 3346 1929 3435; x_wconf 86' lang='lat' dir='ltr'><strong>prohibebat</strong></span> <span class='ocrx_word' id='word_1_210' title='bbox 1995 3345 2316 3411; x_wconf 86' lang='lat' dir='ltr'><strong>Joannes:</strong></span> <span class='ocrx_word' id='word_1_211' title='bbox 2378 3344 2545 3430; x_wconf 86' lang='lat' dir='ltr'><strong>,Ego</strong></span> <span class='ocrx_word' id='word_1_212' title='bbox 2615 3342 2841 3429; x_wconf 88' lang='lat' dir='ltr'><strong>utique</strong></span> <span class='ocrx_word' id='word_1_213' title='bbox 2904 3364 2945 3405; x_wconf 88' lang='lat' dir='ltr'><strong>a</strong></span> <span class='ocrx_word' id='word_1_214' title='bbox 3000 3354 3057 3405; x_wconf 83' lang='lat' dir='ltr'><strong>te</strong></span> 
     </span>
     <span class='ocr_line' id='line_1_25' title="bbox 579 3455 3057 3550; baseline -0.005 -21"><span class='ocrx_word' id='word_1_215' title='bbox 579 3463 788 3529; x_wconf 91' lang='lat' dir='ltr'><strong>debeo</strong></span> <span class='ocrx_word' id='word_1_216' title='bbox 834 3463 1184 3550; x_wconf 88' lang='lat' dir='ltr'><strong>baptizari,</strong></span> <span class='ocrx_word' id='word_1_217' title='bbox 1235 3464 1388 3549; x_wconf 90' lang='lat' dir='ltr'><strong>quia</strong></span> <span class='ocrx_word' id='word_1_218' title='bbox 1433 3484 1555 3547; x_wconf 86' lang='lat' dir='ltr'><strong>ego</strong></span> <span class='ocrx_word' id='word_1_219' title='bbox 1600 3462 1669 3525; x_wconf 94' lang='lat' dir='ltr'><strong>in</strong></span> <span class='ocrx_word' id='word_1_220' title='bbox 1714 3460 1887 3525; x_wconf 88' lang='lat' dir='ltr'><strong>hunc</strong></span> <span class='ocrx_word' id='word_1_221' title='bbox 1932 3458 2249 3523; x_wconf 89' lang='lat' dir='ltr'><strong>mundum</strong></span> <span class='ocrx_word' id='word_1_222' title='bbox 2295 3455 2539 3523; x_wconf 89' lang='lat' dir='ltr'><strong>carnali</strong></span> <span class='ocrx_word' id='word_1_223' title='bbox 2600 3478 2745 3521; x_wconf 89' lang='lat' dir='ltr'><strong>sum</strong></span> <span class='ocrx_word' id='word_1_224' title='bbox 2792 3464 3057 3541; x_wconf 86' lang='lat' dir='ltr'><strong>parente</strong></span> 
     </span>
    </p>
   </div>
   <div class='ocr_carea' id='block_1_7' title="bbox 577 3610 990 3618">
    <p class='ocr_par' dir='ltr' id='par_1_7' title="bbox 577 3610 990 3618">
     <span class='ocr_line' id='line_1_26' title="bbox 577 3610 990 3618; baseline 0 0"><span class='ocrx_word' id='word_1_225' title='bbox 577 3610 990 3618; x_wconf 95' lang='lat' dir='ltr'><strong> </strong></span> 
     </span>
    </p>
   </div>
   <div class='ocr_carea' id='block_1_8' title="bbox 575 3648 3061 3812">
    <p class='ocr_par' dir='ltr' id='par_1_8' title="bbox 575 3648 3061 3812">
     <span class='ocr_line' id='line_1_27' title="bbox 575 3648 3059 3725; baseline -0.005 -16"><span class='ocrx_word' id='word_1_226' title='bbox 575 3662 630 3709; x_wconf 89' lang='lat' dir='ltr'><strong>in</strong></span> <span class='ocrx_word' id='word_1_227' title='bbox 669 3661 876 3725; x_wconf 79' lang='lat' dir='ltr'><strong>Evang.</strong></span> <span class='ocrx_word' id='word_1_228' title='bbox 923 3660 969 3709; x_wconf 88' lang='grc'><strong>7.</strong></span> <span class='ocrx_word' id='word_1_229' title='bbox 1006 3675 1058 3708; x_wconf 82' lang='grc' dir='ltr'><strong>ιι.</strong></span> <span class='ocrx_word' id='word_1_230' title='bbox 1097 3661 1146 3709; x_wconf 88' lang='lat'><strong>3.</strong></span> <span class='ocrx_word' id='word_1_231' title='bbox 1182 3674 1232 3723; x_wconf 89' lang='lat' dir='ltr'><strong>p.</strong></span> <span class='ocrx_word' id='word_1_232' title='bbox 1273 3660 1422 3708; x_wconf 83' lang='lat'><strong>1458.</strong></span> <span class='ocrx_word' id='word_1_233' title='bbox 1451 3672 1492 3707; x_wconf 83' lang='lat' dir='ltr'><strong>s.</strong></span> <span class='ocrx_word' id='word_1_234' title='bbox 1516 3656 1785 3705; x_wconf 87' lang='lat' dir='ltr'><strong>Joannem</strong></span> <span class='ocrx_word' id='word_1_235' title='bbox 1820 3655 2239 3714; x_wconf 80' lang='lat' dir='ltr'><strong>Damascenum,</strong></span> <span class='ocrx_word' id='word_1_236' title='bbox 2284 3650 2350 3701; x_wconf 86' lang='lat' dir='ltr'><strong>de</strong></span> <span class='ocrx_word' id='word_1_237' title='bbox 2386 3650 2490 3699; x_wconf 85' lang='lat' dir='ltr'><strong>fide</strong></span> <span class='ocrx_word' id='word_1_238' title='bbox 2529 3666 2578 3699; x_wconf 91' lang='lat' dir='ltr'><strong>o.</strong></span> <span class='ocrx_word' id='word_1_239' title='bbox 2622 3649 2727 3712; x_wconf 89' lang='lat' dir='ltr'><strong>IV,</strong></span> <span class='ocrx_word' id='word_1_240' title='bbox 2770 3650 2819 3698; x_wconf 81' lang='lat'><strong>9.</strong></span> <span class='ocrx_word' id='word_1_241' title='bbox 2856 3648 2908 3710; x_wconf 92' lang='grc' dir='ltr'><strong>Ι,</strong></span> <span class='ocrx_word' id='word_1_242' title='bbox 2946 3650 3059 3697; x_wconf 84' lang='grc'><strong>261.</strong></span> 
     </span>
     <span class='ocr_line' id='line_1_28' title="bbox 579 3735 3061 3812; baseline -0.005 -16"><span class='ocrx_word' id='word_1_243' title='bbox 579 3747 629 3796; x_wconf 87' lang='lat' dir='ltr'><strong>d.</strong></span> <span class='ocrx_word' id='word_1_244' title='bbox 671 3746 944 3809; x_wconf 84' lang='lat' dir='ltr'><strong>Thomam,</strong></span> <span class='ocrx_word' id='word_1_245' title='bbox 978 3746 1075 3809; x_wconf 93' lang='grc' dir='ltr'>ΙΙΙ,</span> <span class='ocrx_word' id='word_1_246' title='bbox 1110 3764 1162 3812; x_wconf 93' lang='lat' dir='ltr'><strong>q.</strong></span> <span class='ocrx_word' id='word_1_247' title='bbox 1187 3747 1270 3796; x_wconf 87' lang='lat'><strong>38.</strong></span> <span class='ocrx_word' id='word_1_248' title='bbox 1295 3745 1361 3807; x_wconf 84' lang='lat' dir='ltr'><strong>X,</strong></span> <span class='ocrx_word' id='word_1_249' title='bbox 1389 3746 1506 3793; x_wconf 89' lang='grc'><strong>787.</strong></span> <span class='ocrx_word' id='word_1_250' title='bbox 1533 3760 1575 3792; x_wconf 89' lang='lat' dir='ltr'><strong>s.</strong></span> <span class='ocrx_word' id='word_1_251' title='bbox 1607 3742 1790 3807; x_wconf 85' lang='lat' dir='ltr'><strong>ibique</strong></span> <span class='ocrx_word' id='word_1_252' title='bbox 1828 3741 2170 3805; x_wconf 84' lang='lat' dir='ltr'><strong>expositores.</strong></span> <span class='ocrx_word' id='word_1_253' title='bbox 2218 3738 2290 3787; x_wconf 83' lang='lat' dir='ltr'><strong>Et</strong></span> <span class='ocrx_word' id='word_1_254' title='bbox 2325 3736 2459 3787; x_wconf 85' lang='lat' dir='ltr'><strong>haec</strong></span> <span class='ocrx_word' id='word_1_255' title='bbox 2495 3737 2695 3786; x_wconf 77' lang='lat' dir='ltr'><strong>veritas</strong></span> <span class='ocrx_word' id='word_1_256' title='bbox 2733 3735 2953 3785; x_wconf 78' lang='lat' dir='ltr'><strong>definita</strong></span> <span class='ocrx_word' id='word_1_257' title='bbox 2986 3736 3061 3783; x_wconf 77' lang='lat' dir='ltr'><strong>est</strong></span> 
     </span>
    </p>
   </div>
   <div class='ocr_carea' id='block_1_9' title="bbox 577 3829 1733 3883">
    <p class='ocr_par' dir='ltr' id='par_1_9' title="bbox 577 3829 1733 3883">
     <span class='ocr_line' id='line_1_29' title="bbox 577 3829 1733 3883; baseline -0.005 0"><span class='ocrx_word' id='word_1_258' title='bbox 577 3835 632 3883; x_wconf 85' lang='lat' dir='ltr'><strong>in</strong></span> <span class='ocrx_word' id='word_1_259' title='bbox 671 3848 820 3883; x_wconf 84' lang='lat' dir='ltr'><strong>conc.</strong></span> <span class='ocrx_word' id='word_1_260' title='bbox 857 3832 1167 3882; x_wconf 86' lang='lat' dir='ltr'><strong>Tridentino</strong></span> <span class='ocrx_word' id='word_1_261' title='bbox 1205 3846 1336 3882; x_wconf 83' lang='lat' dir='ltr'><strong>sess.</strong></span> <span class='ocrx_word' id='word_1_262' title='bbox 1373 3829 1492 3879; x_wconf 91' lang='lat' dir='ltr'><strong>VII.</strong></span> <span class='ocrx_word' id='word_1_263' title='bbox 1527 3844 1645 3879; x_wconf 83' lang='lat' dir='ltr'><strong>can.</strong></span> <span class='ocrx_word' id='word_1_264' title='bbox 1686 3832 1733 3879; x_wconf 93' lang='lat'><strong>1.</strong></span> 
     </span>
    </p>
   </div>
   <div class='ocr_carea' id='block_1_10' title="bbox 578 3916 3062 4690">
    <p class='ocr_par' dir='ltr' id='par_1_10' title="bbox 578 3916 3062 4690">
     <span class='ocr_line' id='line_1_30' title="bbox 791 3916 3059 3995; baseline -0.006 -17"><span class='ocrx_word' id='word_1_265' title='bbox 791 3927 827 3995; x_wconf 86' lang='lat'><strong>¹)</strong></span> <span class='ocrx_word' id='word_1_266' title='bbox 867 3926 948 3977; x_wconf 86' lang='lat' dir='ltr'><strong>Cf.</strong></span> <span class='ocrx_word' id='word_1_267' title='bbox 983 3928 1036 3977; x_wconf 89' lang='lat' dir='ltr'><strong>J.</strong></span> <span class='ocrx_word' id='word_1_268' title='bbox 1074 3927 1144 3976; x_wconf 83' lang='lat' dir='ltr'><strong>M.</strong></span> <span class='ocrx_word' id='word_1_269' title='bbox 1181 3926 1244 3975; x_wconf 90' lang='lat' dir='ltr'><strong>A.</strong></span> <span class='ocrx_word' id='word_1_270' title='bbox 1281 3926 1475 3990; x_wconf 71' lang='lat' dir='ltr'><strong>Konig,</strong></span> <span class='ocrx_word' id='word_1_271' title='bbox 1523 3924 1588 3973; x_wconf 88' lang='lat' dir='ltr'><strong>de</strong></span> <span class='ocrx_word' id='word_1_272' title='bbox 1633 3925 1740 3973; x_wconf 88' lang='lat' dir='ltr'><strong>ritu</strong></span> <span class='ocrx_word' id='word_1_273' title='bbox 1774 3922 2023 3989; x_wconf 82' lang='lat' dir='ltr'><strong>portandi</strong></span> <span class='ocrx_word' id='word_1_274' title='bbox 2070 3921 2283 3971; x_wconf 82' lang='lat' dir='ltr'><strong>calceos</strong></span> <span class='ocrx_word' id='word_1_275' title='bbox 2318 3920 2375 3968; x_wconf 90' lang='lat' dir='ltr'><strong>in</strong></span> <span class='ocrx_word' id='word_1_276' title='bbox 2418 3918 2576 3967; x_wconf 84' lang='lat' dir='ltr'><strong>Thes.</strong></span> <span class='ocrx_word' id='word_1_277' title='bbox 2614 3916 2777 3967; x_wconf 80' lang='lat' dir='ltr'><strong>theol.</strong></span> <span class='ocrx_word' id='word_1_278' title='bbox 2813 3934 2867 3983; x_wconf 87' lang='lat' dir='ltr'><strong>p.</strong></span> <span class='ocrx_word' id='word_1_279' title='bbox 2904 3918 2988 3966; x_wconf 90' lang='grc'><strong>86.</strong></span> <span class='ocrx_word' id='word_1_280' title='bbox 3022 3932 3059 3965; x_wconf 87' lang='lat' dir='ltr'><strong>s.</strong></span> 
     </span>
     <span class='ocr_line' id='line_1_31' title="bbox 578 4002 3061 4081; baseline -0.006 -15"><span class='ocrx_word' id='word_1_281' title='bbox 578 4016 880 4081; x_wconf 81' lang='lat' dir='ltr'><strong>Bynaeum,</strong></span> <span class='ocrx_word' id='word_1_282' title='bbox 929 4014 993 4064; x_wconf 88' lang='lat' dir='ltr'><strong>de</strong></span> <span class='ocrx_word' id='word_1_283' title='bbox 1041 4014 1236 4063; x_wconf 83' lang='lat' dir='ltr'><strong>calceis</strong></span> <span class='ocrx_word' id='word_1_284' title='bbox 1280 4012 1421 4061; x_wconf 86' lang='lat' dir='ltr'><strong>Heb.</strong></span> <span class='ocrx_word' id='word_1_285' title='bbox 1457 4012 1538 4073; x_wconf 92' lang='grc' dir='ltr'><strong>ΙΙ,</strong></span> <span class='ocrx_word' id='word_1_286' title='bbox 1577 4012 1634 4073; x_wconf 90' lang='lat'><strong>8,</strong></span> <span class='ocrx_word' id='word_1_287' title='bbox 1676 4012 1757 4061; x_wconf 89' lang='grc'><strong>10.</strong></span> <span class='ocrx_word' id='word_1_288' title='bbox 1798 4012 1878 4060; x_wconf 94' lang='grc'><strong>11.</strong></span> <span class='ocrx_word' id='word_1_289' title='bbox 1916 4025 1967 4074; x_wconf 89' lang='lat' dir='ltr'><strong>p.</strong></span> <span class='ocrx_word' id='word_1_290' title='bbox 2005 4008 2124 4058; x_wconf 81' lang='grc'><strong>234.</strong></span> <span class='ocrx_word' id='word_1_291' title='bbox 2162 4024 2204 4057; x_wconf 84' lang='lat' dir='ltr'><strong>s.</strong></span> <span class='ocrx_word' id='word_1_292' title='bbox 2266 4004 2307 4072; x_wconf 84' lang='lat'><strong>²)</strong></span> <span class='ocrx_word' id='word_1_293' title='bbox 2346 4004 2573 4070; x_wconf 82' lang='lat' dir='ltr'><strong>Spiritus</strong></span> <span class='ocrx_word' id='word_1_294' title='bbox 2620 4020 2663 4053; x_wconf 90' lang='lat' dir='ltr'><strong>s.</strong></span> <span class='ocrx_word' id='word_1_295' title='bbox 2700 4002 3061 4053; x_wconf 79' lang='lat' dir='ltr'><strong>consideratur</strong></span> 
     </span>
     <span class='ocr_line' id='line_1_32' title="bbox 579 4088 3059 4169; baseline -0.007 -16"><span class='ocrx_word' id='word_1_296' title='bbox 579 4104 718 4169; x_wconf 84' lang='lat' dir='ltr'><strong>ignis</strong></span> <span class='ocrx_word' id='word_1_297' title='bbox 761 4098 911 4169; x_wconf 83' lang='grc' dir='ltr'>πυρός</span> <span class='ocrx_word' id='word_1_298' title='bbox 955 4104 1036 4164; x_wconf 87' lang='lat' dir='ltr'><strong>vi,</strong></span> <span class='ocrx_word' id='word_1_299' title='bbox 1074 4100 1140 4150; x_wconf 91' lang='lat' dir='ltr'><strong>ob</strong></span> <span class='ocrx_word' id='word_1_300' title='bbox 1189 4101 1303 4149; x_wconf 88' lang='lat' dir='ltr'><strong>eius</strong></span> <span class='ocrx_word' id='word_1_301' title='bbox 1349 4091 1403 4148; x_wconf 78' lang='grc' dir='ltr'><strong>τὸ</strong></span> <span class='ocrx_word' id='word_1_302' title='bbox 1449 4112 1608 4163; x_wconf 82' lang='lat' dir='ltr'><strong>agere</strong></span> <span class='ocrx_word' id='word_1_303' title='bbox 1648 4096 1958 4147; x_wconf 83' lang='lat' dir='ltr'><strong>efficaciam.</strong></span> <span class='ocrx_word' id='word_1_304' title='bbox 2016 4094 2097 4144; x_wconf 82' lang='lat' dir='ltr'><strong>Cf.</strong></span> <span class='ocrx_word' id='word_1_305' title='bbox 2135 4094 2187 4143; x_wconf 88' lang='lat' dir='ltr'><strong>J.</strong></span> <span class='ocrx_word' id='word_1_306' title='bbox 2222 4094 2485 4154; x_wconf 85' lang='lat' dir='ltr'><strong>Vriemot,</strong></span> <span class='ocrx_word' id='word_1_307' title='bbox 2524 4090 2753 4141; x_wconf 82' lang='lat' dir='ltr'><strong>Observ.</strong></span> <span class='ocrx_word' id='word_1_308' title='bbox 2790 4091 2848 4139; x_wconf 88' lang='lat' dir='ltr'><strong>in</strong></span> <span class='ocrx_word' id='word_1_309' title='bbox 2882 4088 3059 4138; x_wconf 76' lang='lat' dir='ltr'><strong>Matth.</strong></span> 
     </span>
     <span class='ocr_line' id='line_1_33' title="bbox 579 4176 3059 4253; baseline -0.007 -13"><span class='ocrx_word' id='word_1_310' title='bbox 579 4190 723 4239; x_wconf 85' lang='lat' dir='ltr'><strong>Trai.</strong></span> <span class='ocrx_word' id='word_1_311' title='bbox 763 4190 914 4240; x_wconf 91' lang='grc'><strong>1728.</strong></span> <span class='ocrx_word' id='word_1_312' title='bbox 951 4205 1003 4253; x_wconf 90' lang='lat' dir='ltr'><strong>p.</strong></span> <span class='ocrx_word' id='word_1_313' title='bbox 1041 4189 1126 4237; x_wconf 89' lang='grc'><strong>32.</strong></span> <span class='ocrx_word' id='word_1_314' title='bbox 1189 4184 1228 4253; x_wconf 81' lang='lat'><strong>³)</strong></span> <span class='ocrx_word' id='word_1_315' title='bbox 1265 4186 1472 4235; x_wconf 88' lang='lat' dir='ltr'><strong>Horum</strong></span> <span class='ocrx_word' id='word_1_316' title='bbox 1517 4184 1711 4234; x_wconf 86' lang='lat' dir='ltr'><strong>deinde</strong></span> <span class='ocrx_word' id='word_1_317' title='bbox 1757 4181 2001 4233; x_wconf 85' lang='lat' dir='ltr'><strong>nonnulli</strong></span> <span class='ocrx_word' id='word_1_318' title='bbox 2045 4180 2179 4230; x_wconf 85' lang='lat' dir='ltr'><strong>Jesu</strong></span> <span class='ocrx_word' id='word_1_319' title='bbox 2228 4178 2437 4229; x_wconf 87' lang='lat' dir='ltr'><strong>Christo</strong></span> <span class='ocrx_word' id='word_1_320' title='bbox 2486 4176 2797 4227; x_wconf 85' lang='lat' dir='ltr'><strong>adhaesere.</strong></span> <span class='ocrx_word' id='word_1_321' title='bbox 2853 4177 2917 4226; x_wconf 89' lang='lat' dir='ltr'><strong>V.</strong></span> <span class='ocrx_word' id='word_1_322' title='bbox 2954 4178 2987 4224; x_wconf 84' lang='lat' dir='ltr'><strong>i.</strong></span> <span class='ocrx_word' id='word_1_323' title='bbox 3022 4191 3059 4223; x_wconf 84' lang='lat' dir='ltr'><strong>s.</strong></span> 
     </span>
     <span class='ocr_line' id='line_1_34' title="bbox 579 4262 3059 4341; baseline -0.006 -15"><span class='ocrx_word' id='word_1_324' title='bbox 579 4277 981 4341; x_wconf 83' lang='lat' dir='ltr'><strong>Hieronymum,</strong></span> <span class='ocrx_word' id='word_1_325' title='bbox 1017 4274 1137 4323; x_wconf 80' lang='lat' dir='ltr'><strong>adv,</strong></span> <span class='ocrx_word' id='word_1_326' title='bbox 1161 4272 1336 4322; x_wconf 80' lang='lat' dir='ltr'><strong>Lucis.</strong></span> <span class='ocrx_word' id='word_1_327' title='bbox 1377 4274 1423 4321; x_wconf 93' lang='grc'><strong>7.</strong></span> <span class='ocrx_word' id='word_1_328' title='bbox 1449 4288 1501 4337; x_wconf 91' lang='lat' dir='ltr'><strong>p.</strong></span> <span class='ocrx_word' id='word_1_329' title='bbox 1532 4273 1646 4322; x_wconf 90' lang='grc'><strong>178.</strong></span> <span class='ocrx_word' id='word_1_330' title='bbox 1672 4270 1738 4319; x_wconf 92' lang='lat' dir='ltr'><strong>L.</strong></span> <span class='ocrx_word' id='word_1_331' title='bbox 1762 4268 1947 4318; x_wconf 82' lang='lat' dir='ltr'><strong>Matth.</strong></span> <span class='ocrx_word' id='word_1_332' title='bbox 1975 4270 2023 4330; x_wconf 84' lang='lat'><strong>3,</strong></span> <span class='ocrx_word' id='word_1_333' title='bbox 2052 4269 2133 4317; x_wconf 90' lang='grc'><strong>12.</strong></span> <span class='ocrx_word' id='word_1_334' title='bbox 2170 4266 2336 4315; x_wconf 87' lang='lat' dir='ltr'><strong>Marc.</strong></span> <span class='ocrx_word' id='word_1_335' title='bbox 2377 4268 2425 4328; x_wconf 91' lang='lat'><strong>1,</strong></span> <span class='ocrx_word' id='word_1_336' title='bbox 2451 4265 2603 4314; x_wconf 89' lang='grc'><strong>2-8.</strong></span> <span class='ocrx_word' id='word_1_337' title='bbox 2640 4263 2776 4313; x_wconf 85' lang='lat' dir='ltr'><strong>Luc.</strong></span> <span class='ocrx_word' id='word_1_338' title='bbox 2806 4266 2854 4327; x_wconf 88' lang='lat'><strong>3,</strong></span> <span class='ocrx_word' id='word_1_339' title='bbox 2880 4262 3059 4311; x_wconf 79' lang='lat'><strong>3—18.</strong></span> 
     </span>
     <span class='ocr_line' id='line_1_35' title="bbox 581 4350 3061 4426; baseline -0.007 -13"><span class='ocrx_word' id='word_1_340' title='bbox 581 4364 774 4413; x_wconf 82' lang='lat' dir='ltr'><strong>Joann.</strong></span> <span class='ocrx_word' id='word_1_341' title='bbox 803 4366 852 4423; x_wconf 92' lang='lat'><strong>1,</strong></span> <span class='ocrx_word' id='word_1_342' title='bbox 878 4364 926 4412; x_wconf 86' lang='grc'><strong>6.</strong></span> <span class='ocrx_word' id='word_1_343' title='bbox 953 4361 993 4426; x_wconf 87' lang='lat'><strong>⁴)</strong></span> <span class='ocrx_word' id='word_1_344' title='bbox 1023 4360 1081 4410; x_wconf 89' lang='lat' dir='ltr'><strong>C.</strong></span> <span class='ocrx_word' id='word_1_345' title='bbox 1111 4360 1373 4422; x_wconf 86' lang='lat' dir='ltr'><strong>Svetonii,</strong></span> <span class='ocrx_word' id='word_1_346' title='bbox 1399 4359 1807 4423; x_wconf 87' lang='lat' dir='ltr'><strong>Vespasianum,</strong></span> <span class='ocrx_word' id='word_1_347' title='bbox 1832 4372 1885 4405; x_wconf 91' lang='lat' dir='ltr'><strong>n.</strong></span> <span class='ocrx_word' id='word_1_348' title='bbox 1912 4358 1961 4405; x_wconf 88' lang='lat'><strong>4.</strong></span> <span class='ocrx_word' id='word_1_349' title='bbox 1988 4354 2071 4404; x_wconf 88' lang='lat' dir='ltr'><strong>ed.</strong></span> <span class='ocrx_word' id='word_1_350' title='bbox 2097 4353 2215 4419; x_wconf 88' lang='lat' dir='ltr'><strong>Bip.</strong></span> <span class='ocrx_word' id='word_1_351' title='bbox 2240 4369 2293 4418; x_wconf 88' lang='lat' dir='ltr'><strong>p.</strong></span> <span class='ocrx_word' id='word_1_352' title='bbox 2320 4353 2438 4402; x_wconf 82' lang='lat'><strong>333.</strong></span> <span class='ocrx_word' id='word_1_353' title='bbox 2465 4350 2525 4401; x_wconf 82' lang='lat' dir='ltr'><strong>C.</strong></span> <span class='ocrx_word' id='word_1_354' title='bbox 2550 4351 2753 4411; x_wconf 83' lang='lat' dir='ltr'><strong>Taciti,</strong></span> <span class='ocrx_word' id='word_1_355' title='bbox 2790 4350 3061 4399; x_wconf 74' lang='lat' dir='ltr'><strong>Historias.</strong></span> 
     </span>
     <span class='ocr_line' id='line_1_36' title="bbox 583 4436 3059 4513; baseline -0.006 -14"><span class='ocrx_word' id='word_1_356' title='bbox 583 4452 644 4513; x_wconf 89' lang='lat' dir='ltr'><strong>V,</strong></span> <span class='ocrx_word' id='word_1_357' title='bbox 687 4452 766 4500; x_wconf 82' lang='lat'><strong>13.</strong></span> <span class='ocrx_word' id='word_1_358' title='bbox 810 4450 905 4511; x_wconf 89' lang='lat' dir='ltr'><strong>III,</strong></span> <span class='ocrx_word' id='word_1_359' title='bbox 945 4450 1064 4498; x_wconf 88' lang='grc'><strong>219.</strong></span> <span class='ocrx_word' id='word_1_360' title='bbox 1100 4448 1172 4497; x_wconf 88' lang='grc' dir='ltr'><strong>Μ.</strong></span> <span class='ocrx_word' id='word_1_361' title='bbox 1213 4445 1741 4509; x_wconf 80' lang='lat' dir='ltr'><strong>Schneckenburger,</strong></span> <span class='ocrx_word' id='word_1_362' title='bbox 1778 4443 2147 4505; x_wconf 80' lang='lat' dir='ltr'><strong>Vorlesungen</strong></span> <span class='ocrx_word' id='word_1_363' title='bbox 2185 4440 2317 4488; x_wconf 77' lang='lat' dir='ltr'><strong>iiber</strong></span> <span class='ocrx_word' id='word_1_364' title='bbox 2352 4436 2896 4488; x_wconf 83' lang='lat' dir='ltr'><strong>Neutestamentliche</strong></span> <span class='ocrx_word' id='word_1_365' title='bbox 2932 4436 3059 4484; x_wconf 75' lang='lat' dir='ltr'><strong>zeit-</strong></span> 
     </span>
     <span class='ocr_line' id='line_1_37' title="bbox 583 4520 3062 4604; baseline -0.007 -16"><span class='ocrx_word' id='word_1_366' title='bbox 583 4536 901 4604; x_wconf 84' lang='lat' dir='ltr'><strong>geschichte.</strong></span> <span class='ocrx_word' id='word_1_367' title='bbox 952 4534 1174 4584; x_wconf 76' lang='lat' dir='ltr'><strong>Franks.</strong></span> <span class='ocrx_word' id='word_1_368' title='bbox 1223 4536 1373 4583; x_wconf 89' lang='grc'><strong>1862.</strong></span> <span class='ocrx_word' id='word_1_369' title='bbox 1419 4550 1470 4597; x_wconf 89' lang='lat' dir='ltr'><strong>p.</strong></span> <span class='ocrx_word' id='word_1_370' title='bbox 1521 4534 1638 4581; x_wconf 84' lang='lat'><strong>194.</strong></span> <span class='ocrx_word' id='word_1_371' title='bbox 1682 4547 1723 4580; x_wconf 82' lang='lat' dir='ltr'><strong>s.</strong></span> <span class='ocrx_word' id='word_1_372' title='bbox 1776 4529 1865 4578; x_wconf 82' lang='lat' dir='ltr'><strong>Fr.</strong></span> <span class='ocrx_word' id='word_1_373' title='bbox 1912 4527 2300 4591; x_wconf 78' lang='lat' dir='ltr'><strong>Hillskamp,</strong></span> <span class='ocrx_word' id='word_1_374' title='bbox 2346 4522 2718 4575; x_wconf 84' lang='lat' dir='ltr'><strong>Rohrbachers</strong></span> <span class='ocrx_word' id='word_1_375' title='bbox 2766 4520 3062 4574; x_wconf 72' lang='lat' dir='ltr'><strong>Universal-</strong></span> 
     </span>
     <span class='ocr_line' id='line_1_38' title="bbox 584 4614 2128 4690; baseline -0.008 -16"><span class='ocrx_word' id='word_1_376' title='bbox 584 4624 886 4690; x_wconf 85' lang='lat' dir='ltr'><strong>geschichte</strong></span> <span class='ocrx_word' id='word_1_377' title='bbox 925 4622 974 4671; x_wconf 88' lang='lat' dir='ltr'><strong>d.</strong></span> <span class='ocrx_word' id='word_1_378' title='bbox 1013 4620 1159 4670; x_wconf 85' lang='lat' dir='ltr'><strong>kath.</strong></span> <span class='ocrx_word' id='word_1_379' title='bbox 1197 4618 1412 4669; x_wconf 85' lang='lat' dir='ltr'><strong>Kirche.</strong></span> <span class='ocrx_word' id='word_1_380' title='bbox 1449 4618 1647 4667; x_wconf 74' lang='lat' dir='ltr'><strong>Mflnst.</strong></span> <span class='ocrx_word' id='word_1_381' title='bbox 1686 4617 1837 4666; x_wconf 88' lang='grc'><strong>1863.</strong></span> <span class='ocrx_word' id='word_1_382' title='bbox 1874 4614 1971 4678; x_wconf 86' lang='grc' dir='ltr'>ΙΙΙ,</span> <span class='ocrx_word' id='word_1_383' title='bbox 2010 4615 2128 4663; x_wconf 83' lang='grc'><strong>581.</strong></span> 
     </span>
    </p>
   </div>
   <div class='ocr_carea' id='block_1_11' title="bbox 3203 2094 3219 4331">
    <p class='ocr_par' dir='ltr' id='par_1_11' title="bbox 3203 2094 3219 4331">
     <span class='ocr_line' id='line_1_39' title="bbox 3203 2094 3219 4331; baseline 0 0"><span class='ocrx_word' id='word_1_384' title='bbox 3203 2094 3219 4331; x_wconf 95' lang='lat' dir='ltr'><strong> </strong></span> 
     </span>
    </p>
   </div>
  </div>
 </body>
</html>
