<?xml version="1.0" encoding="UTF-8"?>
<!DOCTYPE html PUBLIC "-//W3C//DTD XHTML 1.0 Transitional//EN"
    "http://www.w3.org/TR/xhtml1/DTD/xhtml1-transitional.dtd">
<html xmlns="http://www.w3.org/1999/xhtml" xml:lang="en" lang="en">
 <head>
  <title>
</title>
<meta http-equiv="Content-Type" content="text/html;charset=utf-8" />
  <meta name='ocr-system' content='tesseract 3.04.00' />
  <meta name='ocr-capabilities' content='ocr_page ocr_carea ocr_par ocr_line ocrx_word'/>
</head>
<body>
  <div class='ocr_page' id='page_1' title='image "./historiarevelat00unkngoog_0438.png"; bbox 0 0 3267 5259; ppageno 0'>
   <div class='ocr_carea' id='block_1_1' title="bbox 564 400 2280 465">
    <p class='ocr_par' dir='ltr' id='par_1_1' title="bbox 564 400 2280 465">
     <span class='ocr_line' id='line_1_1' title="bbox 564 400 2280 465; baseline -0.006 -6"><span class='ocrx_word' id='word_1_1' title='bbox 564 400 694 465; x_wconf 80' lang='lat'><strong>310</strong></span> <span class='ocrx_word' id='word_1_2' title='bbox 1312 410 1373 451; x_wconf 80' lang='lat' dir='ltr'><strong>De</strong></span> <span class='ocrx_word' id='word_1_3' title='bbox 1403 410 1597 451; x_wconf 75' lang='lat' dir='ltr'><strong>fontibus</strong></span> <span class='ocrx_word' id='word_1_4' title='bbox 1628 410 1788 450; x_wconf 69' lang='lat' dir='ltr'><strong>Hister.</strong></span> <span class='ocrx_word' id='word_1_5' title='bbox 1821 409 1868 449; x_wconf 83' lang='lat' dir='ltr'><strong>D.</strong></span> <span class='ocrx_word' id='word_1_6' title='bbox 1903 410 1954 450; x_wconf 75' lang='lat' dir='ltr'><strong>N.</strong></span> <span class='ocrx_word' id='word_1_7' title='bbox 1984 410 2025 449; x_wconf 84' lang='lat' dir='ltr'><strong>J.</strong></span> <span class='ocrx_word' id='word_1_8' title='bbox 2057 410 2102 449; x_wconf 80' lang='lat' dir='ltr'><strong>C.</strong></span> <span class='ocrx_word' id='word_1_9' title='bbox 2134 420 2280 449; x_wconf 82' lang='lat' dir='ltr'><strong>comm.</strong></span> 
     </span>
    </p>
   </div>
   <div class='ocr_carea' id='block_1_2' title="bbox 562 587 3024 2022">
    <p class='ocr_par' dir='ltr' id='par_1_2' title="bbox 562 587 3024 2022">
     <span class='ocr_line' id='line_1_2' title="bbox 564 587 3022 669; baseline -0.002 -20"><span class='ocrx_word' id='word_1_10' title='bbox 564 612 670 669; x_wconf 89' lang='lat' dir='ltr'><strong>pro</strong></span> <span class='ocrx_word' id='word_1_11' title='bbox 717 590 1083 665; x_wconf 81' lang='lat' dir='ltr'><strong>argumentis</strong></span> <span class='ocrx_word' id='word_1_12' title='bbox 1128 590 1417 649; x_wconf 85' lang='lat' dir='ltr'><strong>afferunt:</strong></span> <span class='ocrx_word' id='word_1_13' title='bbox 1476 590 1686 660; x_wconf 89' lang='lat' dir='ltr'><strong>dubia,</strong></span> <span class='ocrx_word' id='word_1_14' title='bbox 1743 590 2102 647; x_wconf 83' lang='lat' dir='ltr'><strong>coniecturas</strong></span> <span class='ocrx_word' id='word_1_15' title='bbox 2147 593 2321 667; x_wconf 89' lang='lat' dir='ltr'><strong>atque</strong></span> <span class='ocrx_word' id='word_1_16' title='bbox 2367 588 2750 664; x_wconf 75' lang='lat' dir='ltr'>suspiciones,</span> <span class='ocrx_word' id='word_1_17' title='bbox 2801 587 3022 646; x_wconf 73' lang='lat' dir='ltr'><strong>leviores</strong></span> 
     </span>
     <span class='ocr_line' id='line_1_3' title="bbox 562 694 3020 774; baseline -0.002 -21"><span class='ocrx_word' id='word_1_18' title='bbox 562 696 767 770; x_wconf 81' lang='lat' dir='ltr'><strong>longe3</strong></span> <span class='ocrx_word' id='word_1_19' title='bbox 812 714 987 774; x_wconf 87' lang='lat' dir='ltr'><strong>quam</strong></span> <span class='ocrx_word' id='word_1_20' title='bbox 1024 700 1093 753; x_wconf 88' lang='lat' dir='ltr'><strong>ut</strong></span> <span class='ocrx_word' id='word_1_21' title='bbox 1133 716 1209 753; x_wconf 81' lang='lat' dir='ltr'><strong>ex</strong></span> <span class='ocrx_word' id='word_1_22' title='bbox 1247 694 1443 753; x_wconf 77' lang='lat' dir='ltr'><strong>Flavii</strong></span> <span class='ocrx_word' id='word_1_23' title='bbox 1486 694 1966 772; x_wconf 81' lang='lat' dir='ltr'><strong>Antiquitatibus</strong></span> <span class='ocrx_word' id='word_1_24' title='bbox 2013 696 2124 753; x_wconf 89' lang='lat' dir='ltr'><strong>hoc</strong></span> <span class='ocrx_word' id='word_1_25' title='bbox 2169 695 2597 764; x_wconf 82' lang='lat' dir='ltr'><strong>testimonium,</strong></span> <span class='ocrx_word' id='word_1_26' title='bbox 2645 694 2800 771; x_wconf 88' lang='lat' dir='ltr'><strong>quod</strong></span> <span class='ocrx_word' id='word_1_27' title='bbox 2841 712 3020 749; x_wconf 85' lang='lat' dir='ltr'><strong>earum</strong></span> 
     </span>
     <span class='ocr_line' id='line_1_4' title="bbox 562 796 3021 877; baseline -0.002 -20"><span class='ocrx_word' id='word_1_28' title='bbox 562 820 789 877; x_wconf 90' lang='lat' dir='ltr'><strong>semper</strong></span> <span class='ocrx_word' id='word_1_29' title='bbox 828 820 963 875; x_wconf 82' lang='lat' dir='ltr'><strong>pars</strong></span> <span class='ocrx_word' id='word_1_30' title='bbox 1002 801 1253 871; x_wconf 82' lang='lat' dir='ltr'><strong>exstitit,</strong></span> <span class='ocrx_word' id='word_1_31' title='bbox 1298 800 1557 857; x_wconf 80' lang='lat' dir='ltr'>eximere</span> <span class='ocrx_word' id='word_1_32' title='bbox 1600 801 2020 857; x_wconf 75' lang='lat' dir='ltr'><strong>demonstrent.</strong></span> <span class='ocrx_word' id='word_1_33' title='bbox 2083 798 2324 856; x_wconf 84' lang='lat' dir='ltr'><strong>Etenim</strong></span> <span class='ocrx_word' id='word_1_34' title='bbox 2351 816 2560 871; x_wconf 79' lang='lat' dir='ltr'><strong>graves</strong></span> <span class='ocrx_word' id='word_1_35' title='bbox 2599 802 2740 855; x_wconf 89' lang='lat' dir='ltr'><strong>sunt</strong></span> <span class='ocrx_word' id='word_1_36' title='bbox 2775 796 3021 865; x_wconf 87' lang='lat' dir='ltr'><strong>rationes,</strong></span> 
     </span>
     <span class='ocr_line' id='line_1_5' title="bbox 564 900 3024 983; baseline -0.002 -22"><span class='ocrx_word' id='word_1_37' title='bbox 564 924 712 983; x_wconf 88' lang='lat' dir='ltr'><strong>quae</strong></span> <span class='ocrx_word' id='word_1_38' title='bbox 755 906 1001 962; x_wconf 76' lang='lat' dir='ltr'><strong>suadent</strong></span> <span class='ocrx_word' id='word_1_39' title='bbox 1048 904 1467 963; x_wconf 88' lang='lat' dir='ltr'><strong>Periocham</strong></span> <span class='ocrx_word' id='word_1_40' title='bbox 1514 906 1694 961; x_wconf 88' lang='lat' dir='ltr'><strong>hanc</strong></span> <span class='ocrx_word' id='word_1_41' title='bbox 1739 923 1996 961; x_wconf 81' lang='lat' dir='ltr'><strong>revera</strong></span> <span class='ocrx_word' id='word_1_42' title='bbox 2039 903 2332 978; x_wconf 86' lang='lat' dir='ltr'><strong>Josephi</strong></span> <span class='ocrx_word' id='word_1_43' title='bbox 2377 921 2544 959; x_wconf 87' lang='lat' dir='ltr'><strong>esse.</strong></span> <span class='ocrx_word' id='word_1_44' title='bbox 2617 901 2816 958; x_wconf 88' lang='lat' dir='ltr'><strong>Prima</strong></span> <span class='ocrx_word' id='word_1_45' title='bbox 2857 900 3024 975; x_wconf 84' lang='lat' dir='ltr'><strong>igitur</strong></span> 
     </span>
     <span class='ocr_line' id='line_1_6' title="bbox 564 1005 3022 1083; baseline -0.002 -16"><span class='ocrx_word' id='word_1_46' title='bbox 564 1010 716 1067; x_wconf 88' lang='lat' dir='ltr'><strong>ratio</strong></span> <span class='ocrx_word' id='word_1_47' title='bbox 768 1028 873 1083; x_wconf 89' lang='lat' dir='ltr'><strong>pro</strong></span> <span class='ocrx_word' id='word_1_48' title='bbox 932 1009 1239 1067; x_wconf 77' lang='lat' dir='ltr'><strong>authentia</strong></span> <span class='ocrx_word' id='word_1_49' title='bbox 1290 1014 1349 1065; x_wconf 88' lang='lat' dir='ltr'><strong>et.</strong></span> <span class='ocrx_word' id='word_1_50' title='bbox 1402 1008 1744 1083; x_wconf 85' lang='lat' dir='ltr'><strong>integritate</strong></span> <span class='ocrx_word' id='word_1_51' title='bbox 1806 1006 2125 1065; x_wconf 83' lang='lat' dir='ltr'><strong>testimonii</strong></span> <span class='ocrx_word' id='word_1_52' title='bbox 2179 1005 2452 1065; x_wconf 81' lang='lat' dir='ltr'><strong>Flaviani</strong></span> <span class='ocrx_word' id='word_1_53' title='bbox 2513 1010 2906 1081; x_wconf 84' lang='lat' dir='ltr'><strong>superstructa</strong></span> <span class='ocrx_word' id='word_1_54' title='bbox 2952 1010 3022 1061; x_wconf 75' lang='lat' dir='ltr'><strong>est</strong></span> 
     </span>
     <span class='ocr_line' id='line_1_7' title="bbox 564 1109 3022 1191; baseline -0.002 -20"><span class='ocrx_word' id='word_1_55' title='bbox 564 1134 617 1171; x_wconf 91' lang='lat' dir='ltr'><strong>a.</strong></span> <span class='ocrx_word' id='word_1_56' title='bbox 664 1118 943 1189; x_wconf 86' lang='lat' dir='ltr'><strong>perpetuo</strong></span> <span class='ocrx_word' id='word_1_57' title='bbox 987 1113 1046 1171; x_wconf 84' lang='lat' dir='ltr'><strong>S.</strong></span> <span class='ocrx_word' id='word_1_58' title='bbox 1080 1114 1325 1171; x_wconf 87' lang='lat' dir='ltr'><strong>Patrum</strong></span> <span class='ocrx_word' id='word_1_59' title='bbox 1370 1118 1545 1191; x_wconf 86' lang='lat' dir='ltr'><strong>atque</strong></span> <span class='ocrx_word' id='word_1_60' title='bbox 1582 1112 1950 1188; x_wconf 81' lang='lat' dir='ltr'><strong>Scriptorum</strong></span> <span class='ocrx_word' id='word_1_61' title='bbox 1980 1112 2069 1181; x_wconf 70' lang='lat' dir='ltr'><strong>E„</strong></span> <span class='ocrx_word' id='word_1_62' title='bbox 2117 1111 2220 1189; x_wconf 90' lang='lat' dir='ltr'><strong>qui</strong></span> <span class='ocrx_word' id='word_1_63' title='bbox 2261 1111 2664 1169; x_wconf 85' lang='lat' dir='ltr'><strong>testimonium</strong></span> <span class='ocrx_word' id='word_1_64' title='bbox 2695 1109 3022 1167; x_wconf 83' lang='lat' dir='ltr'><strong>Flavianum</strong></span> 
     </span>
     <span class='ocr_line' id='line_1_8' title="bbox 566 1212 3022 1293; baseline -0.002 -18"><span class='ocrx_word' id='word_1_65' title='bbox 566 1220 693 1275; x_wconf 89' lang='lat' dir='ltr'><strong>tum</strong></span> <span class='ocrx_word' id='word_1_66' title='bbox 724 1220 1012 1289; x_wconf 86' lang='lat' dir='ltr'><strong>citarunt,</strong></span> <span class='ocrx_word' id='word_1_67' title='bbox 1057 1223 1184 1275; x_wconf 86' lang='lat' dir='ltr'><strong>tum</strong></span> <span class='ocrx_word' id='word_1_68' title='bbox 1214 1219 1391 1275; x_wconf 86' lang='lat' dir='ltr'><strong>etiam</strong></span> <span class='ocrx_word' id='word_1_69' title='bbox 1438 1219 1892 1293; x_wconf 78' lang='lat' dir='ltr'><strong>comprobarunt</strong></span> <span class='ocrx_word' id='word_1_70' title='bbox 1932 1236 2229 1275; x_wconf 86' lang='lat' dir='ltr'><strong>consensu.</strong></span> <span class='ocrx_word' id='word_1_71' title='bbox 2289 1214 2576 1272; x_wconf 77' lang='lat' dir='ltr'><strong>Eusebius</strong></span> <span class='ocrx_word' id='word_1_72' title='bbox 2617 1212 3022 1271; x_wconf 81' lang='lat' dir='ltr'><strong>caesareensis¹</strong></span> 
     </span>
     <span class='ocr_line' id='line_1_9' title="bbox 567 1317 3018 1399; baseline -0.002 -20"><span class='ocrx_word' id='word_1_73' title='bbox 567 1354 645 1363; x_wconf 90' lang='lat'><em>-</em></span> <span class='ocrx_word' id='word_1_74' title='bbox 670 1340 841 1399; x_wconf 89' lang='lat' dir='ltr'><strong>quem</strong></span> <span class='ocrx_word' id='word_1_75' title='bbox 866 1321 1129 1379; x_wconf 88' lang='lat' dir='ltr'><strong>ducentis</strong></span> <span class='ocrx_word' id='word_1_76' title='bbox 1159 1342 1279 1380; x_wconf 88' lang='lat' dir='ltr'><strong>non</strong></span> <span class='ocrx_word' id='word_1_77' title='bbox 1302 1321 1553 1398; x_wconf 89' lang='lat' dir='ltr'><strong>amplius</strong></span> <span class='ocrx_word' id='word_1_78' title='bbox 1584 1328 1714 1398; x_wconf 87' lang='lat' dir='ltr'><strong>post</strong></span> <span class='ocrx_word' id='word_1_79' title='bbox 1739 1322 1776 1379; x_wconf 84' lang='lat' dir='ltr'><strong>J</strong></span> <span class='ocrx_word' id='word_1_80' title='bbox 1779 1322 2056 1397; x_wconf 87' lang='lat' dir='ltr'><strong>osephum</strong></span> <span class='ocrx_word' id='word_1_81' title='bbox 2087 1320 2276 1391; x_wconf 86' lang='lat' dir='ltr'><strong>annis,</strong></span> <span class='ocrx_word' id='word_1_82' title='bbox 2311 1338 2494 1397; x_wconf 89' lang='lat' dir='ltr'><strong>eoque</strong></span> <span class='ocrx_word' id='word_1_83' title='bbox 2513 1324 2777 1394; x_wconf 86' lang='lat' dir='ltr'><strong>tempore</strong></span> <span class='ocrx_word' id='word_1_84' title='bbox 2808 1317 3018 1387; x_wconf 79' lang='lat' dir='ltr'><strong>vixisse,</strong></span> 
     </span>
     <span class='ocr_line' id='line_1_10' title="bbox 566 1422 3018 1503; baseline -0.002 -20"><span class='ocrx_word' id='word_1_85' title='bbox 566 1444 681 1503; x_wconf 91' lang='lat' dir='ltr'><strong>quo</strong></span> <span class='ocrx_word' id='word_1_86' title='bbox 726 1425 939 1499; x_wconf 82' lang='lat' dir='ltr'><strong>passim</strong></span> <span class='ocrx_word' id='word_1_87' title='bbox 981 1426 1045 1484; x_wconf 89' lang='lat' dir='ltr'><strong>in</strong></span> <span class='ocrx_word' id='word_1_88' title='bbox 1086 1426 1467 1485; x_wconf 84' lang='lat' dir='ltr'><strong>Bibliothecis</strong></span> <span class='ocrx_word' id='word_1_89' title='bbox 1514 1427 1960 1501; x_wconf 73' lang='lat' dir='ltr'><strong>reperiebantur</strong></span> <span class='ocrx_word' id='word_1_90' title='bbox 2009 1424 2204 1483; x_wconf 74' lang='lat' dir='ltr'><strong>Flavii</strong></span> <span class='ocrx_word' id='word_1_91' title='bbox 2249 1423 2484 1500; x_wconf 88' lang='lat' dir='ltr'><strong>Josephi</strong></span> <span class='ocrx_word' id='word_1_92' title='bbox 2529 1424 2764 1497; x_wconf 83' lang='lat' dir='ltr'><strong>integra</strong></span> <span class='ocrx_word' id='word_1_93' title='bbox 2811 1422 3018 1497; x_wconf 78' lang='lat' dir='ltr'><strong>scripta,</strong></span> 
     </span>
     <span class='ocr_line' id='line_1_11' title="bbox 566 1526 3020 1605; baseline -0.002 -18"><span class='ocrx_word' id='word_1_94' title='bbox 566 1536 791 1587; x_wconf 88' lang='lat' dir='ltr'><strong>certum</strong></span> <span class='ocrx_word' id='word_1_95' title='bbox 808 1536 893 1587; x_wconf 89' lang='lat' dir='ltr'><strong>est</strong></span> <span class='ocrx_word' id='word_1_96' title='bbox 910 1564 994 1573; x_wconf 92' lang='lat'><strong>--·</strong></span> <span class='ocrx_word' id='word_1_97' title='bbox 1010 1532 1150 1589; x_wconf 87' lang='lat' dir='ltr'><strong>adeo</strong></span> <span class='ocrx_word' id='word_1_98' title='bbox 1175 1532 1449 1589; x_wconf 85' lang='lat' dir='ltr'><strong>audacter</strong></span> <span class='ocrx_word' id='word_1_99' title='bbox 1474 1531 1646 1589; x_wconf 89' lang='lat' dir='ltr'><strong>illum</strong></span> <span class='ocrx_word' id='word_1_100' title='bbox 1664 1530 1854 1588; x_wconf 89' lang='lat' dir='ltr'><strong>locum</strong></span> <span class='ocrx_word' id='word_1_101' title='bbox 1876 1530 1912 1587; x_wconf 88' lang='lat' dir='ltr'>J</span> <span class='ocrx_word' id='word_1_102' title='bbox 1915 1528 2114 1605; x_wconf 87' lang='lat' dir='ltr'><strong>osephi</strong></span> <span class='ocrx_word' id='word_1_103' title='bbox 2135 1528 2330 1585; x_wconf 76' lang='lat' dir='ltr'><strong>Flavii</strong></span> <span class='ocrx_word' id='word_1_104' title='bbox 2355 1534 2798 1586; x_wconf 78' lang='lat' dir='ltr'><strong>controversum</strong></span> <span class='ocrx_word' id='word_1_105' title='bbox 2813 1528 2848 1584; x_wconf 88' lang='lat' dir='ltr'><strong>J</strong></span> <span class='ocrx_word' id='word_1_106' title='bbox 2849 1526 3020 1584; x_wconf 82' lang='lat' dir='ltr'><strong>udaeis</strong></span> 
     </span>
     <span class='ocr_line' id='line_1_12' title="bbox 566 1627 3018 1713; baseline -0.002 -22"><span class='ocrx_word' id='word_1_107' title='bbox 566 1634 724 1709; x_wconf 87' lang='lat' dir='ltr'><strong>ipsis,</strong></span> <span class='ocrx_word' id='word_1_108' title='bbox 774 1634 891 1692; x_wconf 88' lang='lat' dir='ltr'><strong>imo</strong></span> <span class='ocrx_word' id='word_1_109' title='bbox 930 1634 1251 1708; x_wconf 88' lang='lat' dir='ltr'><strong>gentilibus</strong></span> <span class='ocrx_word' id='word_1_110' title='bbox 1296 1654 1542 1713; x_wconf 89' lang='lat' dir='ltr'><strong>quoque,</strong></span> <span class='ocrx_word' id='word_1_111' title='bbox 1602 1640 1882 1712; x_wconf 83' lang='lat' dir='ltr'><strong>tanquam</strong></span> <span class='ocrx_word' id='word_1_112' title='bbox 1929 1627 2330 1691; x_wconf 81' lang='lat' dir='ltr'><strong>firmissimum</strong></span> <span class='ocrx_word' id='word_1_113' title='bbox 2373 1632 2776 1689; x_wconf 89' lang='lat' dir='ltr'><strong>testimonium</strong></span> <span class='ocrx_word' id='word_1_114' title='bbox 2815 1630 3018 1698; x_wconf 87' lang='lat' dir='ltr'><strong>obiicit;</strong></span> 
     </span>
     <span class='ocr_line' id='line_1_13' title="bbox 566 1733 3020 1814; baseline -0.002 -19"><span class='ocrx_word' id='word_1_115' title='bbox 566 1744 633 1795; x_wconf 87' lang='lat' dir='ltr'><strong>ut</strong></span> <span class='ocrx_word' id='word_1_116' title='bbox 674 1738 911 1795; x_wconf 88' lang='lat' dir='ltr'><strong>omnino</strong></span> <span class='ocrx_word' id='word_1_117' title='bbox 954 1740 1107 1796; x_wconf 88' lang='lat' dir='ltr'><strong>bona</strong></span> <span class='ocrx_word' id='word_1_118' title='bbox 1150 1738 1263 1796; x_wconf 89' lang='lat' dir='ltr'><strong>fide</strong></span> <span class='ocrx_word' id='word_1_119' title='bbox 1304 1758 1435 1797; x_wconf 88' lang='lat' dir='ltr'><strong>eum</strong></span> <span class='ocrx_word' id='word_1_120' title='bbox 1478 1739 1660 1813; x_wconf 80' lang='lat' dir='ltr'><strong>egisse</strong></span> <span class='ocrx_word' id='word_1_121' title='bbox 1701 1742 1980 1813; x_wconf 79' lang='lat' dir='ltr'><strong>appareat</strong></span> <span class='ocrx_word' id='word_1_122' title='bbox 1995 1733 2038 1795; x_wconf 83' lang='lat'><strong>².</strong></span> <span class='ocrx_word' id='word_1_123' title='bbox 2099 1736 2398 1793; x_wconf 80' lang='lat' dir='ltr'><strong>Mitt-imus</strong></span> <span class='ocrx_word' id='word_1_124' title='bbox 2435 1738 2540 1814; x_wconf 91' lang='lat' dir='ltr'><strong>qui</strong></span> <span class='ocrx_word' id='word_1_125' title='bbox 2579 1742 2768 1793; x_wconf 84' lang='lat' dir='ltr'><strong>aetate</strong></span> <span class='ocrx_word' id='word_1_126' title='bbox 2797 1734 3020 1792; x_wconf 85' lang='lat' dir='ltr'><strong>Eusebio</strong></span> 
     </span>
     <span class='ocr_line' id='line_1_14' title="bbox 565 1838 3022 1918; baseline -0.001 -19"><span class='ocrx_word' id='word_1_127' title='bbox 565 1841 793 1917; x_wconf 88' lang='lat' dir='ltr'><strong>praeire</strong></span> <span class='ocrx_word' id='word_1_128' title='bbox 841 1842 1133 1901; x_wconf 78' lang='lat' dir='ltr'><strong>debuisset</strong></span> <span class='ocrx_word' id='word_1_129' title='bbox 1174 1844 1501 1901; x_wconf 81' lang='lat' dir='ltr'><strong>Macarium</strong></span> <span class='ocrx_word' id='word_1_130' title='bbox 1520 1838 1574 1911; x_wconf 79' lang='grc'><strong>2;</strong></span> <span class='ocrx_word' id='word_1_131' title='bbox 1630 1842 1773 1899; x_wconf 88' lang='lat' dir='ltr'><strong>item</strong></span> <span class='ocrx_word' id='word_1_132' title='bbox 1821 1846 2118 1899; x_wconf 84' lang='lat' dir='ltr'><strong>auctorem</strong></span> <span class='ocrx_word' id='word_1_133' title='bbox 2137 1886 2150 1911; x_wconf 92' lang='lat'><strong>,</strong></span> <span class='ocrx_word' id='word_1_134' title='bbox 2199 1860 2371 1918; x_wconf 87' lang='lat' dir='ltr'><strong>quem</strong></span> <span class='ocrx_word' id='word_1_135' title='bbox 2419 1840 2822 1915; x_wconf 80' lang='lat' dir='ltr'><strong>Hegesippum</strong></span> <span class='ocrx_word' id='word_1_136' title='bbox 2867 1838 3022 1912; x_wconf 70' lang='lat' dir='ltr'><strong>vulgo</strong></span> 
     </span>
     <span class='ocr_line' id='line_1_15' title="bbox 564 1944 3018 2022; baseline -0.003 -17"><span class='ocrx_word' id='word_1_137' title='bbox 564 1950 805 2017; x_wconf 77' lang='lat' dir='ltr'><strong>vocant3</strong></span> <span class='ocrx_word' id='word_1_138' title='bbox 866 1948 961 2003; x_wconf 88' lang='lat' dir='ltr'><strong>sed</strong></span> <span class='ocrx_word' id='word_1_139' title='bbox 1018 1948 1359 2005; x_wconf 77' lang='lat' dir='ltr'><strong>Ambrosius</strong></span> <span class='ocrx_word' id='word_1_140' title='bbox 1420 1946 1634 2003; x_wconf 86' lang='lat' dir='ltr'><strong>rectius</strong></span> <span class='ocrx_word' id='word_1_141' title='bbox 1694 1950 2136 2022; x_wconf 85' lang='lat' dir='ltr'><strong>nuncuparetur</strong></span> <span class='ocrx_word' id='word_1_142' title='bbox 2155 1944 2196 2003; x_wconf 79' lang='lat'><strong>³.</strong></span> <span class='ocrx_word' id='word_1_143' title='bbox 2276 1945 2394 2002; x_wconf 83' lang='lat' dir='ltr'><strong>Iste</strong></span> <span class='ocrx_word' id='word_1_144' title='bbox 2457 1964 2571 2003; x_wconf 89' lang='lat' dir='ltr'><strong>non</strong></span> <span class='ocrx_word' id='word_1_145' title='bbox 2623 1944 2811 2002; x_wconf 77' lang='lat' dir='ltr'><strong>solum</strong></span> <span class='ocrx_word' id='word_1_146' title='bbox 2861 1948 3018 2000; x_wconf 83' lang='lat' dir='ltr'><strong>totam</strong></span> 
     </span>
    </p>
   </div>
   <div class='ocr_carea' id='block_1_3' title="bbox 570 2139 810 2145">
    <p class='ocr_par' dir='ltr' id='par_1_3' title="bbox 570 2139 810 2145">
     <span class='ocr_line' id='line_1_16' title="bbox 570 2139 810 2145; baseline 0 0"><span class='ocrx_word' id='word_1_147' title='bbox 570 2139 810 2145; x_wconf 95' lang='lat' dir='ltr'><strong> </strong></span> 
     </span>
    </p>
   </div>
   <div class='ocr_carea' id='block_1_4' title="bbox 564 2236 3030 4480">
    <p class='ocr_par' dir='ltr' id='par_1_4' title="bbox 564 2236 3030 4480">
     <span class='ocr_line' id='line_1_17' title="bbox 782 2236 3021 2306; baseline -0.002 -16"><span class='ocrx_word' id='word_1_148' title='bbox 782 2242 819 2305; x_wconf 88' lang='lat'><strong>¹)</strong></span> <span class='ocrx_word' id='word_1_149' title='bbox 866 2242 1073 2290; x_wconf 83' lang='lat' dir='ltr'><strong>Primus</strong></span> <span class='ocrx_word' id='word_1_150' title='bbox 1116 2246 1201 2301; x_wconf 79' lang='lat' dir='ltr'><strong>est</strong></span> <span class='ocrx_word' id='word_1_151' title='bbox 1246 2246 1503 2306; x_wconf 86' lang='lat' dir='ltr'><strong>quantum</strong></span> <span class='ocrx_word' id='word_1_152' title='bbox 1546 2242 1769 2303; x_wconf 87' lang='lat' dir='ltr'><strong>scimus,</strong></span> <span class='ocrx_word' id='word_1_153' title='bbox 1826 2240 1916 2305; x_wconf 87' lang='lat' dir='ltr'><strong>qui</strong></span> <span class='ocrx_word' id='word_1_154' title='bbox 1961 2238 2093 2288; x_wconf 88' lang='lat' dir='ltr'><strong>illud</strong></span> <span class='ocrx_word' id='word_1_155' title='bbox 2139 2238 2276 2288; x_wconf 86' lang='lat' dir='ltr'><strong>Hist.</strong></span> <span class='ocrx_word' id='word_1_156' title='bbox 2319 2236 2469 2288; x_wconf 88' lang='lat' dir='ltr'><strong>Eccl.</strong></span> <span class='ocrx_word' id='word_1_157' title='bbox 2506 2238 2558 2299; x_wconf 92' lang='lat'><strong>1,</strong></span> <span class='ocrx_word' id='word_1_158' title='bbox 2601 2240 2682 2288; x_wconf 93' lang='lat'><strong>11.</strong></span> <span class='ocrx_word' id='word_1_159' title='bbox 2733 2256 2784 2304; x_wconf 88' lang='lat' dir='ltr'><strong>p.</strong></span> <span class='ocrx_word' id='word_1_160' title='bbox 2820 2240 2898 2289; x_wconf 82' lang='lat'><strong>30.</strong></span> <span class='ocrx_word' id='word_1_161' title='bbox 2953 2238 3021 2287; x_wconf 81' lang='lat' dir='ltr'><strong>De</strong></span> 
     </span>
     <span class='ocr_line' id='line_1_18' title="bbox 565 2325 3020 2393; baseline -0.003 -13"><span class='ocrx_word' id='word_1_162' title='bbox 565 2334 781 2379; x_wconf 87' lang='lat' dir='ltr'><strong>monstr.</strong></span> <span class='ocrx_word' id='word_1_163' title='bbox 818 2344 899 2377; x_wconf 75' lang='lat' dir='ltr'><strong>ev·</strong></span> <span class='ocrx_word' id='word_1_164' title='bbox 935 2327 1041 2389; x_wconf 91' lang='lat'><strong>111,</strong></span> <span class='ocrx_word' id='word_1_165' title='bbox 1076 2330 1124 2377; x_wconf 82' lang='lat'><strong>5.</strong></span> <span class='ocrx_word' id='word_1_166' title='bbox 1162 2344 1213 2393; x_wconf 88' lang='lat' dir='ltr'><strong>p.</strong></span> <span class='ocrx_word' id='word_1_167' title='bbox 1252 2330 1366 2377; x_wconf 86' lang='grc'><strong>123.</strong></span> <span class='ocrx_word' id='word_1_168' title='bbox 1394 2344 1433 2377; x_wconf 89' lang='lat' dir='ltr'><strong>s.</strong></span> <span class='ocrx_word' id='word_1_169' title='bbox 1472 2328 1675 2377; x_wconf 80' lang='lat' dir='ltr'><strong>laudat.</strong></span> <span class='ocrx_word' id='word_1_170' title='bbox 1749 2327 1795 2389; x_wconf 82' lang='lat'><strong>²)</strong></span> <span class='ocrx_word' id='word_1_171' title='bbox 1831 2328 2210 2375; x_wconf 75' lang='lat' dir='ltr'><strong>Verumtamen</strong></span> <span class='ocrx_word' id='word_1_172' title='bbox 2247 2330 2435 2375; x_wconf 86' lang='lat' dir='ltr'><strong>contra</strong></span> <span class='ocrx_word' id='word_1_173' title='bbox 2469 2325 2612 2375; x_wconf 86' lang='lat' dir='ltr'><strong>hanc</strong></span> <span class='ocrx_word' id='word_1_174' title='bbox 2647 2326 2866 2377; x_wconf 84' lang='lat' dir='ltr'><strong>Eusebii</strong></span> <span class='ocrx_word' id='word_1_175' title='bbox 2898 2327 3020 2374; x_wconf 83' lang='lat' dir='ltr'><strong>testi-</strong></span> 
     </span>
     <span class='ocr_line' id='line_1_19' title="bbox 564 2412 3020 2481; baseline -0.003 -15"><span class='ocrx_word' id='word_1_176' title='bbox 564 2416 865 2466; x_wconf 87' lang='lat' dir='ltr'><strong>ficationem</strong></span> <span class='ocrx_word' id='word_1_177' title='bbox 892 2416 1176 2481; x_wconf 85' lang='lat' dir='ltr'><strong>excipiunt,</strong></span> <span class='ocrx_word' id='word_1_178' title='bbox 1212 2420 1265 2464; x_wconf 90' lang='lat' dir='ltr'><strong>et</strong></span> <span class='ocrx_word' id='word_1_179' title='bbox 1282 2416 1455 2481; x_wconf 87' lang='lat' dir='ltr'><strong>ipsum</strong></span> <span class='ocrx_word' id='word_1_180' title='bbox 1480 2416 1654 2465; x_wconf 89' lang='lat' dir='ltr'><strong>minus</strong></span> <span class='ocrx_word' id='word_1_181' title='bbox 1681 2414 1892 2463; x_wconf 83' lang='lat' dir='ltr'><strong>fidelem</strong></span> <span class='ocrx_word' id='word_1_182' title='bbox 1911 2418 1964 2463; x_wconf 82' lang='lat' dir='ltr'><strong>et</strong></span> <span class='ocrx_word' id='word_1_183' title='bbox 1983 2418 2288 2463; x_wconf 85' lang='lat' dir='ltr'><strong>accuratum</strong></span> <span class='ocrx_word' id='word_1_184' title='bbox 2311 2414 2368 2461; x_wconf 92' lang='lat' dir='ltr'><strong>in</strong></span> <span class='ocrx_word' id='word_1_185' title='bbox 2394 2412 2710 2463; x_wconf 82' lang='lat' dir='ltr'><strong>exhibendis</strong></span> <span class='ocrx_word' id='word_1_186' title='bbox 2735 2414 3020 2463; x_wconf 80' lang='lat' dir='ltr'><strong>testimoniis</strong></span> 
     </span>
     <span class='ocr_line' id='line_1_20' title="bbox 564 2499 3020 2568; baseline -0.002 -15"><span class='ocrx_word' id='word_1_187' title='bbox 564 2502 845 2553; x_wconf 83' lang='lat' dir='ltr'><strong>affirmant.</strong></span> <span class='ocrx_word' id='word_1_188' title='bbox 894 2504 1001 2553; x_wconf 81' lang='lat' dir='ltr'><strong>Aut</strong></span> <span class='ocrx_word' id='word_1_189' title='bbox 1035 2502 1177 2568; x_wconf 92' lang='lat' dir='ltr'><strong>quod</strong></span> <span class='ocrx_word' id='word_1_190' title='bbox 1216 2504 1367 2567; x_wconf 86' lang='lat' dir='ltr'><strong>peius</strong></span> <span class='ocrx_word' id='word_1_191' title='bbox 1406 2508 1509 2551; x_wconf 86' lang='lat' dir='ltr'><strong>est:</strong></span> <span class='ocrx_word' id='word_1_192' title='bbox 1546 2502 1840 2551; x_wconf 84' lang='lat' dir='ltr'><strong>Eusebium</strong></span> <span class='ocrx_word' id='word_1_193' title='bbox 1875 2500 2050 2551; x_wconf 89' lang='lat' dir='ltr'><strong>locum</strong></span> <span class='ocrx_word' id='word_1_194' title='bbox 2089 2506 2483 2550; x_wconf 79' lang='lat' dir='ltr'><strong>controversum</strong></span> <span class='ocrx_word' id='word_1_195' title='bbox 2519 2502 2575 2549; x_wconf 87' lang='lat' dir='ltr'><strong>in</strong></span> <span class='ocrx_word' id='word_1_196' title='bbox 2599 2501 2801 2566; x_wconf 82' lang='lat' dir='ltr'><strong>scripta</strong></span> <span class='ocrx_word' id='word_1_197' title='bbox 2822 2499 3020 2565; x_wconf 87' lang='lat' dir='ltr'><strong>Josephi</strong></span> 
     </span>
     <span class='ocr_line' id='line_1_21' title="bbox 564 2587 3022 2655; baseline -0.002 -15"><span class='ocrx_word' id='word_1_198' title='bbox 564 2591 870 2653; x_wconf 79' lang='lat' dir='ltr'><strong>intrusisse3</strong></span> <span class='ocrx_word' id='word_1_199' title='bbox 922 2588 1008 2639; x_wconf 79' lang='lat' dir='ltr'><strong>vel</strong></span> <span class='ocrx_word' id='word_1_200' title='bbox 1054 2591 1101 2640; x_wconf 87' lang='lat' dir='ltr'><strong>si</strong></span> <span class='ocrx_word' id='word_1_201' title='bbox 1150 2591 1431 2655; x_wconf 87' lang='lat' dir='ltr'><strong>repererit,</strong></span> <span class='ocrx_word' id='word_1_202' title='bbox 1487 2588 1820 2639; x_wconf 78' lang='lat' dir='ltr'><strong>adulterasse</strong></span> <span class='ocrx_word' id='word_1_203' title='bbox 1877 2588 2074 2638; x_wconf 86' lang='lat' dir='ltr'><strong>dicunt.</strong></span> <span class='ocrx_word' id='word_1_204' title='bbox 2149 2588 2296 2648; x_wconf 80' lang='lat' dir='ltr'><strong>Quas</strong></span> <span class='ocrx_word' id='word_1_205' title='bbox 2351 2588 2751 2637; x_wconf 74' lang='lat' dir='ltr'><strong>criminationes</strong></span> <span class='ocrx_word' id='word_1_206' title='bbox 2797 2587 3022 2637; x_wconf 81' lang='lat' dir='ltr'><strong>malitiam</strong></span> 
     </span>
     <span class='ocr_line' id='line_1_22' title="bbox 565 2674 3023 2741; baseline -0.002 -15"><span class='ocrx_word' id='word_1_207' title='bbox 565 2694 685 2726; x_wconf 87' lang='lat' dir='ltr'><strong>cum</strong></span> <span class='ocrx_word' id='word_1_208' title='bbox 730 2678 1025 2725; x_wconf 84' lang='lat' dir='ltr'><strong>temeritate</strong></span> <span class='ocrx_word' id='word_1_209' title='bbox 1060 2678 1115 2725; x_wconf 88' lang='lat' dir='ltr'><strong>in</strong></span> <span class='ocrx_word' id='word_1_210' title='bbox 1153 2676 1557 2726; x_wconf 83' lang='lat' dir='ltr'><strong>accusatoribus</strong></span> <span class='ocrx_word' id='word_1_211' title='bbox 1604 2674 1853 2741; x_wconf 84' lang='lat' dir='ltr'><strong>prodere,</strong></span> <span class='ocrx_word' id='word_1_212' title='bbox 1903 2675 2160 2725; x_wconf 87' lang='lat' dir='ltr'><strong>habemus</strong></span> <span class='ocrx_word' id='word_1_213' title='bbox 2205 2689 2336 2725; x_wconf 87' lang='lat' dir='ltr'><strong>sane</strong></span> <span class='ocrx_word' id='word_1_214' title='bbox 2381 2674 2574 2740; x_wconf 88' lang='lat' dir='ltr'><strong>quibus</strong></span> <span class='ocrx_word' id='word_1_215' title='bbox 2613 2674 3023 2725; x_wconf 82' lang='lat' dir='ltr'><strong>demonstremus.</strong></span> 
     </span>
     <span class='ocr_line' id='line_1_23' title="bbox 568 2760 3024 2828; baseline -0.002 -16"><span class='ocrx_word' id='word_1_216' title='bbox 568 2762 673 2813; x_wconf 85' lang='lat' dir='ltr'><strong>Sed</strong></span> <span class='ocrx_word' id='word_1_217' title='bbox 719 2763 845 2828; x_wconf 86' lang='lat' dir='ltr'><strong>quid</strong></span> <span class='ocrx_word' id='word_1_218' title='bbox 882 2763 1059 2813; x_wconf 88' lang='lat' dir='ltr'><strong>multis</strong></span> <span class='ocrx_word' id='word_1_219' title='bbox 1096 2777 1230 2827; x_wconf 86' lang='lat' dir='ltr'><strong>opus</strong></span> <span class='ocrx_word' id='word_1_220' title='bbox 1282 2765 1396 2811; x_wconf 80' lang='lat' dir='ltr'><strong>est?</strong></span> <span class='ocrx_word' id='word_1_221' title='bbox 1454 2762 1768 2827; x_wconf 87' lang='lat' dir='ltr'><strong>Aethiopem</strong></span> <span class='ocrx_word' id='word_1_222' title='bbox 1812 2762 2038 2812; x_wconf 84' lang='lat' dir='ltr'><strong>fortasse</strong></span> <span class='ocrx_word' id='word_1_223' title='bbox 2087 2762 2358 2823; x_wconf 79' lang='lat' dir='ltr'><strong>lavamus,</strong></span> <span class='ocrx_word' id='word_1_224' title='bbox 2410 2777 2531 2811; x_wconf 90' lang='lat' dir='ltr'><strong>cum</strong></span> <span class='ocrx_word' id='word_1_225' title='bbox 2569 2762 2785 2811; x_wconf 82' lang='lat' dir='ltr'><strong>nitimur</strong></span> <span class='ocrx_word' id='word_1_226' title='bbox 2829 2760 3024 2811; x_wconf 85' lang='lat' dir='ltr'><strong>Eusebii</strong></span> 
     </span>
     <span class='ocr_line' id='line_1_24' title="bbox 568 2848 3028 2915; baseline -0.002 -16"><span class='ocrx_word' id='word_1_227' title='bbox 568 2852 789 2899; x_wconf 85' lang='lat' dir='ltr'><strong>crimina</strong></span> <span class='ocrx_word' id='word_1_228' title='bbox 826 2849 960 2899; x_wconf 84' lang='lat' dir='ltr'><strong>falso</strong></span> <span class='ocrx_word' id='word_1_229' title='bbox 1000 2850 1213 2899; x_wconf 89' lang='lat' dir='ltr'><strong>obiecta</strong></span> <span class='ocrx_word' id='word_1_230' title='bbox 1250 2848 1466 2898; x_wconf 86' lang='lat' dir='ltr'><strong>diluere.</strong></span> <span class='ocrx_word' id='word_1_231' title='bbox 1528 2850 1664 2898; x_wconf 85' lang='lat' dir='ltr'><strong>Nam</strong></span> <span class='ocrx_word' id='word_1_232' title='bbox 1701 2849 1826 2899; x_wconf 84' lang='lat' dir='ltr'><strong>licet</strong></span> <span class='ocrx_word' id='word_1_233' title='bbox 1869 2849 2212 2915; x_wconf 86' lang='lat' dir='ltr'><strong>inculpabilis</strong></span> <span class='ocrx_word' id='word_1_234' title='bbox 2251 2854 2408 2911; x_wconf 86' lang='lat' dir='ltr'><strong>esset,</strong></span> <span class='ocrx_word' id='word_1_235' title='bbox 2454 2850 2571 2899; x_wconf 87' lang='lat' dir='ltr'><strong>eius</strong></span> <span class='ocrx_word' id='word_1_236' title='bbox 2607 2855 2786 2899; x_wconf 83' lang='lat' dir='ltr'><strong>tamen</strong></span> <span class='ocrx_word' id='word_1_237' title='bbox 2822 2850 3028 2898; x_wconf 80' lang='lat' dir='ltr'><strong>testimo-</strong></span> 
     </span>
     <span class='ocr_line' id='line_1_25' title="bbox 566 2935 3029 3002; baseline -0.001 -17"><span class='ocrx_word' id='word_1_238' title='bbox 566 2938 740 2998; x_wconf 86' lang='lat' dir='ltr'><strong>nium,</strong></span> <span class='ocrx_word' id='word_1_239' title='bbox 792 2940 977 3001; x_wconf 81' lang='lat' dir='ltr'><strong>utpote</strong></span> <span class='ocrx_word' id='word_1_240' title='bbox 1023 2937 1251 2985; x_wconf 86' lang='lat' dir='ltr'><strong>hominis</strong></span> <span class='ocrx_word' id='word_1_241' title='bbox 1296 2936 1539 2985; x_wconf 86' lang='lat' dir='ltr'><strong>ducentis</strong></span> <span class='ocrx_word' id='word_1_242' title='bbox 1586 2938 1742 2986; x_wconf 86' lang='lat' dir='ltr'><strong>annis</strong></span> <span class='ocrx_word' id='word_1_243' title='bbox 1787 2936 2024 3002; x_wconf 85' lang='lat' dir='ltr'><strong>Josepho</strong></span> <span class='ocrx_word' id='word_1_244' title='bbox 2072 2938 2405 3000; x_wconf 84' lang='lat' dir='ltr'><strong>recentioris,</strong></span> <span class='ocrx_word' id='word_1_245' title='bbox 2451 2936 2656 2986; x_wconf 86' lang='lat' dir='ltr'><strong>nullam</strong></span> <span class='ocrx_word' id='word_1_246' title='bbox 2703 2938 2808 2985; x_wconf 85' lang='lat' dir='ltr'><strong>vim</strong></span> <span class='ocrx_word' id='word_1_247' title='bbox 2855 2935 3029 2984; x_wconf 80' lang='lat' dir='ltr'><strong>habere.</strong></span> 
     </span>
     <span class='ocr_line' id='line_1_26' title="bbox 568 3020 3030 3089; baseline -0.002 -16"><span class='ocrx_word' id='word_1_248' title='bbox 568 3024 767 3073; x_wconf 83' lang='lat' dir='ltr'><strong>dicunt.</strong></span> <span class='ocrx_word' id='word_1_249' title='bbox 842 3020 948 3072; x_wconf 86' lang='lat' dir='ltr'><strong>Sed</strong></span> <span class='ocrx_word' id='word_1_250' title='bbox 994 3029 1052 3072; x_wconf 89' lang='lat' dir='ltr'><strong>ut</strong></span> <span class='ocrx_word' id='word_1_251' title='bbox 1098 3023 1419 3083; x_wconf 87' lang='lat' dir='ltr'><strong>Eusebium,</strong></span> <span class='ocrx_word' id='word_1_252' title='bbox 1466 3024 1523 3073; x_wconf 85' lang='lat' dir='ltr'><strong>in</strong></span> <span class='ocrx_word' id='word_1_253' title='bbox 1576 3040 1696 3073; x_wconf 87' lang='lat' dir='ltr'><strong>eum</strong></span> <span class='ocrx_word' id='word_1_254' title='bbox 1751 3040 1908 3089; x_wconf 88' lang='lat' dir='ltr'><strong>quem</strong></span> <span class='ocrx_word' id='word_1_255' title='bbox 1957 3029 2188 3074; x_wconf 88' lang='lat' dir='ltr'><strong>meretur</strong></span> <span class='ocrx_word' id='word_1_256' title='bbox 2233 3024 2408 3075; x_wconf 81' lang='lat' dir='ltr'><strong>locum</strong></span> <span class='ocrx_word' id='word_1_257' title='bbox 2459 3038 2806 3089; x_wconf 80' lang='lat' dir='ltr'><strong>reponamus,</strong></span> <span class='ocrx_word' id='word_1_258' title='bbox 2859 3022 3030 3073; x_wconf 80' lang='lat' dir='ltr'><strong>sufficit</strong></span> 
     </span>
     <span class='ocr_line' id='line_1_27' title="bbox 566 3110 3030 3177; baseline -0.001 -16"><span class='ocrx_word' id='word_1_259' title='bbox 566 3112 753 3177; x_wconf 87' lang='lat' dir='ltr'><strong>paucis</strong></span> <span class='ocrx_word' id='word_1_260' title='bbox 798 3112 1093 3175; x_wconf 80' lang='lat' dir='ltr'><strong>monuisse3</strong></span> <span class='ocrx_word' id='word_1_261' title='bbox 1152 3126 1215 3161; x_wconf 86' lang='lat' dir='ltr'><strong>ex</strong></span> <span class='ocrx_word' id='word_1_262' title='bbox 1266 3110 1591 3161; x_wconf 82' lang='lat' dir='ltr'><strong>eruditorum</strong></span> <span class='ocrx_word' id='word_1_263' title='bbox 1636 3110 1832 3161; x_wconf 83' lang='lat' dir='ltr'><strong>iudicio</strong></span> <span class='ocrx_word' id='word_1_264' title='bbox 1881 3116 2086 3174; x_wconf 83' lang='lat' dir='ltr'><strong>patrem</strong></span> <span class='ocrx_word' id='word_1_265' title='bbox 2131 3111 2488 3161; x_wconf 79' lang='lat' dir='ltr'><strong>Historiarum</strong></span> <span class='ocrx_word' id='word_1_266' title='bbox 2533 3110 3030 3169; x_wconf 85' lang='lat' dir='ltr'><strong>Ecclesiasticarum‚</strong></span> 
     </span>
     <span class='ocr_line' id='line_1_28' title="bbox 568 3196 3029 3262; baseline -0.001 -15"><span class='ocrx_word' id='word_1_267' title='bbox 568 3199 808 3262; x_wconf 85' lang='lat' dir='ltr'><strong>quamvis</strong></span> <span class='ocrx_word' id='word_1_268' title='bbox 858 3198 1125 3247; x_wconf 89' lang='lat' dir='ltr'><strong>erroribus</strong></span> <span class='ocrx_word' id='word_1_269' title='bbox 1173 3213 1281 3247; x_wconf 87' lang='lat' dir='ltr'><strong>non</strong></span> <span class='ocrx_word' id='word_1_270' title='bbox 1330 3198 1638 3258; x_wconf 87' lang='lat' dir='ltr'><strong>immunem,</strong></span> <span class='ocrx_word' id='word_1_271' title='bbox 1693 3198 1940 3248; x_wconf 79' lang='lat' dir='ltr'><strong>universe</strong></span> <span class='ocrx_word' id='word_1_272' title='bbox 1989 3202 2167 3248; x_wconf 79' lang='lat' dir='ltr'><strong>tamen</strong></span> <span class='ocrx_word' id='word_1_273' title='bbox 2216 3212 2282 3247; x_wconf 86' lang='lat' dir='ltr'><strong>ex</strong></span> <span class='ocrx_word' id='word_1_274' title='bbox 2331 3196 2592 3259; x_wconf 85' lang='lat' dir='ltr'><strong>fontibus,</strong></span> <span class='ocrx_word' id='word_1_275' title='bbox 2647 3198 2793 3249; x_wconf 88' lang='lat' dir='ltr'><strong>unde</strong></span> <span class='ocrx_word' id='word_1_276' title='bbox 2843 3198 3029 3249; x_wconf 83' lang='lat' dir='ltr'><strong>haurire</strong></span> 
     </span>
     <span class='ocr_line' id='line_1_29' title="bbox 570 3284 3030 3349; baseline -0 -16"><span class='ocrx_word' id='word_1_277' title='bbox 570 3290 766 3349; x_wconf 86' lang='lat' dir='ltr'><strong>posset,</strong></span> <span class='ocrx_word' id='word_1_278' title='bbox 794 3300 895 3334; x_wconf 93' lang='lat' dir='ltr'><strong>sua</strong></span> <span class='ocrx_word' id='word_1_279' title='bbox 918 3300 1014 3349; x_wconf 87' lang='lat' dir='ltr'><strong>pro</strong></span> <span class='ocrx_word' id='word_1_280' title='bbox 1040 3286 1291 3349; x_wconf 86' lang='lat' dir='ltr'><strong>temporis</strong></span> <span class='ocrx_word' id='word_1_281' title='bbox 1319 3289 1372 3333; x_wconf 89' lang='lat' dir='ltr'><strong>et</strong></span> <span class='ocrx_word' id='word_1_282' title='bbox 1397 3286 1852 3349; x_wconf 85' lang='lat' dir='ltr'><strong>opportunitatum</strong></span> <span class='ocrx_word' id='word_1_283' title='bbox 1889 3286 2094 3335; x_wconf 87' lang='lat' dir='ltr'><strong>ratione</strong></span> <span class='ocrx_word' id='word_1_284' title='bbox 2130 3284 2416 3335; x_wconf 86' lang='lat' dir='ltr'><strong>admodum</strong></span> <span class='ocrx_word' id='word_1_285' title='bbox 2449 3284 2798 3336; x_wconf 84' lang='lat' dir='ltr'><strong>laudabiliter</strong></span> <span class='ocrx_word' id='word_1_286' title='bbox 2823 3286 3030 3335; x_wconf 81' lang='lat' dir='ltr'><strong>duxisse.</strong></span> 
     </span>
     <span class='ocr_line' id='line_1_30' title="bbox 569 3370 3030 3437; baseline -0.001 -17"><span class='ocrx_word' id='word_1_287' title='bbox 569 3372 875 3421; x_wconf 82' lang='lat' dir='ltr'><strong>Probarunt</strong></span> <span class='ocrx_word' id='word_1_288' title='bbox 900 3370 953 3419; x_wconf 84' lang='lat' dir='ltr'><strong>id</strong></span> <span class='ocrx_word' id='word_1_289' title='bbox 980 3372 1047 3420; x_wconf 87' lang='lat' dir='ltr'><strong>H.</strong></span> <span class='ocrx_word' id='word_1_290' title='bbox 1068 3371 1333 3433; x_wconf 85' lang='lat' dir='ltr'><strong>Valesius,</strong></span> <span class='ocrx_word' id='word_1_291' title='bbox 1360 3373 1415 3419; x_wconf 87' lang='lat' dir='ltr'><strong>in</strong></span> <span class='ocrx_word' id='word_1_292' title='bbox 1440 3373 1579 3420; x_wconf 86' lang='lat' dir='ltr'><strong>notis</strong></span> <span class='ocrx_word' id='word_1_293' title='bbox 1606 3370 1688 3421; x_wconf 89' lang='lat' dir='ltr'><strong>ed.</strong></span> <span class='ocrx_word' id='word_1_294' title='bbox 1709 3386 1750 3420; x_wconf 91' lang='lat' dir='ltr'><strong>s.</strong></span> <span class='ocrx_word' id='word_1_295' title='bbox 1774 3388 1819 3421; x_wconf 87' lang='lat' dir='ltr'><strong>e.</strong></span> <span class='ocrx_word' id='word_1_296' title='bbox 1847 3374 2070 3437; x_wconf 78' lang='lat' dir='ltr'><strong>passim3</strong></span> <span class='ocrx_word' id='word_1_297' title='bbox 2097 3372 2268 3433; x_wconf 87' lang='lat' dir='ltr'><strong>Danz,</strong></span> <span class='ocrx_word' id='word_1_298' title='bbox 2297 3372 2362 3421; x_wconf 87' lang='lat' dir='ltr'><strong>de</strong></span> <span class='ocrx_word' id='word_1_299' title='bbox 2385 3372 2516 3421; x_wconf 90' lang='lat' dir='ltr'><strong>Eus.</strong></span> <span class='ocrx_word' id='word_1_300' title='bbox 2543 3373 2712 3437; x_wconf 88' lang='lat' dir='ltr'><strong>eiusq.</strong></span> <span class='ocrx_word' id='word_1_301' title='bbox 2739 3372 2846 3421; x_wconf 79' lang='lat' dir='ltr'><strong>tide</strong></span> <span class='ocrx_word' id='word_1_302' title='bbox 2869 3372 3030 3422; x_wconf 84' lang='lat' dir='ltr'><strong>histor.</strong></span> 
     </span>
     <span class='ocr_line' id='line_1_31' title="bbox 566 3457 3028 3521; baseline 0 -15"><span class='ocrx_word' id='word_1_303' title='bbox 566 3457 688 3506; x_wconf 86' lang='lat' dir='ltr'><strong>Jen.</strong></span> <span class='ocrx_word' id='word_1_304' title='bbox 727 3460 875 3507; x_wconf 83' lang='lat'><strong>1815.</strong></span> <span class='ocrx_word' id='word_1_305' title='bbox 925 3457 1139 3519; x_wconf 70' lang='lat' dir='ltr'><strong>Moller,</strong></span> <span class='ocrx_word' id='word_1_306' title='bbox 1178 3457 1244 3507; x_wconf 91' lang='lat' dir='ltr'><strong>de</strong></span> <span class='ocrx_word' id='word_1_307' title='bbox 1281 3457 1383 3506; x_wconf 83' lang='lat' dir='ltr'><strong>fide</strong></span> <span class='ocrx_word' id='word_1_308' title='bbox 1418 3458 1547 3507; x_wconf 88' lang='lat' dir='ltr'><strong>Eus.</strong></span> <span class='ocrx_word' id='word_1_309' title='bbox 1576 3458 1729 3508; x_wconf 85' lang='lat' dir='ltr'><strong>Caes.</strong></span> <span class='ocrx_word' id='word_1_310' title='bbox 1757 3458 1932 3508; x_wconf 83' lang='lat' dir='ltr'><strong>Havn.</strong></span> <span class='ocrx_word' id='word_1_311' title='bbox 1962 3460 2110 3508; x_wconf 87' lang='grc'><strong>1813.</strong></span> <span class='ocrx_word' id='word_1_312' title='bbox 2161 3459 2416 3521; x_wconf 86' lang='lat' dir='ltr'><strong>Kestner,</strong></span> <span class='ocrx_word' id='word_1_313' title='bbox 2455 3457 2522 3507; x_wconf 90' lang='lat' dir='ltr'><strong>de</strong></span> <span class='ocrx_word' id='word_1_314' title='bbox 2559 3459 2691 3509; x_wconf 82' lang='lat' dir='ltr'><strong>Eua.</strong></span> <span class='ocrx_word' id='word_1_315' title='bbox 2729 3460 3028 3511; x_wconf 80' lang='lat' dir='ltr'><strong>auctoritate.</strong></span> 
     </span>
     <span class='ocr_line' id='line_1_32' title="bbox 569 3542 3030 3609; baseline 0.001 -16"><span class='ocrx_word' id='word_1_316' title='bbox 569 3548 621 3593; x_wconf 84' lang='lat' dir='ltr'><strong>et</strong></span> <span class='ocrx_word' id='word_1_317' title='bbox 640 3542 741 3593; x_wconf 89' lang='lat' dir='ltr'><strong>fide</strong></span> <span class='ocrx_word' id='word_1_318' title='bbox 762 3544 975 3609; x_wconf 89' lang='lat' dir='ltr'><strong>diplom.</strong></span> <span class='ocrx_word' id='word_1_319' title='bbox 996 3542 1138 3593; x_wconf 64' lang='lat' dir='ltr'><strong>Gett.</strong></span> <span class='ocrx_word' id='word_1_320' title='bbox 1164 3546 1312 3593; x_wconf 84' lang='lat'><strong>1816.</strong></span> <span class='ocrx_word' id='word_1_321' title='bbox 1346 3544 1671 3604; x_wconf 88' lang='lat' dir='ltr'><strong>Reiterdahl‚</strong></span> <span class='ocrx_word' id='word_1_322' title='bbox 1703 3545 1768 3595; x_wconf 90' lang='lat' dir='ltr'><strong>de</strong></span> <span class='ocrx_word' id='word_1_323' title='bbox 1795 3546 1923 3596; x_wconf 82' lang='lat' dir='ltr'><strong>font.</strong></span> <span class='ocrx_word' id='word_1_324' title='bbox 1944 3545 2065 3595; x_wconf 90' lang='lat' dir='ltr'><strong>hist.</strong></span> <span class='ocrx_word' id='word_1_325' title='bbox 2088 3545 2216 3596; x_wconf 89' lang='lat' dir='ltr'><strong>eccl.</strong></span> <span class='ocrx_word' id='word_1_326' title='bbox 2237 3546 2409 3596; x_wconf 88' lang='lat' dir='ltr'><strong>Lond.</strong></span> <span class='ocrx_word' id='word_1_327' title='bbox 2432 3546 2495 3597; x_wconf 80' lang='lat' dir='ltr'><strong>G.</strong></span> <span class='ocrx_word' id='word_1_328' title='bbox 2520 3548 2670 3596; x_wconf 84' lang='grc'><strong>1826.</strong></span> <span class='ocrx_word' id='word_1_329' title='bbox 2710 3547 2772 3596; x_wconf 90' lang='grc' dir='ltr'><strong>Β.</strong></span> <span class='ocrx_word' id='word_1_330' title='bbox 2793 3547 3030 3603; x_wconf 77' lang='lat' dir='ltr'><strong>Rienstra,</strong></span> 
     </span>
     <span class='ocr_line' id='line_1_33' title="bbox 566 3630 3028 3699; baseline 0.001 -20"><span class='ocrx_word' id='word_1_331' title='bbox 566 3630 633 3679; x_wconf 86' lang='lat' dir='ltr'><strong>de</strong></span> <span class='ocrx_word' id='word_1_332' title='bbox 670 3630 907 3679; x_wconf 80' lang='lat' dir='ltr'><strong>fontibus</strong></span> <span class='ocrx_word' id='word_1_333' title='bbox 945 3647 1009 3679; x_wconf 82' lang='lat' dir='ltr'><strong>ex</strong></span> <span class='ocrx_word' id='word_1_334' title='bbox 1048 3632 1240 3695; x_wconf 87' lang='lat' dir='ltr'><strong>quibus</strong></span> <span class='ocrx_word' id='word_1_335' title='bbox 1278 3632 1345 3680; x_wconf 89' lang='lat' dir='ltr'><strong>H.</strong></span> <span class='ocrx_word' id='word_1_336' title='bbox 1372 3632 1419 3680; x_wconf 94' lang='grc' dir='ltr'>Ε</span> <span class='ocrx_word' id='word_1_337' title='bbox 1476 3647 1611 3697; x_wconf 85' lang='lat' dir='ltr'><strong>opus</strong></span> <span class='ocrx_word' id='word_1_338' title='bbox 1647 3632 1826 3683; x_wconf 80' lang='lat' dir='ltr'><strong>hausit</strong></span> <span class='ocrx_word' id='word_1_339' title='bbox 1861 3634 1992 3683; x_wconf 88' lang='lat' dir='ltr'><strong>Eus.</strong></span> <span class='ocrx_word' id='word_1_340' title='bbox 2019 3634 2076 3683; x_wconf 89' lang='lat' dir='ltr'><strong>P.</strong></span> <span class='ocrx_word' id='word_1_341' title='bbox 2111 3638 2166 3683; x_wconf 89' lang='lat' dir='ltr'><strong>et</strong></span> <span class='ocrx_word' id='word_1_342' title='bbox 2193 3634 2260 3683; x_wconf 87' lang='lat' dir='ltr'><strong>de</strong></span> <span class='ocrx_word' id='word_1_343' title='bbox 2298 3636 2502 3685; x_wconf 85' lang='lat' dir='ltr'><strong>ratione</strong></span> <span class='ocrx_word' id='word_1_344' title='bbox 2539 3649 2650 3699; x_wconf 90' lang='lat' dir='ltr'><strong>qua</strong></span> <span class='ocrx_word' id='word_1_345' title='bbox 2685 3636 2752 3683; x_wconf 84' lang='lat' dir='ltr'><strong>iis</strong></span> <span class='ocrx_word' id='word_1_346' title='bbox 2789 3650 2912 3684; x_wconf 83' lang='lat' dir='ltr'><strong>usus</strong></span> <span class='ocrx_word' id='word_1_347' title='bbox 2951 3638 3028 3683; x_wconf 75' lang='lat' dir='ltr'><strong>est.</strong></span> 
     </span>
     <span class='ocr_line' id='line_1_34' title="bbox 566 3716 3024 3787; baseline 0.001 -22"><span class='ocrx_word' id='word_1_348' title='bbox 566 3716 709 3766; x_wconf 88' lang='lat' dir='ltr'><strong>Trai.</strong></span> <span class='ocrx_word' id='word_1_349' title='bbox 736 3716 803 3766; x_wconf 82' lang='lat' dir='ltr'><strong>ad</strong></span> <span class='ocrx_word' id='word_1_350' title='bbox 830 3718 998 3767; x_wconf 83' lang='lat' dir='ltr'><strong>Rhcn.</strong></span> <span class='ocrx_word' id='word_1_351' title='bbox 1028 3720 1176 3767; x_wconf 89' lang='grc'><strong>1833.</strong></span> <span class='ocrx_word' id='word_1_352' title='bbox 1226 3718 1289 3767; x_wconf 86' lang='lat' dir='ltr'><strong>E.</strong></span> <span class='ocrx_word' id='word_1_353' title='bbox 1316 3718 1368 3767; x_wconf 85' lang='lat' dir='ltr'><strong>J.</strong></span> <span class='ocrx_word' id='word_1_354' title='bbox 1396 3719 1638 3780; x_wconf 87' lang='lat' dir='ltr'><strong>Kimmel,</strong></span> <span class='ocrx_word' id='word_1_355' title='bbox 1678 3719 1742 3769; x_wconf 88' lang='lat' dir='ltr'><strong>de</strong></span> <span class='ocrx_word' id='word_1_356' title='bbox 1769 3719 1962 3770; x_wconf 82' lang='lat' dir='ltr'><strong>Rufino</strong></span> <span class='ocrx_word' id='word_1_357' title='bbox 1987 3721 2210 3769; x_wconf 83' lang='lat' dir='ltr'><strong>Eusebii</strong></span> <span class='ocrx_word' id='word_1_358' title='bbox 2234 3722 2450 3787; x_wconf 87' lang='lat' dir='ltr'><strong>interpr.</strong></span> <span class='ocrx_word' id='word_1_359' title='bbox 2491 3722 2614 3770; x_wconf 90' lang='lat' dir='ltr'><strong>Ger.</strong></span> <span class='ocrx_word' id='word_1_360' title='bbox 2646 3722 2796 3772; x_wconf 85' lang='lat'><strong>1838.</strong></span> <span class='ocrx_word' id='word_1_361' title='bbox 2823 3739 2872 3787; x_wconf 89' lang='lat' dir='ltr'><strong>p.</strong></span> <span class='ocrx_word' id='word_1_362' title='bbox 2899 3724 2972 3769; x_wconf 80' lang='grc'><strong>22.</strong></span> <span class='ocrx_word' id='word_1_363' title='bbox 2995 3736 3024 3768; x_wconf 87' lang='lat' dir='ltr'><strong>s.</strong></span> 
     </span>
     <span class='ocr_line' id='line_1_35' title="bbox 566 3804 3027 3870; baseline 0 -17"><span class='ocrx_word' id='word_1_364' title='bbox 566 3804 881 3866; x_wconf 84' lang='lat' dir='ltr'><strong>Heinichen,</strong></span> <span class='ocrx_word' id='word_1_365' title='bbox 920 3804 954 3852; x_wconf 90' lang='lat' dir='ltr'><strong>l.</strong></span> <span class='ocrx_word' id='word_1_366' title='bbox 985 3820 1029 3853; x_wconf 89' lang='lat' dir='ltr'><strong>c.</strong></span> <span class='ocrx_word' id='word_1_367' title='bbox 1056 3822 1107 3869; x_wconf 88' lang='lat' dir='ltr'><strong>p.</strong></span> <span class='ocrx_word' id='word_1_368' title='bbox 1134 3806 1250 3855; x_wconf 82' lang='grc'><strong>349.</strong></span> <span class='ocrx_word' id='word_1_369' title='bbox 1302 3805 1453 3853; x_wconf 87' lang='lat' dir='ltr'><strong>Haec</strong></span> <span class='ocrx_word' id='word_1_370' title='bbox 1480 3806 1693 3870; x_wconf 85' lang='lat' dir='ltr'><strong>quidem</strong></span> <span class='ocrx_word' id='word_1_371' title='bbox 1721 3806 1786 3855; x_wconf 88' lang='lat' dir='ltr'><strong>de</strong></span> <span class='ocrx_word' id='word_1_372' title='bbox 1810 3807 2035 3856; x_wconf 87' lang='lat' dir='ltr'><strong>Eusebii</strong></span> <span class='ocrx_word' id='word_1_373' title='bbox 2061 3808 2378 3857; x_wconf 84' lang='lat' dir='ltr'><strong>auctoritate</strong></span> <span class='ocrx_word' id='word_1_374' title='bbox 2403 3807 2688 3858; x_wconf 86' lang='lat' dir='ltr'><strong>sufficiant.</strong></span> <span class='ocrx_word' id='word_1_375' title='bbox 2737 3808 3027 3859; x_wconf 84' lang='lat' dir='ltr'><strong>Accedimus</strong></span> 
     </span>
     <span class='ocr_line' id='line_1_36' title="bbox 568 3890 3024 3961; baseline -0.001 -20"><span class='ocrx_word' id='word_1_376' title='bbox 568 3890 635 3941; x_wconf 90' lang='lat' dir='ltr'><strong>ad</strong></span> <span class='ocrx_word' id='word_1_377' title='bbox 684 3891 909 3941; x_wconf 85' lang='lat' dir='ltr'><strong>alterum</strong></span> <span class='ocrx_word' id='word_1_378' title='bbox 958 3892 1156 3939; x_wconf 87' lang='lat' dir='ltr'><strong>crimen</strong></span> <span class='ocrx_word' id='word_1_379' title='bbox 1207 3891 1349 3957; x_wconf 87' lang='lat' dir='ltr'><strong>quod</strong></span> <span class='ocrx_word' id='word_1_380' title='bbox 1396 3892 1633 3941; x_wconf 90' lang='lat' dir='ltr'><strong>Eusebio</strong></span> <span class='ocrx_word' id='word_1_381' title='bbox 1683 3894 2004 3959; x_wconf 83' lang='lat' dir='ltr'><strong>impingunt,</strong></span> <span class='ocrx_word' id='word_1_382' title='bbox 2053 3894 2147 3943; x_wconf 87' lang='lat' dir='ltr'><strong>sed</strong></span> <span class='ocrx_word' id='word_1_383' title='bbox 2193 3910 2348 3943; x_wconf 83' lang='lat' dir='ltr'><strong>vane.</strong></span> <span class='ocrx_word' id='word_1_384' title='bbox 2419 3895 2816 3961; x_wconf 80' lang='lat' dir='ltr'><strong>Interrogamus</strong></span> <span class='ocrx_word' id='word_1_385' title='bbox 2870 3894 3024 3942; x_wconf 81' lang='lat' dir='ltr'><strong>verbis</strong></span> 
     </span>
     <span class='ocr_line' id='line_1_37' title="bbox 566 3977 3026 4047; baseline -0 -20"><span class='ocrx_word' id='word_1_386' title='bbox 566 3978 633 4027; x_wconf 86' lang='lat' dir='ltr'><strong>H.</strong></span> <span class='ocrx_word' id='word_1_387' title='bbox 657 3977 873 4039; x_wconf 81' lang='lat' dir='ltr'><strong>valesii,</strong></span> <span class='ocrx_word' id='word_1_388' title='bbox 902 3982 1008 4027; x_wconf 88' lang='lat' dir='ltr'><strong>not.</strong></span> <span class='ocrx_word' id='word_1_389' title='bbox 1036 3977 1105 4027; x_wconf 87' lang='lat' dir='ltr'><strong>ad</strong></span> <span class='ocrx_word' id='word_1_390' title='bbox 1132 3978 1171 4037; x_wconf 95' lang='lat'><strong>1,</strong></span> <span class='ocrx_word' id='word_1_391' title='bbox 1197 3981 1276 4027; x_wconf 91' lang='lat'><strong>11.</strong></span> <span class='ocrx_word' id='word_1_392' title='bbox 1302 3996 1353 4043; x_wconf 89' lang='lat' dir='ltr'><strong>p.</strong></span> <span class='ocrx_word' id='word_1_393' title='bbox 1376 3981 1458 4027; x_wconf 88' lang='grc'><strong>20.</strong></span> <span class='ocrx_word' id='word_1_394' title='bbox 1508 3979 1640 4039; x_wconf 85' lang='lat' dir='ltr'><strong>„Cui</strong></span> <span class='ocrx_word' id='word_1_395' title='bbox 1665 3980 1806 4029; x_wconf 89' lang='lat' dir='ltr'><strong>bono</strong></span> <span class='ocrx_word' id='word_1_396' title='bbox 1833 3981 1888 4029; x_wconf 91' lang='lat' dir='ltr'><strong>id</strong></span> <span class='ocrx_word' id='word_1_397' title='bbox 1912 3981 2178 4033; x_wconf 83' lang='lat' dir='ltr'><strong>Eusebius</strong></span> <span class='ocrx_word' id='word_1_398' title='bbox 2213 3980 2517 4047; x_wconf 79' lang='lat' dir='ltr'><strong>confingere</strong></span> <span class='ocrx_word' id='word_1_399' title='bbox 2543 3982 2817 4032; x_wconf 74' lang='lat' dir='ltr'><strong>voluisset.</strong></span> <span class='ocrx_word' id='word_1_400' title='bbox 2857 3983 3026 4031; x_wconf 76' lang='lat' dir='ltr'><strong>Annon</strong></span> 
     </span>
     <span class='ocr_line' id='line_1_38' title="bbox 566 4064 3026 4133; baseline 0 -20"><span class='ocrx_word' id='word_1_401' title='bbox 566 4064 788 4114; x_wconf 86' lang='lat' dir='ltr'><strong>Eusebii</strong></span> <span class='ocrx_word' id='word_1_402' title='bbox 802 4068 977 4115; x_wconf 87' lang='lat' dir='ltr'><strong>aetate</strong></span> <span class='ocrx_word' id='word_1_403' title='bbox 997 4065 1118 4113; x_wconf 88' lang='lat' dir='ltr'><strong>libri</strong></span> <span class='ocrx_word' id='word_1_404' title='bbox 1138 4064 1527 4130; x_wconf 83' lang='lat' dir='ltr'><strong>Antiquitatum</strong></span> <span class='ocrx_word' id='word_1_405' title='bbox 1546 4066 1583 4115; x_wconf 88' lang='lat' dir='ltr'><strong>J</strong></span> <span class='ocrx_word' id='word_1_406' title='bbox 1586 4066 1768 4131; x_wconf 86' lang='lat' dir='ltr'><strong>osephi</strong></span> <span class='ocrx_word' id='word_1_407' title='bbox 1791 4068 1844 4115; x_wconf 87' lang='lat' dir='ltr'><strong>in</strong></span> <span class='ocrx_word' id='word_1_408' title='bbox 1865 4068 2108 4119; x_wconf 88' lang='lat' dir='ltr'><strong>omnibus</strong></span> <span class='ocrx_word' id='word_1_409' title='bbox 2122 4068 2469 4119; x_wconf 84' lang='lat' dir='ltr'><strong>Bibliothecis</strong></span> <span class='ocrx_word' id='word_1_410' title='bbox 2496 4069 2832 4133; x_wconf 76' lang='lat' dir='ltr'><strong>visebantur3</strong></span> <span class='ocrx_word' id='word_1_411' title='bbox 2857 4068 3026 4133; x_wconf 84' lang='lat' dir='ltr'><strong>quibus</strong></span> 
     </span>
     <span class='ocr_line' id='line_1_39' title="bbox 566 4150 3026 4221; baseline 0 -20"><span class='ocrx_word' id='word_1_412' title='bbox 566 4150 787 4217; x_wconf 86' lang='lat' dir='ltr'><strong>prolatis</strong></span> <span class='ocrx_word' id='word_1_413' title='bbox 824 4150 1131 4201; x_wconf 79' lang='lat' dir='ltr'><strong>facillimum</strong></span> <span class='ocrx_word' id='word_1_414' title='bbox 1178 4151 1367 4201; x_wconf 79' lang='lat' dir='ltr'><strong>fuisset</strong></span> <span class='ocrx_word' id='word_1_415' title='bbox 1403 4152 1624 4203; x_wconf 88' lang='lat' dir='ltr'><strong>Eusebii</strong></span> <span class='ocrx_word' id='word_1_416' title='bbox 1673 4153 1912 4203; x_wconf 80' lang='lat' dir='ltr'><strong>fraudem</strong></span> <span class='ocrx_word' id='word_1_417' title='bbox 1963 4156 2329 4205; x_wconf 74' lang='lat' dir='ltr'><strong>convincere.“</strong></span> <span class='ocrx_word' id='word_1_418' title='bbox 2391 4154 2535 4205; x_wconf 86' lang='lat' dir='ltr'><strong>Illud</strong></span> <span class='ocrx_word' id='word_1_419' title='bbox 2581 4171 2710 4205; x_wconf 85' lang='lat' dir='ltr'><strong>vero</strong></span> <span class='ocrx_word' id='word_1_420' title='bbox 2757 4153 3026 4221; x_wconf 74' lang='lat' dir='ltr'><strong>argumenti</strong></span> 
     </span>
     <span class='ocr_line' id='line_1_40' title="bbox 566 4239 3025 4307; baseline 0 -20"><span class='ocrx_word' id='word_1_421' title='bbox 566 4254 761 4303; x_wconf 83' lang='lat' dir='ltr'><strong>genus,</strong></span> <span class='ocrx_word' id='word_1_422' title='bbox 813 4254 917 4303; x_wconf 90' lang='lat' dir='ltr'><strong>quo</strong></span> <span class='ocrx_word' id='word_1_423' title='bbox 965 4244 1165 4303; x_wconf 85' lang='lat' dir='ltr'><strong>negant</strong></span> <span class='ocrx_word' id='word_1_424' title='bbox 1208 4241 1459 4289; x_wconf 87' lang='lat' dir='ltr'><strong>seriorem</strong></span> <span class='ocrx_word' id='word_1_425' title='bbox 1506 4239 1738 4305; x_wconf 83' lang='lat' dir='ltr'><strong>aliquem</strong></span> <span class='ocrx_word' id='word_1_426' title='bbox 1786 4240 1852 4289; x_wconf 88' lang='lat' dir='ltr'><strong>de</strong></span> <span class='ocrx_word' id='word_1_427' title='bbox 1901 4242 2112 4307; x_wconf 85' lang='lat' dir='ltr'><strong>scriptis</strong></span> <span class='ocrx_word' id='word_1_428' title='bbox 2161 4242 2351 4307; x_wconf 87' lang='lat' dir='ltr'><strong>prioris</strong></span> <span class='ocrx_word' id='word_1_429' title='bbox 2399 4241 2602 4306; x_wconf 87' lang='lat' dir='ltr'><strong>liquido</strong></span> <span class='ocrx_word' id='word_1_430' title='bbox 2650 4244 2832 4292; x_wconf 84' lang='lat' dir='ltr'><strong>testari</strong></span> <span class='ocrx_word' id='word_1_431' title='bbox 2871 4256 3025 4307; x_wconf 76' lang='lat' dir='ltr'><strong>posse,</strong></span> 
     </span>
     <span class='ocr_line' id='line_1_41' title="bbox 568 4327 3026 4394; baseline 0 -21"><span class='ocrx_word' id='word_1_432' title='bbox 568 4340 688 4373; x_wconf 88' lang='lat' dir='ltr'><strong>cum</strong></span> <span class='ocrx_word' id='word_1_433' title='bbox 736 4331 917 4374; x_wconf 87' lang='lat' dir='ltr'><strong>cetera</strong></span> <span class='ocrx_word' id='word_1_434' title='bbox 964 4327 1144 4376; x_wconf 88' lang='lat' dir='ltr'><strong>omnia</strong></span> <span class='ocrx_word' id='word_1_435' title='bbox 1190 4328 1319 4376; x_wconf 86' lang='lat' dir='ltr'><strong>satis</strong></span> <span class='ocrx_word' id='word_1_436' title='bbox 1370 4332 1617 4377; x_wconf 86' lang='lat' dir='ltr'><strong>accurate</strong></span> <span class='ocrx_word' id='word_1_437' title='bbox 1669 4328 2055 4392; x_wconf 87' lang='lat' dir='ltr'><strong>respondeant,</strong></span> <span class='ocrx_word' id='word_1_438' title='bbox 2111 4329 2308 4379; x_wconf 79' lang='lat' dir='ltr'><strong>veritas</strong></span> <span class='ocrx_word' id='word_1_439' title='bbox 2363 4330 2442 4378; x_wconf 88' lang='lat' dir='ltr'><strong>rei</strong></span> <span class='ocrx_word' id='word_1_440' title='bbox 2495 4330 2752 4394; x_wconf 81' lang='lat' dir='ltr'><strong>scriptae,</strong></span> <span class='ocrx_word' id='word_1_441' title='bbox 2807 4328 3026 4379; x_wconf 87' lang='lat' dir='ltr'><strong>codicum</strong></span> 
     </span>
     <span class='ocr_line' id='line_1_42' title="bbox 568 4409 3026 4480; baseline 0.002 -21"><span class='ocrx_word' id='word_1_442' title='bbox 568 4409 715 4472; x_wconf 84' lang='lat' dir='ltr'><strong>fides,</strong></span> <span class='ocrx_word' id='word_1_443' title='bbox 754 4411 963 4477; x_wconf 85' lang='lat' dir='ltr'><strong>locique</strong></span> <span class='ocrx_word' id='word_1_444' title='bbox 1002 4414 1173 4475; x_wconf 79' lang='lat' dir='ltr'><strong>citati3</strong></span> <span class='ocrx_word' id='word_1_445' title='bbox 1213 4428 1369 4477; x_wconf 89' lang='lat' dir='ltr'><strong>quam</strong></span> <span class='ocrx_word' id='word_1_446' title='bbox 1406 4414 1763 4478; x_wconf 84' lang='lat' dir='ltr'><strong>periculosum</strong></span> <span class='ocrx_word' id='word_1_447' title='bbox 1789 4416 1872 4476; x_wconf 87' lang='lat' dir='ltr'><strong>sit,</strong></span> <span class='ocrx_word' id='word_1_448' title='bbox 1913 4414 2068 4464; x_wconf 86' lang='lat' dir='ltr'><strong>facile</strong></span> <span class='ocrx_word' id='word_1_449' title='bbox 2102 4416 2456 4480; x_wconf 78' lang='lat' dir='ltr'><strong>cognoscitur.</strong></span> <span class='ocrx_word' id='word_1_450' title='bbox 2505 4416 2792 4467; x_wconf 83' lang='lat' dir='ltr'><strong>Enimvero</strong></span> <span class='ocrx_word' id='word_1_451' title='bbox 2824 4415 2918 4464; x_wconf 90' lang='lat' dir='ltr'><strong>hac</strong></span> <span class='ocrx_word' id='word_1_452' title='bbox 2951 4414 3026 4460; x_wconf 76' lang='lat' dir='ltr'><strong>via</strong></span> 
     </span>
    </p>
   </div>
   <div class='ocr_carea' id='block_1_5' title="bbox 566 4496 3023 4653">
    <p class='ocr_par' dir='ltr' id='par_1_5' title="bbox 566 4496 3023 4653">
     <span class='ocr_line' id='line_1_43' title="bbox 566 4496 3023 4567; baseline 0 -23"><span class='ocrx_word' id='word_1_453' title='bbox 566 4496 698 4545; x_wconf 80' lang='lat' dir='ltr'><strong>nihil</strong></span> <span class='ocrx_word' id='word_1_454' title='bbox 734 4498 891 4545; x_wconf 89' lang='lat' dir='ltr'><strong>inerit</strong></span> <span class='ocrx_word' id='word_1_455' title='bbox 926 4499 1209 4549; x_wconf 84' lang='lat' dir='ltr'><strong>Veteribus</strong></span> <span class='ocrx_word' id='word_1_456' title='bbox 1247 4500 1603 4549; x_wconf 83' lang='lat' dir='ltr'><strong>Historiarum</strong></span> <span class='ocrx_word' id='word_1_457' title='bbox 1642 4498 2024 4565; x_wconf 86' lang='lat' dir='ltr'><strong>Scriptoribus,</strong></span> <span class='ocrx_word' id='word_1_458' title='bbox 2071 4502 2214 4567; x_wconf 88' lang='lat' dir='ltr'><strong>quod</strong></span> <span class='ocrx_word' id='word_1_459' title='bbox 2253 4502 2636 4553; x_wconf 85' lang='lat' dir='ltr'><strong>recentioribus</strong></span> <span class='ocrx_word' id='word_1_460' title='bbox 2671 4504 2740 4551; x_wconf 80' lang='lat' dir='ltr'><strong>sit</strong></span> <span class='ocrx_word' id='word_1_461' title='bbox 2773 4502 3023 4551; x_wconf 81' lang='lat' dir='ltr'><strong>intactum.</strong></span> 
     </span>
     <span class='ocr_line' id='line_1_44' title="bbox 568 4581 3022 4653; baseline 0.001 -23"><span class='ocrx_word' id='word_1_462' title='bbox 568 4582 607 4646; x_wconf 82' lang='grc'><strong>2)</strong></span> <span class='ocrx_word' id='word_1_463' title='bbox 646 4581 709 4631; x_wconf 90' lang='lat' dir='ltr'><strong>In</strong></span> <span class='ocrx_word' id='word_1_464' title='bbox 736 4584 869 4632; x_wconf 87' lang='lat' dir='ltr'><strong>actis</strong></span> <span class='ocrx_word' id='word_1_465' title='bbox 896 4584 947 4632; x_wconf 78' lang='lat' dir='ltr'><strong>S.</strong></span> <span class='ocrx_word' id='word_1_466' title='bbox 976 4584 1027 4633; x_wconf 75' lang='lat' dir='ltr'><strong>S.</strong></span> <span class='ocrx_word' id='word_1_467' title='bbox 1052 4584 1181 4633; x_wconf 89' lang='lat' dir='ltr'><strong>Maii</strong></span> <span class='ocrx_word' id='word_1_468' title='bbox 1208 4584 1255 4633; x_wconf 91' lang='lat' dir='ltr'><strong>d.</strong></span> <span class='ocrx_word' id='word_1_469' title='bbox 1285 4588 1367 4634; x_wconf 84' lang='grc'><strong>22.</strong></span> <span class='ocrx_word' id='word_1_470' title='bbox 1404 4586 1465 4649; x_wconf 72' lang='lat' dir='ltr'><strong>V,</strong></span> <span class='ocrx_word' id='word_1_471' title='bbox 1496 4588 1609 4635; x_wconf 79' lang='lat'><strong>149.</strong></span> <span class='ocrx_word' id='word_1_472' title='bbox 1674 4588 1713 4651; x_wconf 82' lang='lat'><strong>³)</strong></span> <span class='ocrx_word' id='word_1_473' title='bbox 1752 4588 1834 4635; x_wconf 91' lang='lat' dir='ltr'><strong>De</strong></span> <span class='ocrx_word' id='word_1_474' title='bbox 1869 4587 2038 4637; x_wconf 81' lang='lat' dir='ltr'><strong>excid.</strong></span> <span class='ocrx_word' id='word_1_475' title='bbox 2067 4588 2214 4637; x_wconf 86' lang='lat' dir='ltr'><strong>Hier.</strong></span> <span class='ocrx_word' id='word_1_476' title='bbox 2240 4588 2310 4649; x_wconf 86' lang='lat'><strong>11,</strong></span> <span class='ocrx_word' id='word_1_477' title='bbox 2341 4591 2420 4637; x_wconf 87' lang='grc'><strong>12.</strong></span> <span class='ocrx_word' id='word_1_478' title='bbox 2447 4588 2592 4653; x_wconf 87' lang='lat' dir='ltr'><strong>apud</strong></span> <span class='ocrx_word' id='word_1_479' title='bbox 2621 4588 2757 4639; x_wconf 84' lang='lat' dir='ltr'><strong>Gall.</strong></span> <span class='ocrx_word' id='word_1_480' title='bbox 2787 4586 2894 4649; x_wconf 85' lang='lat' dir='ltr'><strong>VII,</strong></span> <span class='ocrx_word' id='word_1_481' title='bbox 2918 4588 3022 4634; x_wconf 80' lang='lat'><strong>695.</strong></span> 
     </span>
    </p>
   </div>
  </div>
 </body>
</html>
