3267 5259
576 450 665 515 44
1256 462 1380 505 nist.
1409 464 1516 507 Rev.
1546 463 1636 505 div.
1667 464 1720 507 N.
1744 464 1794 505 Τ.
1823 464 1992 507 Period.
2021 464 2056 506 1.
2075 476 2170 518 cap.
2199 465 2395 517 prinum.

586 638 851 722 copiose
898 637 1086 700 simul
1133 646 1198 701 et
1243 637 1461 703 divine
1508 638 1732 703 docuit
1777 661 1924 703 eum
1971 638 2053 703 de
2109 648 2265 727 typo
2321 642 2645 726 serpentis
2689 644 2878 705 aenei
2905 646 2948 724 ¹,
2999 640 3080 705 de

578 748 731 813 fidei
754 750 1143 814 necessitate
1171 759 1236 813 et
1266 748 1560 833 utilitate,
1586 749 1870 837 denique
1903 750 1984 816 de
2007 774 2226 839 poena
2253 752 2648 817 infidelitatis
2660 755 2703 817 ².
2753 752 3081 839 Septiduo

578 860 871 947 paschali
918 861 1139 947 elapso
1184 861 1227 927 J
1232 884 1381 927 esus
1426 862 1758 947 digressus
1799 862 2273 950 Hierosolymis
2313 866 2380 929 in
2419 888 2648 951 agrum
2693 868 3082 952 provinciae

576 973 875 1039 Judaeae
896 978 940 1058 ³,
983 973 1395 1061 baptizabat3
1444 996 1818 1061 quanquam
1849 998 1980 1040 non
2021 977 2318 1063 ipsemet,
2361 977 2480 1043 sed
2525 978 2824 1067 discipuli
2871 980 3020 1044 eius
3039 983 3080 1042 ⁴.

788 1188 1040 1255 Diymsio
1086 1187 1157 1239 ad
1190 1188 1374 1241 Joann.
1412 1188 1464 1236 2.
1490 1189 1533 1246 1,
1582 1206 1620 1239 s.
1659 1188 1922 1258 Deficiente
1968 1188 2179 1241 convivis
2225 1190 2339 1240 vino
2375 1190 2553 1241 Maria
2597 1207 2658 1241 ea
2703 1190 2764 1241 de
2811 1208 2866 1241 re
2903 1190 3082 1243 Jesum

574 1280 761 1331 monet,
808 1292 843 1325 a
887 1292 983 1343 quo
1026 1293 1307 1345 responsum
1354 1276 1536 1344 aceepit
1574 1276 1728 1343 „quid
1763 1275 1886 1325 mihi
1919 1282 1964 1326 et
1999 1274 2090 1325 tibi
2121 1280 2203 1335 est,
2239 1276 2450 1327 mulier!
2495 1276 2720 1327 nondum
2767 1278 2904 1328 venit
2953 1277 3081 1328 hora

574 1363 732 1413 παῖ*
787 1360 1103 1427 Priusquam
1142 1361 1461 1411 calumniam
1498 1363 1697 1427 optimo
1735 1360 2063 1411 castissimae
2099 1360 2287 1411 Matris
2323 1360 2461 1411 Filio
2498 1364 2781 1427 impactam
2822 1364 3081 1427 reprime-

575 1462 769 1509 remus,
802 1449 857 1495 in
896 1448 1155 1513 quasdam
1190 1449 1511 1498 narrationis
1548 1448 1978 1497 circumstantias
2015 1448 2360 1513 inquiramus.
2409 1448 2518 1497 Ubi
2553 1450 2730 1497 statim
2767 1450 3081 1515 expenden-

576 1534 699 1583 dum
739 1539 834 1595 est,
874 1550 967 1583 eur
1003 1536 1057 1585 in
1094 1534 1176 1585 his
1214 1536 1412 1601 nuptiis
1449 1537 1559 1583 vini
1596 1536 1824 1600 penuria
1859 1536 2239 1585 intervenerit?
2275 1533 2454 1585 Causa
2491 1534 2648 1585 huius
2685 1534 2933 1585 defectus
2971 1552 3082 1585 non

578 1620 701 1669 inde
738 1620 1046 1682 derivanda,
1076 1622 1218 1687 quod
1248 1621 1547 1685 largissime
1579 1637 1644 1669 eo
1668 1626 1945 1671 uterentur
1970 1622 2256 1683 convivae3
2295 1621 2388 1671 sed
2415 1621 2550 1670 forte
2577 1626 2787 1686 egestas
2813 1638 3080 1671 novorum

581 1707 895 1771 coniugum,
936 1708 1024 1773 qui
1070 1724 1189 1757 cum
1239 1714 1419 1757 essent
1463 1722 1755 1774 pauperes,
1803 1708 2064 1757 modicam
2102 1709 2210 1757 vini
2263 1709 2468 1772 copiam
2516 1715 2990 1770 comparaverant,
3031 1714 3085 1757 et

578 1794 713 1843 adeo
768 1795 1009 1859 pluribus
1066 1810 1131 1844 ac
1184 1796 1387 1861 opinati
1450 1801 1603 1844 erant
1663 1795 2054 1845 confluentibus
2115 1796 2218 1844 iam
2281 1800 2626 1844 consumtam.
2699 1795 2826 1843 Vini
2888 1797 3080 1861 inopia

578 1883 915 1931 occasionem
944 1882 1323 1945 suppeditabat
1352 1883 1649 1947 Deiparae,
1689 1888 1749 1932 ut
1781 1882 1952 1931 adiret
1991 1882 2380 1931 sanctissimum
2413 1897 2567 1931 suum
2597 1882 2812 1943 Filium,
2845 1898 3082 1947 eumque

574 1967 657 2017 his
706 1968 1051 2033 compellaret
1085 1969 1262 2018 verbis
1301 1970 1513 2031 „vinum
1552 1985 1661 2018 non
1715 1970 1964 2018 habent“.
2037 1968 2252 2017 Dictum
2297 1968 2427 2030 hoc,
2476 1968 2603 2017 licet
2647 1970 2816 2034 primo
2867 1970 3080 2031 obtutu,

574 2054 774 2104 nudum
824 2056 1153 2120 praeseferat
1210 2054 1449 2105 defectus
1510 2057 1621 2104 vini
1669 2054 1948 2118 indicium;
1999 2060 2174 2103 tamen
2231 2070 2295 2103 ex
2345 2056 2638 2105 intentione
2682 2054 2892 2105 Mariae
2941 2056 3082 2107 desi-

576 2140 778 2190 derium
827 2141 1071 2207 aliquod,
1112 2148 1167 2191 et
1200 2144 1421 2207 petitum
1468 2144 1693 2207 aperuit.
1763 2142 2128 2206 Exspectabat
2165 2142 2326 2205 Virgo
2371 2142 2520 2191 iussa
2569 2141 2764 2191 Christi
2814 2142 2886 2191 ad
2925 2158 3080 2207 prae·

574 2232 778 2277 sentem
814 2231 1187 2279 necessitatem
1224 2228 1607 2278 sublevandam
1647 2228 1856 2278 idonea.
1919 2228 2174 2277 Genitrici
2225 2228 2390 2293 probe
2437 2230 2706 2293 cognitum
2745 2230 2850 2277 fuit
2887 2229 3078 2279 Jesnm

572 2330 681 2363 non
716 2318 921 2363 tantum
958 2331 1076 2365 esse
1114 2314 1278 2364 fllium
1318 2331 1487 2377 suum,
1522 2316 1615 2363 sed
1655 2321 1708 2363 et
1743 2314 1936 2364 Filium
1976 2316 2094 2377 Dei,
2125 2316 2414 2380 mundique
2442 2316 2787 2365 Salvatorem.
2837 2316 2904 2365 Id
2939 2318 3080 2365 enim

574 2416 683 2449 non
727 2407 939 2466 poterat
974 2418 1081 2451 non
1118 2406 1363 2451 constare
1400 2418 1463 2451 ex
1501 2402 1795 2451 illustribus
1833 2402 2162 2463 testimoniis,
2203 2416 2340 2466 quae
2377 2401 2444 2451 de
2480 2402 2613 2453 «Iesu
2647 2402 2861 2465 Angeli,
2899 2404 3078 2452 Elisa-

574 2486 763 2548 betha,
804 2488 1118 2549 Zacharias,
1162 2494 1430 2553 pastores,
1468 2487 1640 2553 Magi,
1679 2487 1892 2536 Simeon
1943 2493 1997 2536 et
2041 2487 2198 2537 Anna
2247 2487 2551 2537 attulerant.
2625 2488 2794 2553 quue
2847 2491 3078 2538 maxime

576 2574 720 2639 quod
764 2574 825 2624 B.
860 2575 924 2623 V.
962 2574 1134 2624 Maria
1183 2577 1361 2624 omnia
1405 2576 1509 2625 ista
1554 2575 1721 2623 verba
1767 2573 1886 2623 coll.
1926 2574 2058 2623 Luc.
2096 2576 2145 2636 2,
2185 2576 2267 2625 19.
2311 2574 2594 2624 contulerit
2635 2590 2756 2624 cum
2803 2577 3077 2625 vaticiniis

578 2660 955 2725 prophetarum
1000 2662 1063 2711 V.
1100 2662 1161 2710 T.
1200 2661 1453 2711 Iniuria-m
1502 2662 1631 2710 facit
1685 2660 2034 2709 Beatissimae
2081 2660 2313 2725 Virgini,
2363 2662 2452 2726 qui
2489 2676 2692 2724 preces,
2750 2662 2954 2726 quibus
3009 2662 3078 2711 ad

572 2748 943 2797 necessitatem
964 2750 1147 2813 sponsi
1166 2748 1411 2809 advertit,
1427 2747 1589 2797 laude
1608 2747 1964 2796 defraudaret.
1987 2746 2362 2810 Praeseferunt
2379 2749 2515 2796 istae
2533 2762 2721 2812 preces
2740 2764 2780 2797 s.
2797 2748 3076 2814 Deiparae

575 2846 703 2897 erga
756 2834 1120 2898 neonymphos
1176 2848 1436 2895 amorem,
1494 2848 1720 2899 quorum
1773 2832 1960 2882 honori
2015 2834 2359 2894 consulebat,
2421 2832 2754 2899 praeclaram
2815 2850 2972 2901 spem
3025 2842 3076 2885 et

574 3083 771 3135 aquam
804 3083 984 3117 veram
1012 3072 1065 3117 et
1090 3070 1385 3119 naturalem
1414 3084 1523 3119 non
1552 3084 1670 3119 esse
1695 3068 1762 3117 de
1789 3069 2108 3118 necessitate
2139 3068 2412 3133 baptismi,
2441 3072 2602 3133 atque
2627 3068 2748 3117 ideo
2781 3070 2959 3118 verba
2981 3069 3076 3119 illa

570 3156 787 3207 Domini
822 3158 989 3206 nostri
1012 3155 1147 3205 Jesu
1174 3154 1396 3205 Christi:
1436 3156 1551 3205 Nisi
1587 3156 1706 3220 quis
1732 3160 1949 3205 renatus
1983 3155 2144 3204 fuerit
2167 3170 2233 3203 ex
2257 3168 2402 3219 aqua
2427 3160 2482 3204 et
2511 3154 2712 3220 Spiritu
2743 3161 2968 3220 sanct03
3009 3156 3075 3205 ad

572 3242 935 3308 metaphoram
970 3243 1205 3308 aliquam
1230 3242 1533 3305 detorserit,
1561 3242 1848 3293 anathema
1881 3243 2000 3292 sit.“
2023 3268 2088 3278 —
2107 3242 2429 3307 baptismum
2453 3257 2572 3292 esse
2605 3244 2976 3292 necessarium
3007 3242 3074 3291 ad

578 3330 832 3392 salutem,
872 3336 1033 3396 atque
1070 3331 1333 3379 neminem
1368 3331 1423 3379 in
1460 3344 1682 3395 regnum
1720 3329 1990 3379 coelorum
2033 3328 2238 3395 ingredi
2281 3344 2438 3393 posse
2475 3330 2577 3379 nisi
2613 3344 2710 3393 per
2745 3329 3074 3395 baptismum

575 3417 803 3468 fluminis
838 3422 1173 3479 renascatur,
1209 3416 1295 3465 vel
1330 3416 1557 3465 flaminis
1592 3415 1681 3465 vel
1719 3418 2008 3481 sanguinis.
2057 3417 2185 3465 Tria
2221 3416 2360 3465 enim
2396 3414 2532 3465 haec
2569 3416 2913 3480 baptismatis
2951 3422 3074 3467 sunt

569 3518 767 3569 genera
804 3509 866 3553 ut
905 3505 1063 3555 docet
1104 3503 1153 3553 d.
1189 3503 1422 3553 Thomas
1456 3503 1555 3552 111.
1582 3504 1673 3564 66,
1703 3504 1784 3552 11.
1833 3503 1934 3565 XI,
1976 3504 2092 3551 165.
2130 3518 2173 3552 s.
2232 3502 2316 3551 Ex
2363 3518 2470 3567 quo
2507 3518 2692 3553 rursus
2729 3503 3070 3569 intelligitur,

572 3594 779 3639 tantum
812 3592 1002 3641 abesse
1035 3594 1096 3639 ut
1131 3606 1315 3640 verum
1348 3592 1418 3640 sit
1452 3590 1595 3655 quod
1627 3590 1691 3639 A.
1724 3590 1918 3651 Maier,
1948 3589 2146 3639 Comm.
2183 3594 2236 3639 ii.
2273 3589 2323 3639 d.
2349 3590 2449 3639 Ev.
2475 3590 2674 3639 Joann.
2709 3590 2760 3652 1,
2787 3592 2912 3641 291.
2951 3596 3073 3657 post

571 3678 881 3742 Lampeum‚
908 3677 1033 3727 diss.
1061 3676 1126 3727 de
1146 3678 1487 3741 generatione
1514 3692 1579 3726 ex
1606 3690 1752 3743 aqua
1777 3682 1830 3726 et
1853 3677 2057 3741 spiritu,
2083 3678 2140 3725 in
2166 3681 2304 3740 synt.
2331 3676 2456 3726 diss.
2483 3676 2546 3727 V.
2573 3692 2624 3741 p.
2653 3678 2736 3725 92.
2763 3694 2805 3727 s.
2839 3680 3071 3743 scripsit,

570 3780 763 3814 nomen
798 3779 973 3829 aquae
1008 3764 1043 3813 l.
1070 3780 1115 3813 c.
1152 3780 1257 3813 non
1292 3778 1487 3829 aquam
1524 3763 1896 3829 baptismalem
1933 3761 2256 3829 significare,
2295 3768 2348 3813 et
2385 3762 2648 3813 Christum
2675 3778 2783 3812 non
2812 3764 2966 3829 loqui
3002 3765 3068 3813 de

570 3852 859 3917 baptism0,
894 3852 989 3901 sed
1024 3852 1091 3900 de
1128 3852 1531 3916 regeneratione
1568 3866 1708 3915 quae
1743 3856 1960 3915 purgat;
1991 3854 2050 3899 ut
2083 3850 2472 3915 quodammodo
2504 3849 2584 3899 illi
2619 3850 2814 3899 canoni
2842 3849 3070 3900 Concilii

570 3938 865 3989 Tridentini
914 3940 1007 4003 qui
1052 3943 1231 3988 tamen
1285 3936 1647 3987 authenticsfln
1689 3953 1876 3987 sensus
1914 3952 2108 4001 „quem
2149 3938 2321 3985 tenuit
2367 3942 2420 3985 et
2467 3941 2615 3986 tenet
2661 3940 2853 3985 sancta
2901 3942 3072 3987 mater

568 4026 834 4088 Ecclesia,
850 4026 1001 4075 cuius
1022 4030 1105 4075 est
1120 4025 1357 4074 iudicare.
1379 4024 1445 4073 de
1457 4040 1584 4074 vero
1604 4039 1766 4075 sensu
1788 4030 1840 4073 et
1857 4024 2292 4088 interpretatione
2313 4022 2702 4088 Scripturarum
2722 4026 3070 4073 sanctarum‘*

571 4114 1001 4178 explanationem
1038 4113 1300 4173 eontinet,
1340 4113 1407 4160 sit
1443 4112 1714 4176 opposita!
1773 4111 1892 4171 Qua
1929 4111 2088 4160 etiam
2125 4112 2331 4159 ratione
2369 4116 2424 4159 et
2459 4109 2636 4159 verbis
2673 4115 2728 4158 et
2763 4112 3066 4159 sententiae

568 4216 619 4248 v.
664 4202 711 4249 5.
732 4190 737 4197 ¹
756 4200 836 4251 vis
870 4200 1142 4260 inferatur,
1194 4213 1301 4248 non
1352 4204 1433 4248 est
1480 4198 1622 4263 quod
1673 4212 1996 4246 moneamus.
2065 4196 2190 4246 Sine
2239 4197 2402 4246 dubio
2453 4201 2628 4246 autem
2677 4202 2880 4246 rectam
2933 4200 3068 4245 viam

568 4286 789 4350 ingressi
822 4290 975 4335 sunt:
1022 4286 1076 4335 J.
1102 4285 1284 4347 Lund,
1320 4284 1652 4350 spicilegium
1686 4283 1837 4333 ench.
1873 4300 2019 4349 exeg.
2051 4285 2107 4334 in
2131 4284 2195 4333 N.
2223 4284 2284 4333 T.
2311 4283 2488 4333 Havn.
2520 4285 2668 4334 1802.
2703 4300 2755 4348 p.
2791 4286 2878 4333 29.
2905 4289 3070 4349 atque

569 4370 621 4419 J.
632 4385 739 4420 van
760 4372 947 4434 Assen,
961 4373 1050 4423 l.s.
1066 4388 1111 4421 c.
1124 4388 1175 4437 p.
1191 4374 1273 4421 29.
1294 4371 1722 4435 Hengstenberg,
1744 4370 1794 4419 d.
1811 4371 2020 4435 Evang.
2041 4370 2092 4419 d.
2118 4370 2169 4420 h.
2191 4370 2315 4420 Joh.
2335 4370 2477 4420 Berl.
2500 4372 2649 4420 1861.
2664 4369 2707 4418 Ι.
2727 4370 2860 4431 186.,
2883 4386 3068 4419 omnes

570 4472 599 4507 e
614 4459 1125 4523 coetuinterpretum
1140 4457 1573 4519 acatholicorum,
1588 4458 1678 4521 qui
1691 4453 1826 4522 ὕδωρ
1839 4456 1904 4505 de
1918 4458 2319 4520 regeneratione
2333 4472 2429 4521 per
2443 4457 2763 4521 baptismum
2777 4456 3066 4521 accipiunt.

780 4552 816 4615 ¹)
855 4553 917 4600 L.
944 4552 1013 4601 Η.
1038 4552 1101 4601 Β..
1122 4552 1189 4603 D.
1214 4552 1277 4601 V.
1304 4552 1365 4601 Τ.
1392 4569 1442 4617 p.
1474 4553 1589 4601 126.
1619 4550 1661 4613 ²)
1699 4550 1896 4599 Joann.
1917 4554 1966 4613 3,
1999 4552 2180 4600 1-21,
2209 4550 2250 4610 ³)
2288 4551 2352 4599 V.
2388 4552 2512 4600 Not.
2539 4550 2732 4615 Geogr.
2761 4566 2812 4617 p.
2841 4550 3066 4601 XLVII.

567 4638 765 4688 LVIII.
818 4640 859 4703 ⁴)
898 4638 973 4688 Ut
996 4637 1189 4687 dicitur
1214 4638 1409 4689 Joann.
1437 4639 1486 4701 4,
1514 4641 1563 4689 2.
