3267 5259
572 349 801 403 LXVIII
1405 366 1652 417 App-ntus
1681 363 1899 407 Historico
1917 389 1966 397 —
1982 362 2232 407 Chronicus.

574 542 893 593 beneficium
930 543 1171 594 ultimum
1210 550 1465 609 tanquam
1504 558 1722 593 causam
1761 544 2076 609 respiciunt,
2125 558 2343 609 nempe:
2395 542 2783 593 Unctionem
2837 540 3064 591 Sancti

572 631 1009 695 Sanctorum3
1062 630 1326 682 Christi
1362 630 1858 693 Dei-hominis,
1909 631 2110 696 quippe
2158 644 2192 680 a
2240 644 2350 696 qua
2395 631 2574 680 omnia
2621 632 2765 681 bona
2801 631 3066 692 promissa

570 718 890 785 dependent.
964 719 1157 769 Unctio
1208 719 1393 769 Sancti
1442 718 1760 769 Sanctorum
1812 718 1880 768 ad
1927 718 2134 768 literam
2183 733 2290 767 non
2341 722 2422 768 est
2467 716 2812 783 accipienda3
2861 716 2960 767 sed
3011 718 3064 764 in

572 808 877 857 universum
914 805 1207 872 sig-nificat:
1255 806 1529 856 solennem
1574 806 2042 871 inaugurationem
2079 804 2277 855 Christi
2311 808 2372 854 ut
2405 804 2653 856 Messias.
2709 802 2847 854 Coll.
2885 803 2974 852 Ps.
3015 804 3063 865 2,

570 896 619 942 2.
646 895 695 942 6.
742 893 867 943 lsai.
894 895 979 955 61,
1008 896 1053 944 1.
1104 894 1237 943 Luc.
1264 895 1313 953 3,
1340 895 1423 943 23.
1470 893 1631 943 Hebr.
1663 896 1707 955 1,
1735 895 1782 943 9.
1821 893 1884 943 V.
1915 892 1985 942 H.
2009 893 2074 942 R.
2099 893 2167 942 D.
2191 892 2256 942 N.
2283 892 2346 941 Τ.
2372 909 2422 957 p.
2449 894 2532 941 24.
2583 891 2722 941 Hinc
2747 890 2934 956 liquet,
2961 890 3066 940 hoc

568 981 879 1029 vaticinium
904 979 1036 1030 nihil
1060 979 1191 1031 nisi:
1230 979 1507 1029 salutem
1546 985 1740 1045 atque
1764 978 2235 1045 Evangelicam
2275 978 2638 1029 doctrinam
2665 980 2720 1027 in
2745 976 3062 1042 compendio

568 1082 881 1133 proponere.
932 1067 1069 1116 Nam
1094 1082 1269 1132 neque
1292 1071 1374 1117 tot
1396 1071 1658 1132 tantaque
1682 1067 1839 1129 bona,
1868 1081 2008 1133 quae
2031 1066 2118 1115 hic
2143 1071 2516 1129 memorantur,
2543 1064 2680 1115 alius
2705 1066 2810 1115 nisi
2834 1064 3064 1114 Messias

568 1159 844 1218 praestare
880 1159 1117 1219 poterat3
1156 1168 1383 1219 eumque
1421 1152 1555 1203 talia
1590 1158 1983 1219 praestaturum
2021 1169 2203 1204 omnes
2241 1152 2544 1219 Prophetae
2579 1151 2980 1218 praedixerunt.

778 1242 869 1292 43.
906 1242 1061 1293 Ratio
1096 1241 1324 1292 redditu-r
1358 1241 1582 1292 sectionis}
1618 1240 1980 1293 hebdomadum
2013 1242 2070 1292 in
2105 1248 2295 1310 septem,
2332 1242 2592 1308 seaeayinta
2625 1241 2768 1298 duas,
2805 1246 2852 1291 et
2885 1256 3062 1290 unam.

574 1328 815 1378 Dederat
849 1328 1125 1392 hucusque
1159 1327 1395 1392 Angelus
1422 1325 1786 1377 definitionem
1823 1328 1972 1378 Lxx
2009 1327 2399 1377 hebdomadum
2435 1326 2738 1392 generalem
2769 1340 3064 1390 earumque

570 1420 794 1466 eventus
833 1421 885 1464 et
922 1429 1155 1480 scopum.
1218 1414 1372 1465 Nunc
1409 1420 1587 1464 autem
1623 1431 1676 1465 V.
1713 1416 1797 1464 25.
1847 1414 2110 1480 speciales
2156 1414 2426 1464 intervalli
2471 1414 2724 1463 terminos
2769 1427 3062 1477 eorumque

568 1502 725 1567 signa
760 1516 1008 1551 enarrare
1044 1501 1247 1565 incipit,
1283 1500 1514 1566 ideoque
1538 1500 1820 1551 Danielem
1847 1500 1915 1551 ad
1953 1502 2300 1551 attentionem
2337 1502 2575 1551 excitans
2601 1501 2656 1549 in
2681 1500 3063 1565 sequentibus:

568 1594 821 1653 partem
881 1586 1233 1637 intervalli
1292 1588 1561 1652 primam
1610 1589 1722 1639 suis
1771 1589 2008 1638 terminis
2057 1587 2268 1651 definit3
2317 1586 2510 1638 deinde
2557 1602 2642 1637 res
2689 1590 2953 1637 monstrat
3007 1587 3062 1635 in

568 1675 665 1725 illa
700 1680 1001 1725 eventuras.
1063 1675 1405 1725 Terminus
1442 1690 1477 1725 a
1513 1690 1636 1741 quo
1675 1676 1864 1741 prioris
1901 1674 2170 1725 intervalli
2207 1678 2313 1725 est:
2355 1676 2526 1725 exitus
2563 1674 2738 1736 verbi,
2789 1672 3062 1723 emanatio

570 1761 767 1811 decreti
794 1790 859 1798 —
884 1762 1007 1813 coll.
1032 1762 1075 1811 Ι.
1102 1762 1231 1827 Reg.
1260 1765 1341 1825 15,
1368 1764 1451 1811 23.
1492 1764 1572 1825 17,
1600 1764 1682 1812 29.
1733 1763 1820 1812 Ps.
1847 1764 1932 1823 88,
1959 1765 2040 1813 36.
2085 1762 2282 1813 Jerem.
2311 1764 2392 1825 17,
2422 1764 2501 1812 16.
2550 1760 2704 1813 Esth.
2731 1764 2778 1823 1,
2806 1763 2889 1811 19.
2916 1789 2981 1797 —
3013 1766 3065 1811 et

568 1850 1011 1915 promulgatio
1050 1849 1125 1900 de
1163 1850 1360 1900 Urbis
1396 1849 1770 1899 Jerusalem
1805 1850 2313 1899 instauratione.
2379 1850 2724 1899 Terminus
2759 1848 2838 1898 ad
2875 1864 3062 1914 quem

569 1937 761 2001 prioris
795 1936 1065 1985 intervalli
1102 1940 1209 1985 est:
1264 1936 1559 1987 Messias
1606 1937 1952 2001 princeps.
2025 1936 2148 1987 Non
2191 1937 2386 1987 erimus
2421 1935 2574 1985 multi
2607 1936 2663 1985 in
2701 1934 3064 2000 explicatione

564 2023 793 2073 nominis
829 2022 1078 2085 Messias,
1116 2038 1237 2073 cum
1272 2024 1406 2073 ratio
1446 2023 1603 2072 huius
1639 2022 2016 2089 adpellationis
2051 2024 2106 2073 in
2150 2023 2517 2089 disquisitione
2558 2022 2656 2083 „de
2691 2022 2824 2071 Jesu
2863 2022 3064 2071 Christi

566 2111 871 2159 nominibus
894 2112 950 2159 in
976 2111 1038 2161 N.
1067 2110 1127 2161 Τ.
1156 2110 1359 2161 obviis“
1388 2126 1439 2175 p.
1468 2111 1584 2160 198.
1608 2124 1653 2160 s.
1686 2109 1905 2176 copiose
1929 2124 1962 2159 a
1985 2111 2142 2161 nobis
2168 2114 2418 2160 enarrata
2441 2108 2612 2159 fuerit.
2664 2109 3064 2169 Quaerentibus

567 2202 747 2247 autem
772 2197 1061 2247 Personam
1098 2196 1259 2259 illam,
1296 2211 1435 2262 quae
1461 2196 1562 2248 hoc
1587 2212 1782 2247 nomen
1806 2198 2038 2247 Messiae
2075 2197 2329 2263 principis
2367 2197 2530 2263 gerit,
2567 2198 2750 2245 variae
2776 2209 2810 2243 a
2835 2197 3063 2261 scripto-

565 2283 713 2333 ribus
752 2283 1055 2334 christianis
1093 2298 1263 2349 aeque
1301 2298 1367 2333 ac
1402 2283 1629 2334 iudaicis
1666 2283 1962 2334 afferuntur
1999 2298 2275 2349 personae.
2331 2283 2492 2334 Tales
2530 2282 2742 2349 quidem
2779 2284 3062 2343 sistuntur,

568 2384 707 2435 quae
732 2386 917 2421 omnes
942 2386 1052 2421 non
1071 2370 1339 2437 quadrant
1354 2372 1411 2420 in
1430 2371 1746 2433 subiectum,
1774 2371 1841 2421 de
1861 2386 1966 2437 quo
1987 2371 2224 2436 loquitur
2241 2371 2454 2421 Daniel.
2489 2371 2779 2421 Enimvero
2805 2370 2892 2420 vel
2921 2372 3062 2421 eius·

566 2456 711 2507 modi
736 2474 855 2509 esse
880 2459 1231 2524 reperiuntur,
1264 2458 1459 2524 quibus
1487 2459 1666 2509 unctio
1693 2474 1800 2507 non
1823 2462 2002 2523 potest
2025 2457 2313 2523 applicari;
2351 2455 2438 2507 vel
2464 2470 2602 2522 quae
2629 2473 2750 2507 cum
2773 2472 2906 2507 vera
2929 2464 3065 2507 tem-

566 2560 759 2609 porum
794 2546 1175 2611 supputatione
1213 2552 1471 2611 pugnant.
1522 2544 1580 2593 Si
1602 2546 1788 2612 itaque
1823 2546 1880 2595 in
1903 2544 2043 2595 hanc
2081 2544 2420 2610 disquiritur:
2459 2544 2640 2594 nullus
2675 2544 2813 2595 alius
2845 2550 3064 2611 praeter

565 2631 604 2681 J
612 2647 789 2682 esum
823 2632 1149 2695 Messiam,
1174 2632 1459 2683 Dominum
1486 2633 1755 2695 Nostrum,
1787 2632 2066 2683 Ecclesiae
2091 2637 2257 2697 caput
2281 2638 2333 2682 et
2355 2632 2649 2698 principem
2672 2638 2850 2697 potest
2877 2634 3064 2683 statui.

568 2716 703 2769 Coll.
730 2719 841 2769 Isai
864 2722 915 2781 9,
942 2721 990 2769 6.
1028 2722 1110 2784 55,
1150 2722 1199 2769 3.
1225 2722 1275 2771 4.
1324 2719 1485 2770 Mich.
1524 2722 1571 2781 5,
1611 2722 1661 2770 2.
1708 2720 1826 2769 Act.
1865 2722 1913 2781 2,
1951 2722 2036 2770 36.
2096 2719 2254 2769 Patet
2288 2718 2391 2769 hoc
2427 2734 2495 2769 ex
2529 2719 2972 2771 antecedentibus
3011 2725 3068 2769 et

568 2807 1045 2871 consequentibus,
1085 2822 1223 2872 quae
1250 2807 1317 2858 ad
1345 2807 1509 2857 alium
1546 2808 1651 2857 nisi
1684 2806 1950 2858 Christum
1987 2807 2172 2857 referri
2209 2806 2357 2857 nullo
2395 2805 2552 2857 modo
2591 2812 2834 2873 possunt.
2885 2807 3066 2858 Versi-

568 2892 691 2942 culo
738 2896 839 2955 24„
891 2894 983 2959 qui
1028 2894 1435 2959 praecedentem
1481 2896 1565 2944 23.
1611 2894 1882 2955 enucleat,
1928 2893 2148 2944 indubie
2193 2898 2516 2945 monstratur
2555 2895 2752 2964 „ww
2762 2890 2897 2961 τάξι-ῤ’·
2951 2910 3064 2945 non

575 3004 691 3038 esse
729 2986 1129 3039 Sanctissimum
1166 2987 1343 3041 locum
1378 2989 1561 3056 templi
1595 2989 2100 3054 Hierosolymitani3
2137 3004 2264 3039 nam
2297 2990 2390 3040 ubi
2416 2988 2482 3039 de
2513 2990 2710 3055 templo
2746 3004 2921 3040 senno
2961 2998 3064 3053 est,

567 3090 677 3124 non
710 3076 1015 3141 ungendum
1042 3075 1135 3127 sed
1166 3076 1509 3127 evertendum
1534 3076 1741 3139 dicitur,
1775 3076 2016 3142 illudque
2043 3077 2346 3127 nominibus
2375 3074 2568 3146 „ww-33
2597 3080 2708 3145 *723⁸
2739 3076 3064 3143 adpellatur.

567 3170 753 3235 Neque
780 3171 1064 3234 Historiae,
1104 3186 1243 3238 quae
1267 3172 1521 3223 Vaticinii
1557 3172 1712 3223 huius
1739 3176 1986 3222 eventum
2013 3172 2254 3223 referunt
2277 3174 2544 3224 unctionis
2573 3173 2782 3238 Templi
2807 3174 3064 3223 memine-

570 3262 707 3308 runt.
744 3260 992 3324 Denique
1018 3260 1146 3325 quia
1168 3260 1363 3310 LXIX.
1389 3259 1750 3310 hebdomades
1775 3260 1886 3310 labi
1911 3259 2160 3310 dicuntur
2195 3276 2401 3327 usque
2438 3260 2517 3310 ad
2540 3261 2845 3311 Messiam
2881 3260 3060 3326 prin-

568 3346 809 3411 cipem3
870 3344 1179 3411 praefinitus
1234 3347 1485 3411 temporis
1538 3347 1796 3397 terminus
1849 3346 2084 3396 incidere
2139 3346 2300 3397 debet
2349 3347 2408 3397 in
2459 3348 2669 3397 initium
2722 3348 3064 3413 principatus

564 3432 814 3482 Messiae.
876 3430 1245 3499 septenarium
1282 3434 1507 3499 primum
1544 3449 1686 3483 nunc
1723 3434 1996 3499 excipiunt
2031 3434 2171 3485 aliae
2216 3433 2658 3485 hebdomades
2701 3436 3068 3499 sexaginta

568 3518 769 3582 duae3
821 3534 959 3585 quae
1008 3520 1339 3587 septenarios
1378 3520 1712 3571 continerent
1757 3536 1976 3585 novem3
2026 3520 2184 3572 modo
2231 3522 2396 3571 unica
2441 3520 2618 3571 adhuc
2664 3521 2874 3572 adiecta
2917 3529 3068 3573 esset

568 3607 894 3670 septimana,
955 3620 1093 3672 quae
1148 3606 1485 3673 abrogationi
1543 3608 1926 3658 sacrificiorum
1986 3608 2212 3673 aliisque
2265 3610 2424 3658 rebus
2485 3608 2808 3674 assignanda
2863 3608 3067 3659 fuerat.

565 3692 741 3757 Atque
766 3693 853 3742 hic
876 3692 1115 3743 notanda
1139 3696 1387 3757 veniunt3
1414 3694 1734 3745 instauratio
1760 3695 1972 3744 aedium
2005 3699 2060 3744 et
2081 3710 2367 3758 murorum,
2405 3710 2564 3760 quam
2589 3698 2638 3757 9,
2667 3696 2749 3745 12.
2776 3697 2857 3746 16.
2887 3696 3067 3747 18.19.

567 3784 719 3829 vates
756 3780 1005 3845 precibus
1044 3780 1259 3831 fervidis
1297 3781 1711 3846 efflagitaverat3
1749 3786 1804 3831 et
1839 3780 2133 3832 adversitas
2170 3798 2279 3832 non
2315 3796 2426 3832 una
2449 3782 2506 3831 in
2528 3780 2632 3832 hac
2667 3780 3066 3833 aedificatione.

567 3866 753 3916 Altera
797 3881 923 3933 pars
960 3882 1025 3917 ex
1062 3867 1324 3918 divisione
1368 3868 1535 3918 Lxx.
1574 3868 1968 3919 hebdomadum
2004 3874 2146 3931 orta,
2191 3871 2368 3935 priore
2403 3868 2618 3935 quidem
2658 3868 2820 3935 longe
2853 3871 3066 3934 minor3

571 3958 803 4005 attamen
843 3955 1123 4005 eventibus
1160 3954 1415 4005 illustrior
1450 3960 1547 4006 est.
1595 3955 1908 4006 Absolvitur
1943 3961 2121 4007 autem
2157 3958 2354 4023 unica
2389 3955 2818 4019 hebdomade,
2855 3957 2912 4007 in
2953 3974 3070 4023 qua

572 4040 816 4093 Christus
854 4058 903 4091 v.
930 4044 1014 4092 26.
1052 4042 1246 4092 dicitur
1282 4043 1503 4092 exscin
1518 4042 1791 4104 dendus,
1831 4044 1944 4093 sive
1979 4042 2217 4093 violenta
2254 4048 2420 4093 morte
2446 4042 2800 4107 occidendus3
2838 4050 3070 4111 propter

567 4129 712 4193 quod
744 4130 975 4179 immane
1012 4128 1187 4181 scelus
1224 4144 1421 4195 magna
1454 4129 1596 4180 mala
1631 4129 1858 4181 Judaeis
1895 4131 2219 4195 contingent.
2283 4130 2424 4180 Urbs
2460 4130 2760 4180 Jerusalem
2798 4130 3070 4183 hactenus

567 4216 890 4278 instaurata,
938 4218 1101 4282 inque
1137 4216 1506 4267 Redemtorem
1542 4218 1932 4283 ingratissima:
1983 4222 2144 4283 atque
2193 4216 2568 4267 Sanctuarium
2614 4217 2858 4280 Domini,
2909 4220 3068 4270 cuius

568 4317 735 4353 causa
758 4308 867 4353 tam
894 4304 1144 4355 ardenter
1168 4306 1499 4369 ingemuerat
1528 4304 1739 4367 Daniel,
1779 4310 2085 4370 reparatum
2123 4304 2464 4355 evertendum
2501 4310 2598 4356 est.
2645 4304 3068 4356 instrumentum

568 4389 724 4438 huius
762 4390 1107 4441 desolationis
1150 4397 1261 4441 est:
1307 4392 1623 4457 „populus
1661 4392 1850 4441 ducis
1886 4393 2198 4442 venturi.“
2261 4393 2408 4442 Voce
2445 4391 2630 4443 ducis
2669 4408 2777 4444 non
2815 4392 3068 4443 Christus

567 4476 829 4537 innuitur,
882 4476 977 4526 sed
1024 4477 1161 4528 alius
1211 4480 1522 4543 quisquam3
1573 4480 1666 4544 qui
1702 4478 1822 4529 ideo
1861 4480 1966 4529 dux
2008 4485 2291 4541 venturus,
2343 4479 2554 4529 advena
2601 4482 2855 4543 vocatur,
2909 4484 2964 4529 et
3001 4497 3067 4531 eo

568 4564 781 4612 nomine
816 4563 1047 4613 Messiae
1084 4566 1327 4630 principi,
1366 4566 1456 4629 qui
1492 4582 1561 4615 ex
1580 4564 1810 4615 Judaeis
1845 4568 1901 4616 in
1931 4566 2144 4616 Judaea
2179 4571 2354 4626 natus,
2403 4580 2468 4615 ac
2505 4566 2728 4631 proinde
2775 4566 2910 4615 civis
2949 4574 3070 4617 erat
