3267 5259
1118 446 1401 499 Evangelium
1428 448 1473 488 S.
1494 446 1704 487 Matthaei
1714 474 1726 487 .
2534 434 2664 499 273

206 624 471 681 rationum
500 626 834 695 momentis,
883 644 1028 701 quas
1057 630 1329 683 accurata
1357 627 1445 682 rei
1474 620 1863 697 investigatio
1884 624 2057 681 facile
2097 624 2333 682 refellit.
2377 624 2549 682 Nihil
2572 624 2666 681 his

211 728 471 803 oepitibus
498 730 671 799 inest,
720 729 875 806 quod
906 750 941 786 a
970 749 1017 786 s.
1050 730 1351 787 Matthaeo
1379 729 1557 787 scribi
1588 748 1708 787 non
1753 731 1963 804 potuit.
2017 728 2147 785 Imo
2177 748 2253 787 ex
2285 734 2404 787 toto
2435 728 2665 786 dicendi

210 851 417 903 genere3
464 832 685 890 crebris
728 832 923 890 citatis
968 832 1041 891 V.
1085 832 1179 902 T.;
1229 838 1289 890 et
1331 852 1405 890 ex
1456 832 1629 890 initio
1675 834 1883 909 capitis
1933 836 2094 890 tertii
2149 834 2458 891 manifesto
2507 833 2662 891 idem

212 935 432 1010 scriptor
458 937 767 1011 probatur.
830 936 1033 1013 Neque
1079 937 1568 1011 praetereundum
1598 936 1847 1011 originis
1877 942 1937 994 et
1963 936 2252 995 infantiae
2289 936 2365 995 D.
2402 938 2478 995 N.
2510 936 2566 995 J.
2599 936 2662 995 G.

210 1040 467 1109 historias,
506 1040 823 1113 Evangelii
869 1039 1109 1098 consilio
1126 1084 1141 1111 ,
1189 1060 1303 1117 quo
1350 1043 1416 1097 in
1460 1042 1764 1099 scribendo
1793 1061 1932 1099 usus
1965 1046 2054 1099 est
2081 1062 2126 1099 s.
2161 1042 2494 1099 Matthaeus
2531 1058 2665 1099 cum

210 1143 437 1200 maxime
465 1145 817 1201 necessarias
838 1144 1035 1201 fuisse.
1067 1144 1339 1221 Denique
1360 1144 1712 1202 conciliandi
1735 1145 2065 1203 tentamina
2086 1145 2367 1203 Veterum
2397 1144 2664 1219 genealo-

210 1248 315 1317 gias
340 1268 383 1304 s.
412 1248 701 1305 Matthaei
732 1253 795 1305 et
836 1268 883 1304 s.
917 1247 1109 1305 Lucae
1140 1248 1296 1304 idem
1325 1248 1527 1305 docere
1554 1245 1591 1306 ¹.
1641 1249 1754 1306 His
1784 1250 2076 1307 commode
2107 1250 2244 1307 addi
2275 1253 2480 1325 potest,
2513 1250 2666 1327 quod

212 1350 329 1407 haec
354 1352 461 1408 duo
492 1350 689 1427 capita
718 1351 783 1408 in
814 1352 1087 1409 omnibus
1130 1352 1391 1429 antiquis
1422 1351 1730 1410 Codicibus
1759 1358 1820 1409 et
1849 1352 2227 1411 versionibus
2259 1352 2662 1412 inveniantur.

210 1453 259 1510 S.
286 1454 343 1513 P.
370 1462 427 1513 et
454 1455 513 1513 S.
547 1454 617 1513 E.
651 1457 813 1513 omni
844 1456 983 1513 data
1012 1458 1304 1513 occasione
1336 1475 1490 1527 rem,
1537 1458 1684 1533 quin
1725 1461 1786 1513 et
1813 1474 1978 1515 voces
2007 1457 2222 1515 harum
2260 1459 2668 1515 narrationum

212 1558 450 1617 recitant.
495 1560 731 1617 Nostris
762 1560 996 1617 demum
1021 1560 1225 1618 diebus
1247 1560 1623 1633 exstiterunt,
1651 1562 1754 1638 qui
1777 1562 2122 1619 universum
2144 1560 2330 1620 variis
2351 1580 2426 1618 ex
2449 1560 2666 1619 libellis

212 1661 499 1720 conflatum
544 1669 606 1721 et
650 1666 1033 1739 compositum
1080 1665 1339 1740 primum
1383 1664 1778 1738 Evangelium
1815 1670 2116 1723 censerent
2132 1661 2177 1722 ².
2231 1666 2515 1723 Attamen
2558 1664 2669 1723 hac

212 1766 451 1823 methodo
470 1768 662 1824 instar
692 1766 1145 1841 compilatorum
1186 1768 1481 1825 habentur
1512 1767 1782 1843 Apostoli
1827 1772 1886 1825 et
1931 1773 2104 1826 testes
2133 1768 2390 1833 Christi;
2437 1767 2666 1844 simpli-

212 1868 334 1925 citas
376 1870 835 1945 Evangeliorum
880 1875 1007 1928 arte
1052 1875 1113 1928 et
1160 1870 1288 1945 lege
1333 1871 1580 1946 profana
1623 1878 2030 1943 mensuratur;
2089 1877 2214 1930 tota
2256 1892 2348 1929 res
2394 1890 2512 1931 non
2564 1890 2668 1929 suo

216 1973 297 2028 sed
340 1974 523 2032 alieno
574 1976 937 2049 ponderatur
986 1980 1297 2033 momente.
1374 1974 1653 2037 Quandiu
1710 1995 1851 2035 vero
1903 1976 1968 2034 in
2019 1976 2113 2033 his
2159 1976 2276 2035 viis
2293 2020 2307 2047 ,
2364 1995 2506 2053 quas
2565 1994 2669 2033 nos

214 2076 415 2151 quidem
442 2078 655 2137 merito
684 2079 935 2136 dicimus
964 2080 1207 2137 devias
1222 2122 1236 2149 ,
1271 2078 1479 2136 critici
1516 2079 1833 2150 insistunt3
1883 2080 2108 2138 tamdiu
2139 2080 2495 2156 impervium
2525 2079 2668 2155 ipsis

215 2183 457 2251 manebit,
488 2200 639 2259 quae
668 2185 751 2239 sit
778 2201 923 2241 vera
950 2182 1409 2256 Evangeliorum
1447 2188 1665 2241 natura
1693 2188 1752 2241 et
1783 2183 2040 2257 dignitas
2059 2180 2104 2242 3.

394 2432 428 2497 ¹)
454 2433 515 2481 V.
530 2450 582 2499 p.
600 2434 717 2483 183.
768 2432 810 2497 2)
836 2432 905 2481 H.
924 2430 1132 2494 Ewald,
1160 2448 1265 2498 quo
1292 2438 1375 2482 est
1397 2448 1603 2482 summo
1628 2432 1922 2497 indagandi
1944 2432 2227 2481 Librorum
2259 2429 2330 2494 S„
2358 2447 2492 2497 quos
2516 2433 2664 2497 igno-

214 2520 357 2565 torum
390 2520 704 2584 scriptorum
740 2518 927 2581 habet,
966 2518 1264 2583 fragmenta
1297 2520 1528 2583 pruritu,
1577 2520 1774 2585 scripto
1815 2517 1932 2579 „die
1968 2518 2080 2567 drei
2119 2522 2294 2569 ersten
2331 2517 2666 2581 Evangelien

218 2602 447 2653 ubersetzt
467 2605 577 2655 und
603 2604 855 2655 erklara‘*
914 2604 1056 2655 (ἢδη.
1085 2607 1253 2667 1850.,
1292 2606 1529 2670 quinque
1566 2605 1840 2655 literarum
1875 2604 2057 2655 formis
2094 2618 2212 2653 eam
2249 2618 2408 2669 quam
2444 2604 2668 2670 protulit

216 2703 249 2735 s.
270 2688 501 2741 Matthaei
536 2693 840 2741 versionem
876 2692 1019 2757 typis
1058 2690 1461 2743 exscribendam
1498 2692 1724 2752 curavit,
1763 2696 1824 2740 ut
1858 2690 2174 2755 fragminum
2201 2706 2229 2739 e
2261 2690 2454 2755 quibus
2485 2690 2664 2741 Evan-

216 2774 381 2837 gelium
414 2782 653 2827 nostrum
687 2777 973 2828 conflatum
1011 2782 1181 2842 putat,
1207 2778 1416 2843 copiam
1454 2777 1523 2827 ob
1563 2776 1748 2827 oculos
1783 2780 2024 2843 poneret.
2079 2776 2246 2826 Simili
2283 2777 2500 2826 arbitrio
2536 2791 2666 2827 usus

218 2867 283 2908 est
310 2862 521 2927 Weisse,
560 2865 613 2913 in
654 2863 805 2914 stud.
844 2878 897 2913 u.
932 2863 1067 2913 Krit.
1108 2865 1259 2925 1861,
1294 2880 1344 2929 p.
1380 2866 1463 2913 29.
1496 2880 1540 2913 s.
1578 2864 1671 2929 qui
1707 2863 2062 2928 Evangelium
2097 2866 2336 2912 nostrum
2371 2878 2472 2913 nec
2507 2864 2666 2913 unius

217 2950 439 3011 auctoris,
482 2964 661 3015 neque
696 2950 937 2999 eiusdem
974 2949 1184 2999 consilii
1232 2966 1349 3001 esse
1397 2964 1531 3015 opus
1574 2950 1801 2999 dictitat.
1861 2949 2098 3011 Kostlin,
2137 2949 2233 2999 der
2269 2950 2427 3015 Ursp.
2461 2966 2513 3015 p.
2551 2952 2666 3000 112.

218 3038 343 3095 putat
372 3035 723 3101 Evangelium
770 3040 943 3085 ortum
991 3051 1108 3087 esse
1146 3052 1211 3085 ex
1247 3035 1499 3085 hebraico
1548 3052 1591 3085 s.
1616 3034 1876 3085 Matthaei
1924 3035 2242 3101 archetype,
2289 3051 2354 3085 ex
2398 3037 2668 3101 primitiva

218 3134 347 3181 quam
380 3122 561 3172 statuit
594 3122 879 3186 Evangelii
906 3138 947 3171 s.
968 3122 1135 3171 Marci
1170 3122 1359 3183 forma,
1396 3128 1449 3171 et
1486 3138 1551 3171 ex
1586 3122 1875 3173 traditione
1913 3120 2175 3171 Galilaea.
2232 3120 2338 3171 Sed
2375 3121 2508 3171 haec
2545 3126 2670 3171 sunt

218 3204 391 3257 altioris
424 3208 701 3259 cuiusdam
748 3207 1092 3258 divinationis
1140 3208 1357 3259 criticae
1404 3208 1664 3274 imagines
1701 3226 1766 3259 ex
1808 3224 1954 3258 mero
1999 3207 2220 3259 arbitrio
2267 3214 2491 3258 sumtae.
2551 3208 2668 3257 Hil-

218 3293 413 3357 genfeld,
438 3295 522 3345 die
548 3296 653 3345 Ev.
678 3312 731 3344 n.
771 3294 915 3345 ihrer
952 3294 1193 3345 Entsteh.
1228 3310 1280 3343 u.
1306 3295 1485 3359 gesch.
1510 3294 1735 3345 Bedeut.
1774 3295 1954 3360 Leipz.
1984 3295 2136 3345 1854.
2161 3311 2212 3359 p.
2241 3296 2356 3343 109.
2382 3309 2424 3344 s.
2469 3294 2548 3344 Id.
2575 3294 2669 3344 der

218 3377 379 3434 Kanon
411 3396 461 3431 u.
494 3382 545 3431 d.
570 3382 748 3431 Kritik
784 3381 835 3431 d.
868 3380 933 3431 N.
969 3380 1033 3430 T.
1070 3380 1247 3431 Halle.
1288 3382 1438 3431 1863.
1477 3398 1529 3447 p.
1567 3382 1684 3431 170.
1720 3398 1764 3431 s.
1801 3383 2028 3447 priorem
2067 3380 2299 3445 aliquem
2325 3386 2380 3431 et
2409 3382 2666 3446 posterio-

218 3480 305 3513 rem
344 3469 645 3533 scriptorem
692 3468 997 3519 discernere
1043 3482 1102 3518 se
1148 3484 1306 3534 posse
1361 3470 1635 3534 opinatur,
1693 3482 1916 3534 quorum
1963 3466 2053 3517 ille
2095 3468 2264 3532 magis
2310 3466 2378 3515 ad
2425 3467 2667 3517 iudaicos

218 3554 343 3614 quasi
376 3556 627 3605 terminos
662 3570 774 3603 rem
799 3554 1143 3605 christianam
1189 3570 1409 3621 cogere,
1446 3554 1533 3603 hic
1569 3554 1819 3605 historias
1849 3552 2131 3619 Evangelii
2169 3555 2336 3619 magis
2369 3570 2490 3605 cum
2514 3553 2668 3603 Pauli

216 3636 425 3691 doctrina
448 3642 832 3693 convenientes
858 3640 1079 3691 reddere
1103 3641 1333 3692 studeat.
1381 3640 1567 3704 Bleek,
1593 3645 1805 3706 synopt.
1828 3640 1978 3689 Erkl.
1999 3640 2094 3689 der
2119 3639 2233 3689 drei
2257 3634 2438 3692 erste'n
2460 3641 2561 3690 Ev.
2586 3640 2667 3689 ed.

218 3722 519 3777 Holtzmann.
556 3728 747 3793 Leipz.
774 3729 926 3779 1862.
963 3728 1005 3789 1,
1030 3730 1080 3778 9.
1122 3728 1265 3777 Einl.
1298 3729 1417 3779 268.
1450 3744 1493 3777 s.
1518 3728 1733 3796 276.1s.‚
1773 3742 2002 3792 quocum
2038 3728 2095 3776 in
2130 3742 2336 3777 summa
2371 3743 2428 3777 re
2465 3726 2672 3776 faciunt

219 3807 431 3878 Freytsg,
456 3815 541 3863 die
570 3814 623 3864 h.
651 3813 799 3864 Schr.
827 3812 877 3863 d.
904 3814 968 3864 N.
994 3813 1057 3863 T.
1086 3814 1229 3863 Berl.
1258 3816 1408 3865 1861.
1434 3831 1485 3880 p.
1513 3816 1561 3865 3.
1588 3830 1629 3864 s.
1667 3813 1718 3866 J.
1745 3814 1807 3865 T.
1833 3813 2046 3875 Tobler,
2075 3813 2161 3863 die
2185 3813 2669 3880 Evangelient'rage

220 3895 481 3951 Zur-,1868
506 3917 560 3966 p.
586 3902 672 3950 24.
699 3917 759 3963 s.,
798 3900 929 3951 dicit
964 3901 1249 3966 Evangelii
1284 3902 1721 3950 concinnatorem
1758 3898 2001 3962 eundem,
2037 3901 2124 3966 qui
2157 3901 2416 3950 vaticinia
2447 3900 2671 3963 antiqua

220 3997 319 4033 tum
358 3986 507 4037 rebus
554 3986 757 4037 Christi
802 3986 1033 4050 confert,
1079 3990 1256 4037 textus
1306 3986 1545 4037 hebraici
1588 3987 1758 4051 magis
1804 4001 1962 4050 quam
2009 3986 2171 4035 LXX.
2217 3985 2668 4051 interpretationis

220 4082 431 4134 gnarum,
468 4073 689 4123 Librum
727 4088 883 4123 suum
920 4087 1115 4139 graece
1152 4086 1432 4123 exarasse:
1477 4074 1555 4123 ita
1588 4078 1648 4122 ut
1683 4073 1894 4137 scriptis
1931 4077 2168 4121 uteretur
2204 4070 2388 4121 eodem
2425 4084 2668 4121 sermone

222 4160 515 4221 compositis,
571 4160 747 4224 iisque
792 4160 953 4211 simul
1004 4173 1070 4209 ea
1118 4160 1179 4212 V.
1223 4160 1285 4209 T.
1336 4159 1554 4224 eloquia
1600 4157 1916 4223 complexis,
1973 4172 2110 4223 quae
2158 4157 2324 4207 LXX.
2371 4157 2668 4207 versionem

224 4250 491 4307 sequantur.
550 4244 695 4295 Suas
738 4246 899 4295 etiam
934 4245 1167 4307 Reville,
1206 4250 1275 4295 et.
1312 4261 1385 4295 cr.
1420 4262 1463 4295 s.
1499 4244 1532 4293 l’
1561 4243 1751 4310 evang.
1793 4260 1835 4294 s.
1881 4248 1945 4295 st.
1980 4243 2168 4293 Matth.
2201 4242 2386 4293 Leide.
2427 4244 2577 4293 1862.
2616 4248 2670 4292 et

224 4323 523 4395 Holtzmann,
547 4332 635 4383 die
660 4336 871 4397 synopt.
896 4332 1103 4397 Evang.
1123 4348 1175 4381 n.
1194 4331 1295 4381 ihr.
1314 4331 1499 4397 Urspr.
1520 4346 1572 4380 u.
1592 4330 1770 4396 gesch.
1799 4329 1957 4380 Char.
1983 4330 2166 4396 Leipz.
2195 4330 2346 4381 1863.
2371 4329 2669 4395 singulares

225 4415 517 4473 protulerunt
558 4416 899 4483 hypotheses.
961 4418 1113 4478 Quae
1150 4418 1329 4467 omnia
1364 4416 1719 4479 artificiosius,
1766 4431 1925 4481 quam
1969 4417 2150 4465 verius
2195 4420 2321 4465 sunt
2362 4415 2664 4481 disputata3

228 4502 435 4567 omnique
483 4502 859 4565 fundamentO,
921 4503 1064 4569 quod
1112 4503 1409 4569 adpellant,
1468 4502 1793 4553 historico
1851 4502 2226 4553 destituuntur.
2327 4502 2368 4567 ³)
2421 4502 2672 4553 Ceterum

229 4598 313 4633 nou
352 4588 555 4654 desunt,
603 4592 695 4657 qui
742 4590 993 4655 operibus
1027 4589 1187 4641 laude
1233 4590 1556 4655 dignissimis
1601 4606 1641 4638 s.
1675 4588 1934 4639 Matthaei
1969 4588 2240 4657 ⁴vindicias
2288 4594 2523 4653 agerent.
2585 4588 2672 4638 Ex

312 4677 497 4729 Baubo.
527 4682 646 4723 nist.
675 4682 976 4724 Revelatienis
1003 4682 1189 4724 divinae.
1221 4683 1275 4723 11.
2297 4670 2360 4724 18
