3267 5259
584 386 709 450 122
1246 399 1364 439 nist.
1394 398 1499 440 Rev.
1528 399 1617 439 «nv.
1647 398 1701 440 u.
1731 398 1782 439 r.
1811 397 1977 440 Portos.
2007 398 2043 439 1.
2065 409 2158 449 cap.
2187 398 2385 440 alterum.

578 577 879 636 vobiscum
908 577 1131 655 loquor,
1158 609 1230 620 -
1248 577 1289 635 i.
1322 597 1372 635 e.
1405 577 1844 635 triduum—et
1871 595 1976 650 ego
2006 576 2234 634 clausus
2261 577 2526 651 sepulcro
2559 595 2674 634 non
2704 575 2970 646 videbor,
3001 584 3050 633 et

578 682 797 740 iterum
841 701 1091 757 parvum
1136 687 1363 757 tempus
1382 679 1427 752 ¹,
1490 699 1604 758 quo
1663 680 1906 739 videbor
1921 677 1964 737 ².
2034 681 2090 738 Ν
2093 699 2166 738 on
2228 700 2368 739 vero
2413 679 2846 738 intellexerunt
2889 682 3058 737 verba

580 783 840 842 Christi³
884 785 1170 861 Apostoli.
1224 785 1343 844 Ubi
1386 785 1676 842 Dominus
1719 789 1981 841 cerneret
2011 783 2322 858 discipulos
2353 783 2742 861 colloquentes
2773 789 2836 841 et
2865 783 3056 841 volen-

581 894 666 947 tes
732 890 1113 964 interrogare,
1184 890 1467 968 quidnam
1531 888 1889 964 significaret
1964 886 2111 945 illud
2172 887 2463 944 modicum
2528 887 2814 944 iteratum
2829 885 2872 958 ⁴,
2953 907 3054 944 non

581 995 888 1069 respondet
931 993 1149 1050 directe
1196 993 1267 1051 ad
1312 993 1393 1065 id,
1441 995 1594 1071 quod
1639 999 1979 1071 quaerentes
2023 994 2242 1052 sciebat
2286 993 2617 1069 Apostolum
2681 994 2824 1051 satis
2871 1001 3054 1050 tamen

579 1095 781 1154 innuit
823 1096 982 1174 loqui
1027 1097 1097 1154 de
1141 1101 1327 1154 morte
1369 1115 1474 1154 sua
1494 1141 1508 1166 ,
1572 1099 1645 1154 ob
1702 1115 1878 1174 quam
1923 1097 2173 1156 tristitia
2215 1103 2383 1155 erant
2429 1097 2746 1156 afficiendi.
2817 1097 3056 1155 Dixerat

581 1199 848 1257 Christus
892 1199 1065 1275 plura
1109 1201 1439 1257 adhucdum
1492 1201 1561 1257 de
1608 1219 1713 1257 sua
1757 1207 1959 1273 morte,
2007 1203 2077 1259 de
2121 1201 2396 1278 proxima
2438 1201 2864 1277 discipulorum
2909 1202 3052 1274 fuga,

580 1309 641 1360 et
682 1303 825 1381 quid
870 1303 1038 1361 fieret
1081 1309 1384 1382 postquam
1429 1303 1649 1362 iterum
1695 1305 1994 1363 redivivus
2025 1305 2318 1381 Apostolis
2363 1311 2492 1362 erat
2535 1306 2950 1381 appariturus-23
2995 1307 3054 1361 de

582 1407 753 1464 malis
812 1407 1033 1464 futuris
1051 1453 1065 1478 ,
1136 1409 1205 1464 de
1266 1409 1537 1484 precibus
1598 1409 1834 1467 nomine
1893 1429 1997 1467 suo
2057 1410 2226 1467 factis
2293 1415 2468 1487 atque
2529 1409 2736 1466 divino
2779 1409 3006 1467 auxilio
3019 1405 3054 1464 ⁵.

581 1510 838 1568 Tandem
894 1517 1018 1570 toto
1088 1512 1211 1568 fere
1260 1512 1553 1570 humanae
1608 1512 2004 1570 Redemtionis
2073 1514 2278 1571 ordine
2344 1517 2645 1583 enarrate,
2733 1533 3058 1590 summaque

580 1615 749 1672 Fidei
793 1616 1075 1691 exposita,
1121 1617 1159 1673 J
1161 1635 1287 1674 esus
1318 1616 1528 1674 levatis
1575 1618 1648 1674 ad
1693 1618 1876 1675 coelos
1921 1617 2123 1688 oculiS,
2172 1623 2230 1676 et
2275 1637 2445 1675 verso
2490 1618 2562 1674 ad
2609 1615 2893 1674 Patrem⁸
2949 1635 3056 1672 ser-

580 1737 767 1789 mone,
830 1739 936 1794 pro
980 1721 1276 1796 Apostolis
1335 1725 1482 1779 orat.
1540 1723 1730 1780 Morte
1782 1721 1902 1778 iam
1955 1721 2224 1798 pulsante
2279 1722 2458 1791 fores,
2527 1741 2660 1778 suos
2723 1740 2884 1778 more
2935 1719 3056 1777 boni

582 1822 841 1897 parentis
887 1825 1249 1882 commendat
1293 1824 1417 1882 Deo
1462 1825 1649 1882 Patri.
1705 1825 2023 1894 Hactenus,
2071 1824 2288 1902 inquit,
2336 1843 2457 1881 una
2502 1842 2636 1880 cum
2681 1823 2768 1880 eis
2811 1843 3056 1888 versans,

582 1945 689 2001 per
732 1945 823 1982 me
866 1925 998 1984 illos
1045 1927 1233 1984 tuitus
1278 1945 1432 1998 sum,
1496 1929 1638 2005 quia
1691 1933 1884 1986 autem
1943 1947 2103 1985 nunc
2147 1930 2320 1998 abe0,
2383 1927 2494 1984 tibi
2539 1946 2634 1984 eos
2679 1928 2880 1996 credo;
2941 1925 3058 1982 illos

582 2034 763 2100 tuere,
810 2029 987 2087 Pater
1029 2035 1226 2088 sancte
1270 2037 1475 2089 mutua
1518 2032 1764 2089 caritate
1810 2031 2059 2089 iunctos.
2109 2031 2384 2089 Habeant
2415 2030 2480 2087 in
2510 2049 2616 2106 ope
2649 2035 2754 2088 tua
2783 2035 3052 2096 tutamen,

582 2133 735 2209 quod
780 2151 871 2189 me
916 2139 1219 2208 praesente
1263 2133 1738 2210 experiebantur.
1787 2135 1971 2208 Digni
2016 2154 2156 2192 vero
2199 2141 2355 2205 sunt,
2403 2153 2658 2212 quorum
2702 2153 2878 2192 causa
2917 2133 3058 2208 apud

581 2234 661 2292 Te
704 2236 954 2311 supplex
998 2235 1139 2293 fiam
1156 2281 1169 2308 ,
1233 2239 1385 2314 quod
1430 2242 1488 2295 et
1534 2239 1622 2296 tui
1669 2243 1726 2296 et
1772 2237 1883 2296 mei
1931 2244 2087 2296 sunt.
2159 2239 2280 2295 Nec
2340 2257 2446 2313 pro
2493 2237 2792 2313 Apostolis
2837 2243 3056 2295 tantum

582 2533 766 2594 utpote
804 2543 923 2578 cum
960 2531 1031 2580 sit
1066 2531 1181 2579 eius
1228 2531 1477 2594 proprius
1536 2557 1603 2565 —
1659 2523 1828 2596 προϊὸν
1863 2524 1957 2597 γὰρ
1993 2527 2056 2578 δι’
2095 2525 2241 2578 αὐτοῦ·
2278 2529 2514 2595 φυσικῶς,
2551 2525 2622 2587 ὡς
2657 2524 2786 2578 ’ἴδιον
2821 2525 2968 2578 αὐτοῦ
3001 2555 3058 2563 -

586 2629 695 2664 una
732 2631 849 2664 cum
888 2617 1133 2666 omnibus
1180 2631 1319 2680 quae
1364 2615 1599 2682 perfecte
1647 2615 1838 2678 habet,
1900 2618 2145 2680 accipere
2189 2615 2386 2664 dieitur
2429 2630 2570 2680 quae
2618 2617 2736 2665 eius
2781 2620 2949 2666 sunt*
3001 2613 3054 2663 In

585 2699 783 2750 Joann.
820 2702 920 2750 Ev.
946 2701 1040 2763 IX,
1069 2706 1115 2752 1.
1146 2703 1266 2764 VII,
1292 2704 1412 2752 450.

798 2804 834 2868 ¹)
882 2805 1251 2868 Quadraginta
1296 2806 1515 2855 dierum.
1584 2805 1626 2870 ²)
1675 2807 1720 2855 A
1767 2807 1988 2856 mortuis
2035 2821 2334 2870 resurgens.
2394 2804 2434 2870 ³)
2471 2806 2608 2854 Nam
2654 2821 2764 2854 non
2811 2805 3056 2870 putabant

583 2895 803 2938 mortem
841 2889 1038 2939 Christi
1076 2891 1210 2940 adeo
1248 2892 1479 2941 vicinam
1516 2907 1658 2954 csse,
1721 2907 1820 2942 nec
1857 2893 2026 2958 ipsum
2066 2893 2244 2941 statim
2281 2897 2719 2941 resurrecturum.
2771 2891 2814 2955 ⁴)
2852 2892 3058 2953 Quoties

582 2973 967 3040 Evangelistae
1006 2975 1291 3040 Christum,
1331 2977 1397 3026 de
1434 2993 1493 3028 se
1530 2984 1653 3044 post
1689 2979 1890 3028 obitum
1927 2979 1997 3027 ad
2033 2979 2196 3027 vitam
2233 2977 2484 3040 reditum,
2524 2976 2922 3042 colloquentem
2954 2993 3060 3028 cum

582 3061 853 3126 Apostolis
892 3061 1113 3126 sistunt3
1174 3063 1332 3113 toties
1368 3063 1467 3114 hos
1503 3069 1720 3127 notant,
1779 3069 1841 3113 ut
1885 3065 1978 3129 qui
2023 3063 2156 3113 nihil
2201 3079 2270 3113 ea
2305 3063 2371 3112 de
2407 3079 2465 3112 re
2500 3063 2884 3129 intelligerent.
2942 3063 3060 3112 Vide

582 3148 748 3198 Marc.
776 3149 824 3210 9,
850 3149 899 3197 9.
926 3150 1009 3198 31.
1046 3149 1179 3198 Luc.
1210 3150 1291 3212 18,
1318 3151 1401 3199 34.
1438 3149 1633 3200 Joann.
1663 3154 1711 3212 2,
1741 3151 1822 3200 19.
1849 3152 1930 3200 22.
1981 3151 2023 3213 ⁵)
2061 3149 2350 3200 Plorabitis
2387 3151 2462 3199 ait
2497 3148 2744 3200 Christus
2779 3165 2866 3200 me
2903 3156 3057 3215 capte,

586 3233 853 3297 crucifixe,
890 3239 1115 3296 mortuo,
1141 3234 1339 3285 «Iudaei
1364 3242 1541 3285 autem
1568 3235 1900 3296 exultabunt,
1941 3235 2084 3300 quod
2121 3249 2204 3284 me
2239 3235 2353 3283 vita
2375 3235 2654 3299 privarint.
2693 3235 3054 3286 Verumtamen

584 3325 707 3387 post
740 3321 1009 3371 modicum
1043 3337 1127 3371 me
1162 3321 1411 3372 videbitis
1448 3335 1642 3386 magno
1679 3337 1800 3371 cum
1835 3321 2032 3386 gaudio
2069 3319 2380 3370 redivivum.
2413 3320 2478 3369 In
2513 3320 2606 3370 illo
2645 3321 2734 3370 die
2757 3322 2942 3386 gaudii
2965 3337 3054 3370 non

580 3408 981 3472 interrogabitis
1018 3423 1103 3457 me
1142 3407 1433 3472 quidquam
1471 3407 1537 3456 de
1574 3407 1676 3456 hac
1711 3422 1786 3468 re,
1825 3406 1892 3456 de
1930 3421 2036 3472 qua
2069 3405 2228 3456 modo
2267 3421 2525 3472 quaerere
2561 3406 2742 3456 vultis.
2793 3407 2964 3457 Multa
2997 3413 3057 3456 ta·

587 3509 712 3542 men
750 3499 922 3556 erunt,
962 3509 1101 3559 quae
1138 3493 1424 3544 identidem
1462 3495 1675 3559 petatis.
1712 3494 1884 3543 Petite
1931 3508 1965 3543 a
1999 3493 2159 3542 Patre
2195 3495 2250 3541 in
2284 3494 2500 3542 nomine
2535 3508 2656 3542 meo
2695 3498 2750 3542 et
2787 3495 3060 3558 accipietis,

586 3579 729 3645 quod
764 3581 1052 3644 petieritis3
1112 3585 1173 3629 nt
1219 3580 1473 3645 gaudium
1517 3583 1753 3630 vestrum
1811 3580 1880 3628 sit
1927 3579 2145 3646 plenum
2194 3595 2312 3628 cum
2363 3595 2460 3628 vos
2509 3579 2752 3629 videritis
2799 3580 3058 3629 exauditos

586 3672 803 3732 propter
838 3667 1029 3716 merita
1062 3680 1197 3716 mea.
1260 3667 1419 3716 Hune
1468 3681 1766 3715 sermonem
1803 3682 1910 3716 non
1945 3666 2168 3715 multum
2203 3669 2446 3730 apertum
2482 3665 2640 3715 vobis
2677 3665 2894 3716 locutus
2931 3681 3058 3720 snm:

586 3753 751 3802 instat
784 3757 1021 3818 tempus,
1084 3769 1203 3802 cum
1248 3755 1354 3802 iam
1401 3757 1585 3818 aperte
1632 3751 1698 3801 de
1735 3753 1896 3802 Patre
1931 3769 2029 3802 vos
2066 3751 2287 3802 docebo.
2349 3752 2550 3801 Petetis
2585 3753 2644 3801 in
2681 3754 2896 3802 nomine
2943 3766 3059 3806 meo,

590 3843 643 3887 et
678 3854 813 3904 opus
850 3855 957 3888 non
996 3840 1095 3890 erit
1132 3853 1319 3905 rogare
1356 3840 1567 3889 Patrem
1603 3855 1701 3904 pro
1739 3840 1908 3900 vobis,
1945 3839 2060 3905 ipse
2098 3840 2238 3888 enim
2274 3839 2435 3888 Pater
2471 3843 2618 3888 arnat
2653 3853 2778 3899 vos,
2819 3840 2946 3904 quia.
2982 3851 3059 3884 vos

587 3941 674 3974 me
712 3927 958 3986 amastis,
998 3931 1051 3976 et
1092 3925 1216 3976 ideo
1253 3926 1524 3990 largietur,
1564 3926 1707 3991 quod
1745 3926 2018 3991 rogabitis.
2077 3925 2244 3975 Vobis
2279 3924 2534 3974 videmini
2581 3925 2776 3984 fortes,
2838 3925 3058 3974 imminet

586 4011 693 4061 imo
730 4013 837 4060 iam
872 4012 1027 4062 adest
1060 4019 1295 4078 tempus,
1358 4029 1463 4077 quo
1508 4027 1593 4062 me
1639 4012 1852 4062 deserto
1901 4013 2268 4076 unusquisque
2317 4012 2590 4076 proprium
2641 4012 2752 4060 sibi
2797 4009 3062 4061 latibulum

590 4101 838 4163 quaeret,
906 4104 960 4147 et
994 4113 1077 4147 me
1115 4098 1288 4148 solum
1324 4098 1656 4162 relinquatis.
1718 4097 1860 4160 Quid
1895 4097 2015 4148 dico
2051 4113 2135 4146 me
2171 4097 2370 4160 solum,
2431 4112 2542 4146 non
2579 4097 2722 4146 enim
2757 4113 2876 4146 sum
2913 4097 3060 4146 solus.

589 4183 750 4234 Pater
786 4199 993 4234 mecum
1029 4190 1125 4234 est.
1163 4184 1321 4234 Hanc
1356 4184 1521 4233 habui
1558 4184 2002 4245 adhortationem,
2041 4188 2100 4234 ut
2135 4199 2244 4232 non
2265 4183 2551 4232 turbemini
2575 4187 2794 4248 propter
2819 4197 2899 4245 ea,
2939 4196 3061 4247 quae

591 4275 849 4320 eventura
893 4275 1019 4320 sunt
1062 4269 1191 4320 mihi
1236 4275 1289 4320 et
1324 4270 1495 4320 vobis.
1558 4269 1694 4318 Cum
1739 4270 1808 4319 ab
1855 4269 2156 4320 hominibus
2213 4269 2545 4334 affligemini,
2607 4269 2798 4318 sumite
2845 4269 3064 4318 animum

590 4369 707 4405 meo
746 4355 1005 4420 exemplo,
1044 4371 1143 4422 ego
1182 4359 1287 4407 vici
1322 4357 1617 4422 principem
1654 4355 1836 4404 mundi
1875 4383 1942 4392 —-
1979 4355 2250 4406 diabolum
2287 4373 2380 4418 -ς
2415 4355 2573 4406 vobis
2599 4353 2810 4420 quidem
2837 4369 3063 4420 pugnan-

592 4441 715 4490 dum
754 4448 859 4502 est,
909 4441 1003 4491 sed
1052 4458 1173 4490 cum
1219 4442 1371 4492 hoste
1416 4446 1702 4508 prostrato.
1749 4442 1946 4492 Joann.
1987 4445 2066 4504 16,
2105 4443 2324 4490 17-33,
2383 4441 2425 4506 ὓ)
2463 4440 2546 4490 Ad
2593 4457 2751 4505 quem
2791 4455 2910 4490 mox
2963 4448 3064 4490 ent

592 4527 930 4577 transiturus.
