3267 5259
478 410 607 479 476
1216 426 1329 469 mat.
1360 426 1463 469 au.
1492 426 1579 468 siv.
1608 426 1776 469 Persou.
1804 426 1861 467 11.
1879 436 1974 479 οη.
2003 426 2203 469 aiterum.

480 598 812 667 doctrinae
842 598 1307 687 Apostolorum
1340 600 1790 683 adversantur,
1829 600 2084 667 accedit
2131 600 2650 666 delineationem.
2697 600 2834 665 Ait:
2885 601 2952 664 in

477 712 603 777 hoc
634 712 891 779 Veteris
935 736 1057 801 par
1086 714 1399 780 Foederis
1430 716 1593 779 ratio
1643 725 1707 780 et
1737 714 1938 799 Novi3
1985 725 2057 779 ut
2101 714 2659 802 pseudodoctores
2705 714 2956 779 excitet

480 824 702 911 Satan,
754 828 861 915 qui
886 849 1110 894 sanam
1144 826 1503 893 doctrinam
1536 838 1934 915 pervertant,
1979 827 2190 893 bonos
2223 838 2642 917 corrumpant
2669 850 2888 892 mores
2913 831 2951 891 ¹.

479 938 627 1005 Jam
674 962 832 1005 vero
877 963 1229 1029 pravorum
1281 940 1619 1007 doctorum
1667 940 1868 1007 semel
1913 943 2244 1006 mentione
2299 942 2476 1007 facta
2526 940 2954 1027 reprehendit

478 1052 789 1118 scelestos
852 1075 1075 1119 eorum
1136 1076 1350 1120 mores
1418 1054 1505 1119 ad
1563 1054 1897 1120 libidinem
1963 1054 2222 1119 effusos.
2293 1053 2692 1119 Christianos
2755 1056 2952 1119 etiam

477 1173 673 1253 atque
739 1168 931 1232 etiam
992 1165 1304 1250 hortatur,
1366 1190 1449 1231 ne
1496 1166 1580 1232 ab
1624 1168 1703 1232 iis
1749 1190 1817 1232 se
1883 1167 2098 1253 decipi
2159 1169 2506 1254 patiantur.
2567 1167 2854 1233 Enarrat
2899 1190 2949 1234 s.

475 1278 709 1345 Petrus
754 1280 935 1344 varia
973 1281 1237 1366 punitae
1268 1281 1614 1367 impietatis
1650 1280 1972 1367 exempla.
2021 1280 2470 1367 Repetiturum
2503 1280 2702 1345 docet
2732 1280 2952 1346 Deum

476 1391 559 1457 de
602 1390 726 1456 illis
771 1391 1109 1480 supplicia,
1158 1403 1228 1459 ut
1273 1392 1352 1457 de
1396 1392 1708 1483 improbis
1741 1394 2068 1482 quondam
2104 1394 2352 1479 angelis
2372 1396 2415 1477 ²,
2455 1393 2544 1487 ‘de
2577 1392 2954 1457 hominibus

477 1504 732 1589 diluvii,
803 1504 1016 1592 deque
1083 1504 1453 1573 Sodomitis.
1536 1506 1876 1573 Invehitur
1941 1509 2005 1573 in
2072 1508 2442 1572 relabentes
2511 1506 2597 1571 ad
2676 1528 2951 1571 errores.

474 1617 734 1683 Etenim
781 1641 822 1682 a
865 1622 1137 1684 veritate
1186 1621 1447 1705 cognita
1492 1620 1834 1703 defecisse,
1889 1643 2016 1685 nec
2063 1624 2121 1684 ei
2169 1620 2557 1703 obedivisse,
2617 1621 2806 1706 peius
2853 1630 2956 1683 est

478 1754 674 1820 quam
734 1734 1105 1817 cognitione
1168 1734 1451 1799 caruisse
1470 1736 1511 1799 ³.
1588 1732 1994 1798 Immaculati
2056 1731 2406 1798 adventum
2468 1732 2554 1796 D.
2599 1732 2682 1797 N.
2745 1732 2807 1797 J.
2875 1731 2951 1796 C.

477 1855 953 1935 exspectarent.
1004 1844 1354 1931 Consurgit
1386 1844 1698 1911 adversus
1729 1857 2076 1931 negatores
2109 1845 2308 1911 divini
2340 1844 2666 1931 generalis
2709 1844 2954 1927 iudicii,

475 1956 875 2046 adstruitque
926 1958 1473 2046 quemadmodum
1521 1958 1892 2024 incredulos
1939 1958 2089 2023 olim
2123 1982 2205 2022 ex
2247 1960 2598 2045 improviso
2633 1957 2954 2022 diluvium

482 2074 845 2158 occupavit,
912 2081 979 2136 et
1036 2072 1337 2158 perdidit,
1401 2071 1481 2136 de
1534 2094 1664 2158 quo
1710 2081 2212 2159 praemonuerat
2255 2072 2426 2154 Noe3
2495 2072 2590 2135 sic
2633 2069 2955 2135 mundum

474 2183 823 2271 aliquando
889 2186 1295 2251 interiturum
1356 2208 1477 2273 per
1533 2188 1752 2271 ignem
1823 2186 2092 2250 credere
2155 2194 2440 2271 oportet,
2501 2196 2700 2270 prout
2766 2184 2956 2248 Deus

477 2300 669 2363 etiam
744 2298 1069 2385 praedixit
1086 2304 1131 2364 ⁴.
1210 2299 1513 2365 Occurrit
1588 2299 1938 2365 obiectioni
2007 2322 2090 2363 ex
2157 2301 2252 2362 rei
2327 2298 2586 2364 futurae
2653 2296 2954 2382 longiore

475 2410 812 2494 dilatione,
884 2413 1036 2498 quia
1096 2414 1205 2499 qui
1264 2412 1453 2477 nullis
1520 2412 1941 2498 adstringitur
2005 2422 2374 2497 temporum
2441 2412 2667 2496 spatiis
2730 2410 2952 2491 Deus,

475 2524 651 2610 quod
721 2524 883 2591 dixit
948 2524 1306 2612 praestabit
1327 2530 1368 2590 ⁵.
1445 2526 1750 2613 Denique
1819 2524 2005 2590 simili
2073 2526 2570 2611 apprecatione,
2642 2545 2813 2608 quae
2883 2524 2954 2585 in

473 2638 649 2701 initio
698 2637 1041 2725 epistolae*
1058 2641 1271 2725 posita
1318 2648 1417 2703 est
1466 2638 1640 2703 finit:
1703 2620 2128 2723 ,Crescite’in
2174 2638 2411 2723 gratia,
2459 2646 2525 2700 et
2571 2638 2952 2721 cognitione

474 2749 737 2814 Domini
782 2752 1005 2835 nostri,
1055 2761 1120 2816 et
1166 2750 1519 2817 Salvator-is
1566 2750 1728 2817 Jesu
1777 2750 2032 2816 Christi‘
2057 2754 2098 2815 ⁶.

682 2944 942 3013 ὒίρνεεείο,
974 2963 1075 3013 qua
1106 2946 1321 2997 secunda
1344 2944 1547 3015 epistola
1571 2964 1605 2997 s.
1632 2948 1774 2997 Petri
1797 2948 2040 2997 canonica
2063 2963 2157 2995 esse
2181 2945 2554 2995 <lenton-stratur.
2592 2941 2956 2991 posteriorem

474 3028 755 3095 epistolam
791 3045 833 3080 s.
870 3031 1031 3093 Petri,
1068 3032 1445 3081 nonnullorum
1483 3031 1607 3081 olim
1645 3034 1750 3081 iam
1798 3031 1972 3081 dubiis
2018 3032 2270 3080 iactatam
2307 3030 2470 3079 fuisse
2514 3034 2740 3079 constat.
2793 3028 2954 3078 Certe

474 3118 747 3183 Origenes,
774 3117 916 3183 apud
945 3118 1235 3167 Eusebium
1262 3118 1329 3168 H.
1350 3119 1414 3168 E.
1438 3118 1526 3181 VI,
1550 3120 1631 3168 25.
1654 3135 1704 3184 p.
1727 3120 1842 3168 227.
1869 3120 1966 3167 ait:
1999 3118 2398 3179 „Concedamus
2423 3130 2549 3165 vero
2577 3122 2632 3165 et
2656 3116 2952 3165 secundam

475 3204 588 3253 eius
622 3219 753 3253 esse.
790 3204 875 3255 De
900 3204 1002 3255 hac
1028 3206 1165 3255 enim
1192 3204 1489 3271 ambigitur,
1528 3200 1921 3273 ,,ἀμφιβάλλεται
1946 3200 2092 3273 γάρ.“
2129 3204 2410 3265 Eusebius,
2448 3202 2519 3252 ib.
2543 3202 2642 3265 111,
2671 3204 2720 3252 3.
2761 3203 2951 3263 „Quae

473 3306 599 3340 vero
629 3290 867 3340 secunda
896 3291 1195 3356 adpellatur
1222 3306 1337 3341 eam
1372 3292 1581 3357 quidem
1616 3293 1754 3389 inter
1787 3306 1967 3341 sacros
1995 3292 2132 3340 Novi
2169 3291 2470 3340 testamenti
2495 3288 2662 3339 libros
2689 3290 2950 3339 censitam

682 3494 719 3559 ¹)
756 3494 825 3543 11.
864 3496 920 3554 2,
962 3494 1145 3543 1—22.
1204 3494 1267 3541 A.
1306 3508 1354 3557 q.
1408 3509 1453 3541 v.
1502 3492 1564 3542 A.
1616 3492 1675 3541 O.
1723 3492 1959 3557 Barkey,
2015 3492 2078 3541 de
2127 3491 2669 3557 pseudodoctoribus,
2721 3506 2954 3556 quorum

472 3582 671 3631 mentio
710 3580 769 3631 fit
804 3581 872 3631 11.
898 3582 1041 3630 Petri
1078 3582 1128 3643 2,
1156 3582 1203 3629 1.
1228 3596 1268 3629 s.
1318 3579 1489 3643 Lug-d.
1516 3580 1635 3629 Bat.
1665 3581 1813 3629 1767.
1853 3596 1902 3644 p.
1941 3580 2020 3628 16.
2061 3596 2102 3629 s.
2176 3578 2215 3643 2)
2253 3578 2336 3628 Cf.
2373 3578 2442 3627 ad
2477 3578 2527 3627 h.
2565 3578 2598 3627 l.
2633 3576 2688 3627 J.
2726 3577 2956 3640 Tiesler,

472 3669 596 3719 diss.
625 3668 691 3718 de
716 3667 973 3717 malorum
998 3666 1307 3731 angelorum
1330 3664 1631 3733 ταρταρώσει
1662 3666 1730 3715 ad
1755 3666 1824 3716 11.
1846 3666 1986 3715 Petri
2013 3667 2060 3727 2,
2085 3668 2135 3715 4.
2155 3682 2194 3715 s.
2221 3666 2276 3715 in
2301 3664 2460 3715 Thes.
2479 3664 2550 3713 th.
2573 3663 2662 3729 ph.
2692 3680 2742 3729 p.
2765 3665 2882 3714 789.
2911 3682 2958 3715 s.

473 3756 512 3822 ³)
549 3754 632 3805 Ad
668 3755 803 3805 haec
839 3756 888 3818 3,
925 3756 969 3803 1.
1008 3768 1145 3819 quae
1182 3769 1277 3819 per
1313 3754 1515 3820 priores
1552 3752 1735 3803 literas
1773 3752 2062 3803 lectoribus
2100 3752 2503 3818 explanarent,
2549 3752 2606 3801 in
2641 3752 2956 3801 memoriam

470 3844 657 3893 iterum
713 3846 957 3905 revocat3
1014 3846 1068 3889 et
1112 3846 1171 3889 ut
1216 3846 1417 3890 attente
1462 3840 1668 3903 legant,
1727 3854 1862 3905 quae
1911 3839 2100 3889 iisdem
2153 3839 2218 3888 de
2268 3840 2428 3889 rebus
2482 3838 2794 3903 scripserint
2839 3845 2958 3888 tum

468 3930 769 3996 Prophetae
805 3936 915 3980 tum
951 3929 1207 3993 Apostoli.
1280 3930 1323 3991 ⁴)
1360 3930 1423 3979 L.
1458 3929 1526 3977 H.
1562 3928 1623 3977 R.
1651 3929 1718 3979 D.
1755 3929 1818 3979 V.
1856 3929 1916 3977 Τ.
1953 3945 2002 3995 p.
2038 3930 2123 3978 2⁵.
2195 3928 2238 3993 ⁵)
2275 3926 2334 3976 Si
2371 3926 2544 3977 differt
2581 3927 2636 3976 id
2673 3942 2782 3977 non
2821 3926 2958 3977 facit

468 4018 599 4068 vitio
634 4017 925 4081 tarditatis3
964 4016 1061 4066 sed
1094 4014 1357 4065 benevola
1394 4017 1788 4080 exspectatione
1825 4016 2200 4081 poenitentiae.
2261 4015 2379 4076 Quo
2425 4014 2686 4065 beneficio
2724 4030 2792 4063 ne
2829 4016 2957 4079 quis

470 4105 745 4166 abutatur,
782 4110 843 4155 ut
878 4118 975 4154 nos
1014 4103 1083 4153 ad
1118 4103 1371 4153 iudicium
1408 4102 1644 4153 futurum
1679 4118 1904 4168 propere
1940 4118 2004 4153 ac
2041 4102 2274 4153 studiose
2313 4116 2590 4167 paremus3
2629 4103 2788 4163 certi,
2839 4116 2956 4153 non

470 4194 791 4258 parciturum
844 4190 1217 4257 peccatoribus
1271 4191 1461 4239 Deum.
1536 4188 1826 4241 Confirmat
1877 4190 1980 4239 hoc
2033 4206 2073 4239 s.
2109 4190 2265 4239 Pauli
2321 4190 2626 4240 testimonio
2681 4204 2792 4239 non
2840 4204 2956 4238 uno

470 4278 745 4331 dumtaxat
798 4280 955 4329 unius
1000 4276 1257 4344 epistolae
1308 4277 1402 4327 sed
1448 4294 1513 4327 ex
1562 4278 1830 4339 omnibus,
1887 4277 2079 4341 quibus
2126 4276 2390 4327 habentur
2446 4282 2812 4327 consentanea
2865 4275 2956 4325 his

469 4381 607 4431 quae
651 4368 767 4432 ipse
813 4366 1081 4429 docuerit3
1138 4364 1379 4430 quamvis
1424 4363 1581 4415 Pauli
1629 4364 1852 4430 scripta,
1912 4378 2048 4429 quae
2099 4368 2150 4412 et
2197 4362 2385 4413 laudat
2427 4378 2539 4413 una
2585 4378 2704 4413 cum
2755 4364 2956 4413 ceteris

470 4451 521 4503 S.
550 4436 852 4519 Scripturis,
890 4455 947 4503 in
982 4456 1383 4519 praeposterum
1420 4452 1488 4501 ab
1527 4451 1796 4516 aliquibus
1835 4451 2138 4515 detorqueri
2176 4464 2390 4501 sensum
2433 4456 2656 4502 testetur
2691 4450 2760 4499 ad
2797 4464 2956 4501 suam

468 4542 701 4605 ipsorum
750 4540 1155 4591 damnationem.
1228 4538 1457 4588 Efficere
1504 4545 1727 4589 conatur
1769 4544 1830 4587 ut
1876 4539 1944 4587 ab
1991 4538 2056 4587 iis
2093 4543 2342 4599 caveant,
2387 4538 2452 4587 de
2491 4538 2688 4603 quibus
2733 4536 2952 4587 locutus

468 4630 575 4691 est;
613 4632 773 4691 atque
798 4628 851 4674 in
878 4640 1011 4675 sana
1035 4626 1291 4687 doctrina,
1331 4640 1487 4691 quam
1516 4630 1838 4690 acceperunt
1865 4628 2166 4673 constanter
2192 4630 2550 4693 perseverent.
2614 4624 2654 4691 θ)
2681 4626 2732 4689 3,
2757 4625 2948 4677 2—18.
