3267 5259
600 440 647 489 L
1440 455 1686 507 Apparatus
1711 454 1930 497 Historico
1947 478 1998 487 -
2015 454 2264 497 Chronicus.

605 635 1054 712 praedicationis
1084 654 1152 693 ac
1181 635 1519 708 ministerii,
1571 641 1745 714 atque
1775 637 1916 694 adeo
1963 655 2000 714 q
2019 641 2303 695 uatuor
2345 634 2757 711 paschata,
2807 633 3097 711 adimple-

603 742 785 811 visse3
833 744 894 798 et
936 745 1199 819 quarto
1243 762 1428 800 anno
1480 740 1880 799 ministerii
1933 739 2044 799 sui
2097 740 2544 799 crucifixum
2595 760 2770 812 esse,
2829 746 3099 797 constare

605 846 811 903 debet:
859 846 1063 923 utique
1106 846 1362 904 nimium
1406 866 1495 904 res
1536 842 1896 919 σοαπ-0181111,
1946 845 2048 925 qui
2093 845 2396 923 publicum
2428 844 2650 903 Christi
2694 843 3100 903 ministerium

606 970 721 1009 uno
752 949 849 1009 vel
880 950 1105 1009 duobus
1146 952 1319 1009 annis
1361 950 1867 1010 circumscribunt.
1929 952 2084 1009 Item
2125 950 2380 1025 longiori
2421 970 2598 1029 quam
2637 970 2744 1026 par
2787 954 2876 1009 est
2905 950 3100 1025 spatio

604 1054 984 1127 distenduntJ
1044 1056 1147 1134 qui
1206 1056 1357 1113 illud
1416 1062 1670 1133 quatuor
1729 1061 1833 1113 aut
1889 1058 2150 1133 quinque
2209 1057 2380 1114 annis
2445 1054 2732 1114 contineri
2808 1060 3028 1131 putant
3053 1051 3098 1111 ².

602 1160 905 1218 Postrema
935 1160 1135 1236 opinio
1166 1160 1331 1218 nullo
1360 1160 1503 1218 satis
1534 1160 1741 1219 idoneo
1773 1160 1993 1218 nititur
2023 1161 2422 1232 fundamento,
2457 1166 2517 1218 et
2538 1160 2792 1218 multum
2815 1160 3100 1236 temporis

604 1261 956 1343 ἁνεστύριτον,
1010 1272 1069 1323 et
1116 1266 1331 1340 ignotis
1383 1268 1555 1324 rebus
1611 1265 1788 1341 gestis
1839 1266 2071 1323 illustre
2125 1265 2458 1344 relinquere
2503 1264 2748 1341 cogitur.
2823 1265 3100 1325 Priorem

602 1375 799 1428 autem
829 1372 1179 1429 sententiam
1212 1370 1445 1446 penitus
1476 1370 1743 1447 explodit
1770 1370 2167 1446 Evangelium
2197 1372 2254 1429 S.
2287 1372 2324 1428 J
2327 1373 2531 1430 oannis
2551 1368 2596 1430 3.

810 1480 908 1532 35.
968 1477 1109 1539 Quot
1154 1478 1439 1532 Paschata
1482 1478 1836 1533 celebraverit
1881 1480 2168 1535 Dominus.
2231 1476 2487 1535 Celebris
2525 1480 2614 1534 est
2649 1475 2929 1555 quaestiO,
2975 1476 3100 1533 iam

604 1578 741 1637 inde
772 1582 846 1638 ab
876 1569 1137 1659 antiquis
1166 1582 1526 1657 temporibus
1568 1582 1820 1656 agitata,
1871 1588 2016 1660 quot
2051 1583 2408 1640 Paschata
2451 1586 2614 1659 post
2661 1581 3100 1657 baptismum

605 1704 780 1742 suum
818 1684 1204 1745 celebraverit
1230 1684 1557 1744 Dominus?
1598 1685 1689 1743 De
1731 1687 1922 1745 tribus
1967 1688 2136 1745 nulla
2165 1708 2282 1745 esse
2313 1693 2501 1763 potest
2541 1686 2881 1762 disputatio.
2941 1684 3102 1742 Sunt

604 1791 748 1848 haec
778 1793 896 1848 tria
925 1792 1233 1867 paschata:
1265 1792 1573 1868 primum
1604 1798 1735 1867 post
1764 1792 2114 1851 miraculum
2145 1793 2210 1851 in
2241 1792 2401 1851 Cana
2429 1793 2653 1850 editum
2671 1789 2731 1862 ‘¹3
2774 1790 3099 1847 secundum

603 1900 733 1971 post
762 1895 1111 1954 miraculum
1156 1896 1415 1976 quinque
1454 1918 1673 1973 panum
1693 1895 1747 1969 ⁵3
1796 1900 2057 1969 tertium,
2106 1900 2172 1956 in
2219 1917 2334 1976 quo
2371 1896 2644 1956 Salvator
2689 1895 3101 1955 divinissimus

602 2021 802 2075 passus
832 2006 918 2059 est
933 1999 975 2059 ⁶.
1031 2001 1247 2059 Utrum
1276 2022 1417 2061 vero
1440 2003 1603 2061 aliud
1633 2004 1826 2061 adhuc
1853 2005 1977 2062 sive
2007 2009 2284 2081 quartum
2315 2004 2529 2078 pascha
2557 2000 2782 2059 ostendi
2813 1999 2999 2075 possit
3030 2002 3098 2058 in

602 2106 1062 2180 Evangeliorum
1089 2106 1397 2165 Historiis:
1430 2109 1517 2165 ita
1546 2114 1615 2165 ut
1640 2108 1906 2167 Christus
1937 2115 2066 2185 post
2095 2110 2434 2167 inchoatum
2467 2126 2642 2165 suum
2671 2104 3096 2177 ministerium,

602 2229 723 2277 non
772 2212 837 2269 in
882 2210 1058 2269 tertio
1106 2212 1296 2270 sedin
1328 2218 1536 2290 quarto
1582 2215 1857 2289 paschate
1893 2213 2210 2272 crucifixus
2247 2213 2344 2284 sit,
2397 2232 2503 2270 nec
2545 2232 2636 2283 ne,
2685 2211 3014 2285 ambigitur
3040 2208 3102 2267 ⁷?

604 2314 897 2377 Quartum
929 2315 1078 2374 illud
1106 2317 1321 2393 pascha
1344 2317 1581 2394 quidem
1604 2336 1723 2376 non
1746 2323 2093 2377 numeratur
2115 2318 2467 2376 nominatim
2489 2318 2552 2373 in
2577 2318 2756 2374 sacris
2779 2315 3096 2383 Historiis;

604 2421 699 2477 sed
749 2420 1048 2495 colligitur
1102 2422 1237 2479 inde
1281 2423 1390 2480 hoc
1435 2423 1557 2480 fere
1603 2424 1790 2481 mode.
1852 2423 1991 2481 Post
2036 2424 2248 2500 pascha
2297 2422 2556 2499 primum
2604 2442 2640 2479 a
2682 2423 2819 2479 divo
2866 2420 2903 2477 J
2906 2439 3100 2477 oanne

605 2532 1118 2585 commemoratum
1140 2524 1195 2598 ⁸;
1244 2531 1303 2584 et
1331 2532 1467 2585 ante
1499 2527 1650 2585 illud
1681 2548 1924 2607 sequens
1946 2526 1999 2599 ⁹3
2046 2527 2398 2585 describitur
2427 2527 2584 2604 apud
2613 2526 2863 2583 eundem
2893 2524 3099 2582 Evan-

603 2630 872 2705 gelistam
918 2632 1076 2690 aliud
1109 2633 1323 2690 festum
1352 2630 1398 2669 ¹⁰
1442 2632 1497 2711 ,ἡ
1546 2630 1704 2709 ἑορτὴ
1750 2635 1858 2689 τῶν
1889 2629 2210 2709 Ἰουδαίωνί,
2257 2633 2329 2689 ad
2376 2632 2530 2710 quod
2559 2631 2827 2689 Christus
2863 2628 2902 2686 J
2902 2649 3098 2687 eroso-

604 2734 794 2813 lymas
853 2738 1131 2795 ascendit.
1194 2736 1359 2799 Quod
1408 2756 1541 2795 cum
1585 2736 1781 2813 plures
1825 2740 2212 2813 interpretum
2239 2736 2281 2775 ¹¹
2328 2756 2433 2813 pro
2473 2735 2591 2794 alio
2629 2736 2886 2793 habeant
2913 2734 3098 2800 festo;

606 2997 889 3063 complecti
926 2998 1261 3047 manifestum
1300 3004 1429 3049 est.“
1498 2999 1630 3049 Ven.
1669 2999 1852 3048 Bedae
1889 3000 2083 3065 presb.‚
2123 2998 2188 3048 de
2225 3003 2385 3063 temp.
2423 2996 2631 3047 ratione
2667 2996 2702 3046 1.
2739 3012 2786 3046 c.
2823 2994 2991 3045 XLV.
3031 2993 3100 3043 de

606 3086 759 3135 annis
798 3085 1093 3135 dominicae
1130 3086 1529 3137 incarnationis.
1566 3086 1675 3136 Ed:
1697 3085 1812 3136 Col.
1843 3086 1990 3136 1688.
2027 3086 2098 3147 ΙΙ,
2125 3088 2207 3135 88.

818 3172 856 3237 1)
894 3172 1152 3222 Nonnulli
1190 3173 1439 3222 Veterum
1474 3174 1554 3221 sic
1590 3178 1862 3237 putavere,
1902 3188 2035 3237 quos
2061 3173 2319 3238 sequitur.
2355 3172 2407 3221 J.
2433 3172 2494 3221 F.
2521 3170 2572 3221 J.
2601 3169 2803 3233 cassel,
2833 3169 2983 3219 kann
3009 3168 3100 3218 die

606 3259 845 3325 Angabe,
885 3259 1010 3310 dass
1047 3259 1143 3310 das
1181 3258 1437 3309 Lehramt
1472 3260 1606 3310 Jesu
1647 3260 1704 3309 C.
1743 3275 1844 3310 nur
1869 3260 1955 3309 ein
1990 3258 2124 3310 Jahr
2159 3259 2418 3324 gedauert
2453 3258 2609 3319 habe,
2648 3272 2744 3308 aus
2769 3256 2890 3305 dem
2913 3256 3100 3306 Evan-

607 3344 801 3412 gelium
838 3346 1115 3395 bestritten
1154 3346 1403 3397 werden?
1444 3347 1673 3397 Paderb.
1705 3349 1852 3397 1851.
1879 3364 1930 3412 p.
1959 3349 2040 3397 13.
2065 3362 2107 3396 s.
2159 3347 2316 3397 Solus
2349 3350 2404 3395 et
2425 3361 2564 3396 unus
2601 3350 2793 3406 tamen,
2833 3350 3099 3409 quantum

606 3434 761 3485 nobis
789 3438 1014 3495 constat,
1053 3435 1192 3485 hanc
1228 3436 1532 3501 opinionem
1562 3442 1744 3485 nostro
1771 3440 2007 3498 tempore
2045 3433 2298 3484 defendit.
2350 3432 2390 3497 2)
2418 3433 2502 3483 De
2525 3432 2609 3483 his
2635 3430 2913 3481 adeundus
2940 3431 3003 3480 F.
3033 3432 3100 3481 X.

607 3520 874 3585 Patritius‚
901 3521 937 3571 l.
965 3538 1005 3572 s.
1033 3538 1078 3571 c.
1106 3522 1232 3573 diss.
1270 3523 1414 3585 XIX,
1442 3525 1490 3572 2.
1524 3539 1577 3587 p.
1606 3525 1720 3573 183.
1748 3538 1789 3572 s.
1847 3520 1887 3588 ³)
1924 3522 2045 3571 Non
2081 3522 2262 3587 inepte
2297 3518 2722 3586 Hengstenberg‚
2760 3518 2810 3568 d.
2835 3518 2939 3567 Etr.
2967 3518 3020 3567 d.
3047 3517 3099 3566 h.

608 3608 804 3658 Joann.
829 3609 873 3671 Ι,
902 3610 1019 3659 290.
1058 3608 1163 3658 huc
1198 3616 1418 3659 revocat
1454 3608 1768 3673 parabolam
1805 3608 2000 3659 Christi
2037 3607 2185 3674 apud
2207 3624 2250 3659 s.
2275 3608 2409 3657 Luc.
2438 3609 2520 3669 13,
2547 3608 2594 3657 6.
2620 3622 2680 3668 s.,
2717 3606 2808 3655 ubi
2833 3606 3100 3655 Dominus

608 3700 794 3745 noster
829 3696 1033 3746 sistitur
1069 3690 1405 3764 ἀμπελουργὸς
1444 3724 1509 3733 -
1547 3695 1722 3747 cultor
1767 3696 1958 3745 vineae
1994 3724 2060 3732 —
2097 3712 2193 3761 per
2229 3696 2540 3758 triennium3
2587 3693 2730 3759 quod
2776 3694 3104 3742 insumserat

610 3782 849 3832 docendo
888 3788 943 3832 et
978 3783 1381 3846 benefaciendo,
1428 3788 1481 3833 et
1516 3789 1695 3833 tamen
1731 3799 1826 3849 spe
1863 3798 1963 3834 sua
1998 3785 2310 3833 frustratus:
2347 3786 2470 3848 post
2501 3780 2644 3847 quod
2680 3780 2842 3830 latam
2881 3785 3100 3830 senten-

610 3871 738 3919 tiam
776 3870 1013 3920 iustitiae
1054 3870 1266 3920 divinae
1303 3874 1598 3920 remoratur
1632 3870 1948 3936 interposita
1981 3885 2170 3935 prece;
2218 3886 2275 3919 se
2313 3869 2450 3919 velle
2487 3869 2632 3917 circa
2667 3881 2784 3916 eam
2820 3865 3007 3915 fodere
3047 3872 3102 3915 et

610 3962 815 4008 stercus
850 3958 1083 4021 mittere,
1133 3958 1177 4006 si
1214 3956 1557 4007 nihilominus
1593 3972 1701 4007 non
1739 3958 1876 4007 ferat
1921 3958 2176 4019 fructum,
2224 3958 2450 4021 rigorem
2485 3954 2668 4005 iudicii
2703 3970 2811 4005 non
2849 3952 3098 4019 effug-iet!

608 4046 681 4095 Et
728 4060 853 4095 vere
902 4045 1043 4095 intra
1088 4044 1222 4095 illud
1271 4044 1373 4111 3¹s2
1423 4060 1680 4094 annorum
1733 4046 1962 4110 spatium
2017 4043 2146 4093 nihil
2195 4044 2550 4109 praetermisit
2598 4042 2840 4092 Christus
2895 4056 3100 4101 eorum,

609 4147 749 4198 quae
798 4132 868 4182 ad
915 4131 1315 4197 provocandum
1364 4130 1621 4197 populum
1669 4130 1818 4180 illum
1867 4130 1934 4180 ad
1979 4130 2256 4181 ferendum
2303 4130 2530 4180 fructum
2575 4130 2836 4179 bonorum
2875 4144 3102 4193 operum

609 4224 941 4285 spectarent:
992 4222 1045 4269 et-
1088 4226 1267 4269 tamen
1312 4234 1419 4267 non
1465 4217 1698 4268 reddidit
1741 4218 1994 4282 fructum,
2043 4218 2308 4269 Christum
2355 4222 2408 4269 et
2451 4217 2738 4283 Apostolos
2776 4216 3000 4279 occidit3
3047 4222 3104 4265 et

607 4304 728 4355 ideo
766 4307 1147 4356 exterminatus
1186 4310 1281 4357 est.
1354 4304 1395 4372 ⁴)
1431 4306 1628 4355 Joann.
1667 4308 1716 4367 2,
1753 4308 1833 4357 13.
1908 4307 1949 4371 ⁵)
1987 4306 2182 4357 Joann.
2209 4308 2257 4369 6,
2286 4307 2336 4356 4.
2409 4305 2450 4371 ⁶)
2487 4305 2684 4355 Joann.
2726 4307 2806 4366 13,
2849 4306 2896 4353 1.
2943 4304 3006 4351 V.
3045 4320 3101 4368 p.

608 4394 691 4441 42.
732 4394 815 4443 68.
853 4395 936 4445 98.
974 4410 1015 4444 s.
1053 4410 1095 4444 s.
1170 4392 1210 4459 ⁷)
1249 4393 1336 4443 Ita
1383 4393 1519 4443 enim
1567 4392 1860 4459 prodibunt
1903 4398 2008 4443 tres
2057 4394 2186 4443 anni
2231 4394 2448 4458 integri,
2495 4397 2550 4442 et
2585 4396 2788 4441 tantum
2825 4392 3102 4456 temporis,

612 4484 869 4544 quantum
906 4478 1145 4545 elapsum
1182 4479 1286 4530 fuit
1309 4484 1431 4545 post
1454 4480 1772 4545 baptismum
1811 4495 1983 4545 usque
2009 4480 2078 4530 ad
2103 4480 2326 4545 primum
2365 4480 2580 4545 pascha.
2643 4478 2683 4543 8)
2709 4478 2909 4528 Joann.
2936 4480 2985 4538 2,
3015 4480 3102 4527 13.

610 4566 653 4631 ¹³)
690 4567 888 4617 Joann.
914 4568 962 4629 6,
990 4570 1039 4616 4.
1104 4568 1166 4631 ¹⁰)
1202 4568 1400 4617 Joann.
1426 4570 1475 4631 5,
1506 4570 1551 4618 1.
1619 4568 1681 4632 11)
1708 4568 1854 4629 Quos
1891 4572 2134 4618 recenset
2167 4567 2368 4631 Meyer,
2407 4567 2486 4615 kr.
2513 4582 2595 4616 ex.
2621 4566 2801 4616 Hand.
2837 4569 2892 4616 fl.
2919 4565 2968 4615 d.
2994 4566 3100 4614 Er.

608 4654 804 4707 Joann.
844 4653 985 4705 Gott.
1014 4655 1165 4705 1856.
1204 4670 1253 4719 p.
1284 4657 1398 4705 170.
1448 4655 1509 4705 A.
1536 4655 1776 4721 ffisping,
1803 4654 1954 4705 Erkl.
1981 4655 2030 4705 d.
2057 4656 2158 4705 Ev.
2187 4670 2237 4703 n.
2263 4653 2388 4705 Joh.
2414 4655 2610 4704 Mtlnst.
2640 4654 2790 4703 1865.
2829 4668 2883 4720 p.
2913 4654 3026 4703 127.
