3267 5259
563 430 669 481 XII
1360 447 1614 490 Protheoria
1639 447 1686 489 in
1712 447 1825 488 nist.
1856 447 1961 489 Rev.
1996 447 2089 489 Div.
2120 447 2172 489 N.
2202 448 2251 489 '1⁸.

562 621 962 686 Apostolornm3
989 624 1044 672 in
1065 638 1173 673 una
1193 624 1392 674 dierum
1419 625 1550 674 Luc.
1566 625 1614 686 5,
1634 625 1714 673 17.
1739 629 1899 689 atque
1919 639 2080 674 voces
2100 623 2313 676 similes.
2337 624 2428 674 IV.
2450 625 2723 686 Quaedam
2746 625 3047 688 particulae

563 707 852 774 aliquando
880 708 1116 760 ordinem
1143 711 1466 772 continuum,
1505 710 1793 776 aliquando
1820 710 2190 776 interruptum,
2228 713 2485 776 appositis
2512 711 2717 762 scilicet
2740 712 2881 774 aliis,
2908 713 3047 762 indi-

565 801 714 859 cant3
753 796 894 860 quod
932 812 996 846 ex
1033 801 1284 847 contextu
1321 797 1609 847 eruendum
1649 801 1745 847 est.
1793 798 1879 847 Ita
1905 791 2026 865 μετὰ
2050 797 2201 848 ταῦτα
2234 798 2430 849 Joann.
2456 801 2505 862 3,
2530 801 2615 848 22.
2642 805 2695 850 et
2720 799 2853 848 Luc.
2882 801 2930 862 5,
2958 801 3045 849 27.

563 882 801 932 ordinem
827 884 1132 933 continuum
1160 883 1428 949 designat3
1467 884 1560 934 sed
1585 885 1782 935 Joann.
1812 886 1859 945 5,
1891 888 1935 934 1.
1974 887 2022 948 6,
2052 889 2097 935 1.
2135 885 2363 950 plurima
2380 885 2684 951 supplenda
2713 890 2853 936 sunt.
2892 885 3045 936 Idem

563 968 706 1018 valet
742 968 808 1018 de
844 969 1144 1035 particulis:
1183 966 1236 1019 δὲ
1275 967 1396 1030 ἰδού,
1433 967 1529 1031 καὶ,
1567 967 1618 1020 τὲ
1648 966 1769 1021 τότε.
1821 973 1882 1021 V.
1922 971 2129 1021 Accidit
2162 978 2223 1022 ιιι
2259 971 2362 1022 duo
2400 972 2780 1038 Evangelistae
2817 988 3044 1023 consen-

563 1056 721 1118 tiant,
780 1061 834 1104 et
882 1058 1065 1108 tertius
1121 1058 1280 1106 aliam
1317 1059 1504 1107 scriem
1561 1073 1734 1108 rerum
1791 1059 2060 1123 exhibeat3
2118 1075 2222 1125 quo
2272 1075 2403 1110 casu
2459 1059 2683 1109 duorum
2730 1058 3047 1125 suffragium

562 1143 984 1209 praeferendum,
1024 1145 1127 1195 nisi
1153 1145 1338 1195 tertius
1376 1150 1548 1196 certos
1575 1152 1627 1196 et
1650 1146 1959 1196 manifestos
1996 1149 2193 1196 servati
2220 1146 2420 1197 ordinis
2457 1146 2792 1197 characteres
2827 1146 3045 1198 habeat.

565 1229 643 1279 Cf.
671 1230 858 1279 Matth.
885 1233 933 1292 4,
963 1233 1044 1280 18.
1070 1248 1112 1281 s.
1163 1231 1326 1281 Marc.
1355 1235 1402 1294 1,
1431 1233 1512 1281 16.
1561 1233 1694 1282 Luc.
1722 1235 1769 1294 5,
1800 1235 1871 1296 1.;
1910 1233 2051 1282 item.
2087 1231 2251 1282 Marc.
2278 1235 2326 1296 5,
2353 1236 2437 1282 21.
2462 1249 2504 1284 s.
2552 1234 2686 1283 Luc.
2712 1235 2759 1295 8,
2786 1235 2874 1284 41.
2920 1235 3044 1285 coll.

561 1317 748 1367 Matth.
775 1319 824 1380 9,
854 1319 933 1368 18.
961 1333 1072 1384 seq.
1129 1319 1218 1368 VI.
1259 1318 1391 1368 Cum
1427 1326 1549 1385 post
1585 1321 1879 1384 expositam
1918 1319 2149 1385 aliquam
2187 1335 2313 1382 rem,
2352 1318 2645 1385 Scriptores
2686 1321 2827 1370 sacri
2863 1322 3045 1370 varias

563 1404 891 1470 subiungunt
934 1404 1209 1469 historias;
1266 1407 1451 1470 quaeri
1495 1404 1655 1455 debet
1702 1411 1822 1456 uter
1868 1421 2049 1456 eorum
2106 1407 2361 1456 rationem
2414 1408 2665 1472 temporis
2718 1408 3047 1458 attenderit?

563 1491 626 1540 In
667 1491 981 1557 quibusdam
1019 1492 1153 1542 locis
1179 1494 1314 1542 ratio
1339 1492 1472 1542 haec
1510 1494 1704 1543 certior
1728 1499 1825 1555 est,
1861 1496 1919 1542 in
1944 1492 2062 1543 aliis
2088 1493 2395 1559 probabilis,
2431 1495 2487 1542 in
2520 1494 2837 1559 quibusdam
2863 1495 3044 1545 dubia.

569 1578 976 1630 Observandum
1025 1581 1205 1644 itaque
1253 1594 1324 1630 an
1358 1580 1414 1628 in
1451 1581 1755 1630 narratione
1802 1581 1959 1631 unius
2008 1580 2399 1646 Hagiographi,
2450 1595 2559 1630 una
2606 1597 2663 1631 re
2712 1587 2837 1647 post
2883 1581 3044 1632 aliam

561 1671 845 1732 sequente,
892 1671 1053 1731 atque
1088 1668 1166 1716 ita
1200 1673 1262 1716 ut
1295 1673 1606 1732 sequentem
1652 1669 1997 1733 posteriorem
2036 1683 2153 1717 esse
2190 1672 2423 1730 constet,
2471 1669 2607 1718 inter
2648 1667 2789 1718 hanc
2824 1683 3043 1734 praece-

562 1753 773 1802 dentem
811 1758 864 1802 et
899 1752 1043 1802 illam
1081 1758 1390 1819 sequentem
1435 1753 1649 1820 aliquae
1686 1754 1823 1804 aliae
1858 1769 1944 1804 res
1991 1754 2342 1804 inserendae?
2386 1753 2443 1803 id
2492 1753 2635 1819 quod
2679 1754 2907 1820 diligens
2944 1757 3045 1805 cir-

563 1842 996 1890 cumstantiarum
1039 1840 1392 1892 consideratio
1430 1841 1659 1891 docebit.
1719 1841 1783 1890 E.
1809 1858 1857 1906 g.
1884 1841 2017 1890 Luc.
2044 1843 2091 1904 2,
2119 1842 2201 1890 39.
2240 1840 2362 1890 coll.
2386 1841 2573 1891 Matth.
2600 1843 2648 1904 2,
2678 1843 2757 1892 13.
2784 1859 2826 1892 s.
2872 1842 3043 1892 Marc.

562 1929 610 1989 3,
640 1929 720 1977 13.
745 1942 788 1976 s.
825 1926 946 1978 coll.
973 1930 1021 1990 6,
1051 1930 1130 1978 17.
1158 1943 1200 1977 s.
1241 1928 1286 1990 ’1,
1316 1931 1361 1977 1.
1387 1943 1430 1978 s.
1483 1926 1605 1977 Sive
1642 1929 1803 1992 igitur
1837 1943 1933 1993 per
1970 1929 2405 1994 anticipationem
2442 1929 2555 1978 sive
2590 1944 2686 1994 per
2722 1929 3043 1995 recapitula-

561 2014 756 2065 tionem
805 2014 950 2065 facta
995 2015 1064 2065 sit
1109 2016 1480 2080 transpositi03
1532 2029 1566 2064 a
1614 2015 1829 2080 reliquis
1878 2015 2237 2080 Evangelistis
2288 2014 2622 2078 discendum,
2673 2031 2779 2082 quo
2824 2015 2945 2066 loco
2991 2023 3046 2067 et

562 2101 744 2152 ordine
781 2101 1107 2152 collocetur?
1142 2107 1302 2167 atque
1345 2103 1400 2151 in
1447 2101 1541 2152 illa
1577 2100 1943 2167 disquisitione
1980 2102 2182 2152 tamdiu
2219 2101 2659 2168 progrediendum
2702 2105 2827 2164 erit,
2868 2104 3043 2153 donec

560 2189 690 2238 nihil
729 2188 956 2254 amplius
994 2187 1136 2253 quod
1173 2188 1592 2254 proponendum,
1630 2202 1727 2237 seu
1763 2189 2183 2238 interserendum
2220 2189 2289 2240 sit
2325 2194 2585 2239 occurrat.
2636 2189 2697 2240 V.
2729 2190 2928 2240 Joann.
2960 2194 3041 2241 11.

563 2275 684 2326 coll.
703 2275 889 2325 Matth.
909 2277 988 2338 19,
1009 2279 1052 2326 1.
1078 2277 1160 2338 20,
1179 2279 1224 2326 1.
1262 2275 1396 2325 Luc.
1417 2277 1464 2338 9,
1481 2278 1563 2325 51.
1608 2276 1730 2325 Non
1754 2289 1937 2340 parum
1964 2274 2051 2326 hic
2077 2275 2296 2326 adiuvat
2318 2277 2655 2341 interpretem
2684 2277 3042 2327 consideratio

561 2365 812 2428 temporis
848 2363 1331 2428 peregrinationum
1359 2367 1413 2412 et
1436 2363 1907 2412 commorationum
1946 2361 2157 2412 Christi.
2206 2363 2326 2412 VII.
2364 2363 2453 2412 Fit
2488 2363 2751 2412 interdum
2774 2367 2836 2413 ιιι
2860 2363 3045 2429 aliqua

563 2449 630 2499 de
664 2449 852 2499 iisdem
887 2451 1129 2515 personis
1167 2435 1222 2499 in
1246 2465 1386 2499 nexu
1411 2449 1747 2499 historiarum
1786 2451 2192 2514 coniungantur,
2232 2465 2369 2516 quae
2406 2455 2583 2499 tamen
2620 2464 2728 2500 non
2760 2450 2918 2500 simul
2947 2457 3045 2502 aut

562 2537 747 2588 eodem
783 2540 1046 2602 tempore3
1085 2536 1180 2587 sed
1217 2536 1426 2587 diverso
1466 2541 1773 2586 evenerunt.
1834 2536 1952 2597 Quo
1990 2551 2121 2586 casu
2166 2536 2589 2602 investigandum
2628 2542 2733 2600 est,
2772 2538 3041 2602 quomodo

564 2624 816 2689 distingui
865 2629 919 2673 et
964 2624 1190 2689 quodvis
1238 2639 1334 2675 suo
1377 2623 1496 2674 loco
1545 2627 1598 2673 et
1633 2623 1818 2673 ordine
1863 2623 2167 2688 ponendum
2204 2625 2285 2674 sit.
2345 2624 2429 2674 Ita
2472 2623 2533 2672 fit
2565 2623 2756 2674 Matth.
2793 2627 2875 2688 10,
2912 2627 2960 2674 1.
2998 2641 3043 2675 s.

562 2711 681 2761 coll.
715 2711 881 2761 Marc.
916 2712 964 2773 6,
1003 2713 1048 2760 ’1.
1097 2711 1229 2760 Luc.
1266 2713 1314 2774 9,
1353 2714 1398 2760 1.
1433 2727 1475 2760 s.
1538 2709 1643 2760 Sed
1680 2715 1735 2760 et
1770 2710 2091 2776 quandoque
2129 2709 2323 2760 similia
2359 2710 2673 2772 reseruntur,
2714 2715 2873 2776 atque
2908 2717 3041 2761 tunc

562 2797 748 2850 sedulo
775 2788 1179 2862 attendendum3
1221 2813 1291 2847 an
1314 2798 1640 2863 praecipuae
1670 2797 2101 2848 circumstantiae
2126 2798 2473 2859 conveniant3
2512 2798 2556 2848 si
2580 2799 2673 2858 ita,
2698 2801 2827 2847 tunc
2852 2797 3041 2849 eadem

561 2901 678 2936 esse
703 2886 1054 2951 reperiuntur.
1094 2885 1200 2935 Ubi
1223 2900 1350 2934 vero
1377 2884 1588 2934 diversa
1611 2885 1748 2946 loca,
1768 2889 2025 2950 tempora,
2044 2885 2227 2934 variae
2251 2899 2528 2950 personae,
2552 2885 2861 2935 occasiones
2888 2891 3039 2948 sunt3

561 2977 688 3022 tunc
723 2977 939 3039 propter
974 2970 1140 3022 solam
1178 2971 1597 3033 similitudinem,
1647 2985 1785 3036 quae
1821 2971 1963 3036 apud
1999 2969 2179 3036 plures
2214 2971 2591 3036 Evangelistas
2634 2973 2865 3037 repetita
2898 2977 3039 3034 sunt,

561 3076 668 3110 non
707 3059 903 3110 debent
940 3060 1281 3120 commisceri,
1319 3057 1416 3108 sed
1450 3059 1628 3124 potius
1666 3057 1912 3108 discerni.
1962 3057 2042 3107 Cf.
2077 3055 2263 3107 Matth.
2299 3059 2381 3120 20,
2409 3060 2491 3107 29.
2518 3073 2559 3108 s.
2610 3057 2731 3107 coll.
2762 3058 2931 3108 Marc.
2960 3062 3040 3122 10,

561 3149 643 3197 46.
693 3146 825 3196 Luc.
855 3147 936 3208 18,
963 3149 1047 3197 35.
1073 3161 1184 3212 seq.
1237 3145 1484 3196 Ceterum
1520 3161 1628 3195 non
1666 3145 1763 3195 abs
1789 3161 1845 3195 re
1872 3147 1972 3195 erit
1994 3159 2233 3194 monere:
2270 3159 2437 3210 penes
2475 3161 2681 3196 omnem
2718 3147 3038 3208 cautionem,

561 3248 653 3284 eos
690 3235 779 3299 qui
814 3233 1116 3298 Evangelia
1150 3247 1246 3298 pro
1283 3248 1458 3282 rerum
1489 3246 1554 3282 ac
1578 3238 1875 3298 temporum
1900 3232 2105 3281 ratione
2138 3236 2440 3295 contexunt,
2478 3230 2581 3282 hoc
2606 3248 2713 3282 non
2738 3239 3035 3298 praestare;

560 3326 621 3370 ut
655 3337 863 3386 semper
900 3322 1149 3370 evincant
1185 3321 1374 3370 seriem
1409 3319 1783 3380 Historiarum,
1826 3333 1963 3384 quae
2007 3334 2041 3367 a
2075 3317 2467 3384 Hagiographis
2503 3317 2704 3369 relatae
2740 3324 2867 3368 sunt
2904 3335 3040 3370 eam

561 3422 702 3458 esse
741 3421 994 3469 revera,
1033 3407 1143 3458 sed
1181 3421 1316 3456 eam
1351 3421 1495 3456 esse
1531 3419 1747 3472 posse.
1794 3406 1982 3471 Neque
2017 3405 2151 3454 illud
2176 3404 2245 3455 ad
2270 3411 2559 3455 extremum
2590 3405 2800 3456 silentio
2834 3423 3039 3471 preme-

559 3511 693 3557 mus,
727 3496 910 3560 inique
959 3509 1119 3561 agere
1165 3496 1507 3560 interpretes,
1548 3495 1639 3559 qui
1688 3509 1744 3544 se
1790 3497 1988 3543 vocant
2032 3494 2332 3556 criticos;
2382 3495 2539 3558 quive
2584 3493 2744 3542 talem
2788 3494 3036 3560 Evange-

556 3582 797 3632 listarum
837 3582 1192 3644 concordiam,
1231 3581 1444 3647 qualem
1469 3595 1502 3630 a
1529 3581 1765 3647 profanis
1788 3579 2147 3631 Historiarum
2175 3581 2537 3630 conditoribus
2562 3597 2716 3630 nemo
2744 3587 3036 3647 exspectat,

557 3671 635 3719 ita
667 3669 935 3734 flagitant3
973 3674 1033 3719 ut
1065 3668 1214 3718 illam
1240 3669 1398 3718 etiam
1436 3668 1845 3734 discrepantiam
1883 3671 2120 3732 carpant,
2159 3681 2297 3732 quac
2322 3681 2355 3716 a
2387 3667 2593 3717 diverso
2632 3669 2745 3716 sive
2782 3669 3037 3718 narrandi

561 3755 734 3818 mod0,
773 3757 886 3806 sive
923 3755 1194 3821 scriptoris
1232 3755 1454 3805 consilio
1493 3754 1787 3804 derivanda
1824 3759 1917 3804 est.

769 3844 833 3896 11.
886 3844 952 3895 In
993 3849 1223 3896 mutuam
1259 3843 1645 3910 Evanqcliorum
1690 3842 1976 3894 relationem
2018 3843 2305 3910 inquiritur.
2368 3841 2622 3902 Quamvis
2669 3841 2776 3891 otio
2824 3843 3039 3892 minime

560 3928 906 3991 abundemus,
945 3943 1010 3978 ac
1033 3929 1138 3978 iam
1165 3928 1362 3978 dudum
1386 3930 1442 3978 in
1466 3933 1618 3980 tanta
1658 3927 2023 3994 hypotheseon
2046 3929 2222 3994 copia,
2263 3928 2455 3994 quibus
2492 3929 2763 3978 saeculum
2800 3935 3039 3979 nostrum

557 4019 614 4067 in
648 4015 941 4066 tractandis
979 4016 1032 4066 S.
1059 4015 1344 4082 scripturis
1382 4016 1623 4066 abundat
1656 4015 1921 4066 fastidiosi
1967 4015 2157 4079 simus3
2204 4020 2264 4064 ut
2298 4021 2476 4065 tamen
2516 4015 2864 4082 quorumdam
2901 4015 3037 4066 desi-

562 4103 718 4153 deriis
755 4100 996 4164 satisfiat,
1035 4104 1398 4168 quaestionem
1435 4103 1787 4152 instituimus:
1826 4102 1893 4152 de
1928 4107 2113 4152 mutua
2138 4102 2606 4168 Evangelistarum
2636 4104 2773 4152 inter
2810 4117 2870 4152 se
2904 4103 3038 4153 rela-

559 4191 731 4254 tione3
769 4189 855 4239 vel
891 4195 952 4239 ut
977 4189 1067 4238 alii
1106 4189 1344 4239 scribunt
1381 4188 1456 4238 de
1492 4189 1793 4239 fontibus
1832 4189 2068 4255 quibus
2104 4189 2581 4255 Evangelistae
2616 4190 2680 4238 in
2716 4189 3039 4240 Historiis

558 4277 626 4326 D.
650 4276 714 4326 N.
739 4276 792 4327 J.
820 4276 924 4326 ch.
950 4276 1317 4326 referendis
1343 4277 1442 4326 usi
1467 4277 1615 4326 sint.
1662 4275 1777 4326 Ista
1803 4275 2013 4342 quidem
2041 4278 2302 4342 quaestio,
2330 4277 2396 4326 de
2422 4291 2527 4341 qua
2552 4277 2776 4326 nimbosi
2802 4277 3038 4328 turbines

559 4365 612 4414 in
651 4363 846 4414 scholis
883 4365 1100 4414 excitari
1137 4364 1312 4416 solent
1347 4363 1469 4414 talis
1508 4369 1614 4426 est,
1662 4363 1809 4430 quali
1844 4363 2207 4414 Revelationis
2253 4363 2465 4413 divinae
2502 4369 2607 4413 tam
2647 4365 2843 4414 veritas
2880 4379 3037 4430 quam

561 4450 791 4516 dignitas
827 4450 986 4500 facile
1025 4455 1186 4500 caret.
1245 4451 1307 4500 L.
1335 4449 1400 4499 Ο.
1432 4449 1737 4512 Zockler,
1776 4450 1861 4500 die
1897 4450 2397 4516 Evangelienkritik
2433 4449 2543 4500 und
2580 4449 2676 4500 das
2712 4449 3039 4500 Lebensbild

563 4537 758 4588 Christi
795 4537 932 4587 nach
971 4537 1064 4586 der
1101 4536 1312 4587 Schrift.
1349 4537 1580 4587 Darmst.
1622 4538 1773 4587 1865.
1812 4553 1862 4602 p.
1889 4539 1971 4587 34.
2033 4538 2137 4586 Pro
2176 4537 2493 4586 certitudine
2526 4535 2651 4586 fidei
2686 4550 2819 4586 sane
2854 4551 3038 4602 parum

559 4626 782 4675 interest
818 4625 971 4686 scire,
1012 4637 1082 4673 an
1119 4630 1178 4673 ut
1213 4625 1411 4689 passim
1447 4639 1590 4673 nunc
1627 4625 1851 4674 sumitur
1886 4641 1929 4674 s.
1954 4624 2121 4673 Marci
2160 4624 2592 4674 commentarium
2630 4639 2659 4673 e
2692 4623 2951 4673 Matthaei
2988 4627 3041 4672 et
