3267 5259
940 395 982 435 S.
1006 395 1051 436 S.
1074 394 1189 435 Petri
1217 396 1263 436 et
1290 394 1413 436 Pauli
1442 394 1664 437 Historiae
1693 399 1738 437 et
1763 396 2030 448 Martyrium.
2602 388 2731 453 455

228 574 402 633 Deus
456 579 652 633 tamen
694 577 749 634 ei
796 576 1003 647 adfuit,
1050 595 1267 654 suaque
1320 577 1511 651 gratia
1560 577 1944 648 confortavit3
1993 583 2064 636 ut
2105 582 2396 655 passiones
2451 580 2728 641 alacriter

228 680 429 738 ferret
458 685 517 738 et
545 679 993 755 praedicationis
1040 700 1181 757 opus
1222 680 1524 757 perficeret
1548 678 1586 739 ¹.
1634 680 1802 743 Quod
1844 688 2100 741 ceterum
2147 684 2479 744 vehementi
2524 688 2719 746 studio

228 790 477 861 optarat
507 785 836 862 Apostolus,
884 790 955 843 ut
983 805 1219 863 corpore
1250 788 1417 865 quasi
1448 804 1674 844 carcere
1719 786 2001 845 liberatus
2046 795 2194 846 esset
2238 808 2370 847 cum
2415 789 2646 849 Christo
2666 787 2708 864 ²,

226 890 299 947 id
334 889 612 948 obtinuit.
668 891 825 948 Nero
856 891 1091 949 tandem
1130 891 1195 949 in
1224 910 1355 949 suos
1383 892 1622 967 perinde
1653 911 1720 950 ac
1748 893 2084 967 peregrinos
2116 913 2340 967 saevus,
2387 893 2445 953 S.
2479 896 2721 956 Petrum

230 1002 526 1074 tanquam
556 998 945 1071 alienigenam
977 1016 1043 1055 ac
1070 1000 1405 1070 barbarum,
1441 1000 1604 1075 prius
1645 1000 1898 1057 fustibus
1941 1018 2170 1059 caesum
2200 1003 2264 1059 in
2295 1020 2524 1060 crucem
2544 1000 2568 1041 3
2600 1002 2720 1077 agi,

226 1100 293 1158 S.
331 1099 629 1159 Paulum4
657 1121 795 1159 vero
827 1101 1015 1177 capite
1035 1100 1059 1137 ⁵
1088 1103 1265 1178 plecti
1296 1103 1468 1161 iussit
1486 1100 1527 1161 θ.
1561 1103 1877 1161 Testantur
1907 1104 1967 1162 id
1997 1104 2316 1180 Scriptores
2348 1112 2406 1163 et
2437 1106 2714 1177 Tabulae,

228 1212 363 1263 tam
394 1205 710 1263 Orientalis
740 1225 916 1285 quam
940 1206 1323 1265 Occidentalis
1352 1208 1660 1266 Ecclesiae.
1694 1208 1845 1267 Loca
1873 1210 1976 1267 ubi
2008 1229 2206 1271 eorum
2236 1228 2479 1285 corpora
2507 1212 2717 1269 hones-

226 1311 461 1368 tissime
516 1310 741 1369 tumulo
792 1310 963 1370 illata
1004 1312 1183 1384 fuere,
1235 1312 1391 1371 inter
1434 1312 1586 1389 ipsas
1648 1313 2117 1389 persecutionum
2179 1314 2461 1391 procellas
2526 1315 2714 1373 veluti

230 1415 608 1473 nobilissima
662 1417 941 1491 trophaea
981 1418 1261 1477 victoriae
1302 1436 1337 1474 a
1375 1417 1738 1476 Christicolis
1781 1438 2006 1477 summo
2050 1420 2270 1478 honore
2311 1420 2516 1477 habita
2561 1424 2716 1478 sunt.

226 1520 319 1578 Ut
352 1521 491 1577 adeo
536 1522 691 1577 diem
738 1521 1118 1579 emortualem
1167 1514 1227 1579 et
1270 1522 1575 1598 sepulchra
1604 1523 2048 1599 Apostolorum:
2095 1525 2259 1582 Petri
2305 1527 2370 1581 in
2403 1524 2704 1596 vaticam,

224 1624 413 1683 Pauli
458 1623 523 1681 in
564 1628 666 1682 via
710 1626 969 1695 Ostensi3
1024 1629 1253 1684 notiora
1296 1646 1472 1705 quam
1526 1627 1708 1703 ipsius
1741 1627 2067 1685 Alexandri
2115 1630 2198 1685 M.
2251 1628 2548 1686 affirmare
2601 1648 2718 1686 non

224 1729 468 1787 dubitet
497 1728 553 1786 S.
588 1730 623 1786 J
626 1750 838 1788 oannes
870 1730 1310 1807 chrysostomus
1336 1729 1377 1789 ⁷.

448 1990 485 2055 ¹)
512 1989 579 2039 11.
606 1990 741 2039 Tim.
768 1994 817 2053 4,
842 1992 920 2039 17.
984 1990 1024 2055 ²)
1063 1990 1195 2040 Phil.
1226 1990 1272 2052 1,
1301 1993 1382 2040 23.
1442 1990 1483 2055 ³)
1522 1989 1750 2056 Impleta
1785 1991 1864 2041 sic
1897 1990 2096 2039 diserta
2133 1990 2494 2057 praedictione
2521 1990 2720 2041 Christi

226 2076 378 2143 apud
426 2076 691 2127 Joannem
740 2078 821 2139 21,
864 2078 944 2127 18.
995 2080 1075 2127 19.
1136 2078 1300 2127 Porro
1339 2078 1453 2143 ipso
1503 2075 1555 2127 S.
1594 2078 1753 2126 Petro
1809 2076 2022 2126 volente
2069 2082 2123 2127 et
2165 2082 2404 2144 petente,
2452 2080 2529 2127 ita
2575 2080 2720 2127 cruci

224 2164 427 2214 affixus
464 2164 579 2227 fnit,
616 2170 677 2213 ut
711 2164 874 2229 pedes
916 2166 973 2214 in
1013 2164 1237 2215 sublime
1277 2164 1512 2214 elevatos
1558 2164 1794 2226 haberet,
1834 2169 1996 2230 caput
2031 2180 2157 2215 vero
2207 2164 2453 2216 deorsum
2487 2180 2717 2215 versum.

230 2252 427 2301 Testes
472 2256 620 2301 suntt
674 2250 957 2317 Origenes,
1006 2251 1149 2318 apud
1196 2251 1396 2301 Euseb.
1446 2252 1513 2301 H.
1548 2252 1614 2300 E.
1652 2250 1750 2313 ΙΙΙ,
1789 2254 1834 2301 1.
1871 2268 1923 2317 p.
1960 2252 2040 2301 71.
2091 2250 2143 2301 S.
2177 2252 2501 2315 Ambrosius,
2537 2254 2594 2302 in
2629 2252 2718 2303 Ps.

230 2339 352 2389 118.
394 2354 575 2405 expos.
613 2354 663 2387 n.
702 2340 785 2388 21.
832 2354 883 2404 p.
923 2339 1075 2388 1245.
1150 2338 1301 2399 „Non
1353 2337 1454 2386 fuit
1510 2338 1853 2403 opprobrium
1904 2336 2065 2388 Petro
2119 2354 2246 2388 crux
2302 2337 2520 2401 Christi,
2579 2354 2716 2404 quae

223 2430 441 2475 tantum
477 2426 527 2474 ei
562 2424 765 2491 gloriae
803 2424 965 2488 dedit,
1003 2429 1062 2475 ut
1098 2426 1325 2474 inversis
1364 2424 1629 2474 Christum
1667 2424 1954 2474 honoraret
1987 2426 2255 2491 vestigiis,
2291 2430 2530 2476 metuens
2567 2442 2635 2475 ne
2671 2426 2716 2475 si

225 2528 297 2562 ea
346 2513 523 2578 specie
570 2510 851 2565 crucifixus
890 2517 1047 2573 esset,
1095 2526 1202 2577 qua
1248 2512 1526 2575 Dominus,
1566 2511 1846 2562 affectasse
1882 2512 2097 2561 Domini
2134 2512 2358 2577 gloriam
2394 2512 2710 2563 videretur.“

222 2599 439 2650 Eadem
494 2599 651 2664 plane
708 2600 899 2649 cecinit
951 2604 1113 2664 poe‘ta
1167 2598 1485 2651 christianus
1534 2598 1857 2649 Prudentius
1913 2596 2055 2666 ,,περὶ
2109 2595 2390 2666 στεφάνωνίί
2452 2600 2580 2661 XII,
2633 2601 2712 2651 11.

222 2704 278 2753 p.
320 2688 439 2735 246.
512 2684 553 2751 ⁴)
594 2685 823 2735 Civitate
859 2700 1081 2735 romana
1118 2685 1385 2735 donatum.
1423 2685 1485 2733 V.
1523 2701 1573 2750 p.
1610 2686 1730 2733 327.
1765 2686 1813 2734 8.
1887 2686 1929 2749 ⁵)
1967 2686 2050 2735 De
2087 2685 2372 2752 Reliquiis,
2421 2686 2712 2752 sepultura,

222 2773 517 2835 Ecclesiis,
574 2772 814 2837 locisque
866 2772 1068 2822 Romae
1124 2772 1190 2822 ob
1244 2774 1552 2823 memoriam
1605 2771 1978 2837 Apostolorum
2031 2774 2177 2822 Petri
2233 2778 2285 2822 et
2337 2773 2494 2823 Pauli
2547 2774 2712 2823 sacris

224 2862 440 2926 egregie
480 2860 819 2909 commentati
865 2864 1012 2909 sunt:
1057 2860 1393 2925 Arringhius,
1432 2860 1601 2908 Roma
1648 2859 2020 2921 subterranea,
2069 2859 2104 2909 1.
2145 2860 2221 2922 11,
2250 2862 2298 2909 6.
2351 2863 2396 2921 1,
2423 2861 2540 2909 232.
2571 2876 2612 2909 s.
2659 2866 2712 2911 et

222 2948 257 2998 l.
294 2946 397 3009 ΙΙΙ,
434 2948 483 2995 3.
516 2964 568 3013 p.
602 2948 723 2996 411.
757 2964 797 2996 s.
847 2945 905 2996 C.
941 2946 1102 3009 Gotti,
1137 2948 1259 2996 Ver.
1297 2947 1391 2996 rel.
1430 2946 1536 2995 chr.
1573 2951 1636 2996 tr.
1670 2946 1762 2997 VI.
1801 2950 1847 3009 1,
1888 2948 1965 2996 15.
2003 2962 2052 3012 p.
2081 2947 2197 2996 600.
2237 2952 2290 2996 et
2317 2948 2365 3009 2,
2393 2949 2476 2996 24.
2514 2964 2566 3012 p.
2592 2948 2710 2998 543.

222 3036 296 3085 D.
334 3034 760 3100 Papebrochius,
810 3034 923 3083 Act.
963 3034 1015 3083 S.
1052 3033 1179 3084 Jun.
1217 3035 1280 3095 V,
1319 3036 1439 3083 429.
1484 3052 1525 3084 s.
1564 3035 1633 3083 ib.
1673 3034 1789 3084 VII.
1829 3037 1876 3097 2,
1915 3036 1999 3083 37.
2060 3031 2135 3083 St.
2179 3033 2402 3099 Borgia,
2447 3034 2713 3084 Vaticana

225 3121 510 3171 Confessio
538 3137 578 3170 s.
606 3121 750 3170 Petri
774 3137 825 3186 p.
855 3122 902 3170 7.
928 3136 969 3169 s.
1008 3120 1207 3185 aliique
1244 3121 1341 3170 viri
1380 3120 1687 3170 doctissimi.
1736 3120 1777 3187 6)
1816 3122 1937 3182 Qua
1961 3120 2028 3170 de
2055 3134 2220 3170 causa
2243 3120 2383 3170 Nero
2418 3120 2466 3169 d.
2494 3121 2708 3171 Petrum

223 3214 280 3258 et
317 3206 541 3258 Paulum
580 3206 917 3269 interfecerit,
969 3222 1075 3255 non
1122 3222 1231 3256 una
1280 3210 1360 3257 est
1404 3208 1720 3273 scriptorum
1765 3208 2044 3258 sententia.
2083 3205 2135 3256 S.
2175 3206 2436 3269 Clemens,
2475 3206 2545 3256 ad
2583 3208 2704 3257 Cor.

228 3300 276 3345 1.
304 3294 353 3343 5.
386 3293 465 3343 ed.
492 3294 614 3344 Hef.
640 3294 730 3343 IV.
756 3310 807 3359 p.
834 3296 917 3343 61.
955 3294 1226 3344 insinuare
1264 3293 1497 3343 videtur:
1540 3298 1787 3360 „propter
1817 3293 1990 3343 zelum
2019 3294 2169 3342 verbi
2219 3308 2413 3359 praeco
2468 3294 2702 3357 factus;“

222 3380 370 3447 quod
410 3385 461 3430 et
496 3381 552 3429 in
589 3395 802 3430 earcere
848 3380 1049 3431 detenti
1097 3380 1364 3429 Christum
1408 3380 1794 3446 praedicarent.
1834 3380 1886 3430 S.
1924 3380 2250 3442 Ambrosius,
2288 3394 2442 3430 serm.
2481 3395 2526 3429 c.
2563 3381 2700 3431 Aux.

222 3486 277 3518 n.
314 3470 396 3518 13.
421 3467 499 3528 113
539 3468 655 3517 866.
697 3471 749 3515 et
787 3466 838 3517 S.
864 3466 1106 3517 Joannes
1144 3466 1567 3532 Chrysostomus,
1605 3467 1744 3517 hom.
1782 3468 1866 3517 46.
1901 3468 1956 3517 in
1979 3468 2116 3516 Acta
2150 3483 2200 3516 n.
2229 3470 2275 3517 3.
2304 3484 2354 3533 p.
2382 3468 2498 3516 349.
2536 3468 2706 3518 Paulo

224 3556 433 3604 crimini
470 3570 586 3604 esse
625 3554 806 3604 datum
842 3554 1028 3618 tradit3
1068 3554 1212 3621 quod
1250 3556 1475 3605 Neronis
1511 3555 1692 3620 pellici
1729 3555 2068 3604 christianam
2105 3554 2263 3604 fidem
2299 3556 2708 3620 castitatemque

224 3642 471 3693 suaserit.
509 3640 563 3691 S.
601 3640 887 3691 Clementis
924 3642 1092 3691 verba
1126 3642 1341 3691 uberius
1391 3644 1635 3707 exposuit
1671 3643 2001 3704 Lactantius,
2043 3642 2107 3691 de
2155 3642 2411 3691 mortibus
2457 3658 2704 3705 persecu-

224 3736 413 3779 torum.
452 3744 497 3777 c.
524 3730 571 3777 2.
600 3728 681 3779 ed.
706 3728 917 3779 Baluzii
952 3746 1003 3794 p.
1042 3731 1124 3779 30.
1174 3727 1225 3778 S.
1266 3728 1317 3778 S.
1361 3729 1573 3779 Petrum
1612 3733 1665 3777 et
1699 3729 1926 3779 Paulum
1962 3728 2164 3777 Romae
2201 3744 2318 3779 esse
2355 3734 2590 3778 mortuos
2629 3730 2707 3777 ita

224 3816 429 3867 clarum
455 3821 508 3865 et
532 3820 783 3867 testatum
810 3816 904 3879 est,
941 3820 1001 3865 ut
1024 3816 1271 3881 Basnage
1297 3816 1537 3881 pertinax
1566 3817 1792 3881 scriptor
1817 3822 1994 3866 sectae
2023 3814 2232 3865 Calvini
2257 3815 2410 3865 fateri
2437 3814 2703 3863 debueritt

228 3904 447 3969 „Neque
502 3902 615 3952 ulla
667 3917 899 3969 unquam
946 3902 1160 3952 traditio
1206 3902 1321 3964 fuit,
1372 3916 1508 3966 quae
1554 3904 1758 3952 maiore
1801 3904 2014 3952 testium
2063 3916 2280 3951 numero
2338 3902 2598 3966 cingatur,
2648 3906 2706 3951 ut

224 3991 459 4041 dubitari
495 4005 603 4040 non
640 3991 823 4056 possit,
864 3992 991 4055 quin
1031 3991 1209 4039 omnia
1244 3989 1499 4039 historiae
1536 3989 1885 4039 fundamenta
1921 3988 2339 4039 convellantur“.
2366 3987 2558 4037 Annal.
2594 3986 2704 4052 pol.

225 4076 354 4128 eccl.
382 4090 429 4126 a.
457 4078 540 4140 64,
567 4078 614 4126 9.
643 4094 694 4141 p.
723 4078 838 4126 727.
863 4077 1099 4142 Ideoque
1122 4078 1409 4143 scriptores
1434 4076 1718 4127 acatholici
1740 4104 1806 4112 -—-
1828 4091 1873 4125 e.
1901 4092 1944 4126 c.
1973 4075 2166 4137 Schaff,
2196 4073 2386 4124 Gesch.
2413 4073 2508 4124 der
2531 4079 2704 4139 apost.

222 4164 435 4226 Kirche‚
474 4180 527 4230 p.
564 4165 683 4213 367.
721 4180 763 4214 s.
802 4165 1003 4229 —ipsi
1058 4164 1211 4214 nobis
1268 4165 1431 4212 otium
1485 4164 1692 4213 faciunt
1745 4165 1800 4213 in
1852 4163 2172 4213 refutatione
2227 4161 2698 4224 perditissimorum

223 4253 542 4313 criticorum,
579 4250 681 4300 hoc
718 4251 914 4301 factum
963 4250 1169 4301 inficias
1216 4251 1469 4301 euntium.
1518 4250 1666 4316 Lege
1705 4256 1935 4300 ceterum
1973 4249 2310 4313 Fogginium,
2361 4247 2426 4297 de
2461 4248 2612 4300 Rom.
2651 4248 2700 4297 d.

224 4340 365 4389 Petri
390 4340 579 4388 itinere
606 4339 819 4388 exercit.
846 4338 957 4387 XV.
980 4354 1030 4404 p.
1052 4340 1168 4389 367.
1193 4353 1235 4388 s.
1262 4338 1348 4388 Fr.
1369 4337 1916 4399 Windischmannum,
1937 4335 2212 4386 vindiciae
2234 4336 2372 4385 Petr.
2394 4352 2445 4401 p.
2467 4338 2548 4385 56.
2570 4352 2611 4385 s.
2634 4364 2699 4373 ·-

220 4426 449 4491 Egregie
487 4424 613 4475 olim
650 4426 756 4474 iam
791 4425 1080 4487 Eusebius,
1120 4426 1256 4475 Hist.
1283 4424 1411 4474 eccl.
1437 4425 1509 4487 Π,
1536 4426 1619 4474 25.
1649 4442 1698 4490 p.
1727 4426 1808 4475 67.
1851 4424 2053 4485 „Quam
2091 4422 2302 4488 quidem
2339 4424 2700 4473 narrationem

224 4511 435 4562 abunde
473 4510 787 4561 confirmant
823 4512 965 4561 Petri
1016 4510 1277 4577 Paulique
1323 4514 1534 4561 nomine
1581 4512 1835 4577 insignita
1878 4514 2236 4571 monumenta,
2278 4524 2416 4575 quae
2459 4512 2515 4559 in
2551 4512 2698 4561 urbis

222 4602 421 4655 Romae
472 4600 804 4653 coemeteriis
854 4600 1140 4652 etiamnum
1186 4601 1479 4652 visuntur.“
1551 4598 1593 4665 ⁷)
1636 4600 1774 4663 „Ubi
1830 4600 1966 4652 enim
2005 4612 2222 4669 quaeso,
2280 4600 2369 4664 ait,
2407 4598 2699 4653 Alexandri
