<?xml version="1.0" encoding="UTF-8"?>
<!DOCTYPE html PUBLIC "-//W3C//DTD XHTML 1.0 Transitional//EN"
    "http://www.w3.org/TR/xhtml1/DTD/xhtml1-transitional.dtd">
<html xmlns="http://www.w3.org/1999/xhtml" xml:lang="en" lang="en">
 <head>
  <title>
</title>
<meta http-equiv="Content-Type" content="text/html;charset=utf-8" />
  <meta name='ocr-system' content='tesseract 3.04.00' />
  <meta name='ocr-capabilities' content='ocr_page ocr_carea ocr_par ocr_line ocrx_word'/>
</head>
<body>
  <div class='ocr_page' id='page_1' title='image "./historiarevelat00unkngoog_0188.png"; bbox 0 0 3267 5259; ppageno 0'>
   <div class='ocr_carea' id='block_1_1' title="bbox 595 408 2407 472">
    <p class='ocr_par' dir='ltr' id='par_1_1' title="bbox 595 408 2407 472">
     <span class='ocr_line' id='line_1_1' title="bbox 595 408 2407 472; baseline -0.008 -10"><span class='ocrx_word' id='word_1_1' title='bbox 595 408 682 472; x_wconf 84' lang='grc'>60</span> <span class='ocrx_word' id='word_1_2' title='bbox 1267 414 1386 457; x_wconf 73' lang='lat' dir='ltr'><strong>nist.</strong></span> <span class='ocrx_word' id='word_1_3' title='bbox 1417 415 1522 457; x_wconf 71' lang='lat' dir='ltr'><strong>nov.</strong></span> <span class='ocrx_word' id='word_1_4' title='bbox 1553 414 1641 455; x_wconf 69' lang='lat' dir='ltr'><strong>div.</strong></span> <span class='ocrx_word' id='word_1_5' title='bbox 1671 414 1726 455; x_wconf 72' lang='lat' dir='ltr'><strong>u.</strong></span> <span class='ocrx_word' id='word_1_6' title='bbox 1756 412 1807 454; x_wconf 77' lang='lat'><strong>¹1¹.</strong></span> <span class='ocrx_word' id='word_1_7' title='bbox 1828 412 2007 454; x_wconf 65' lang='lat' dir='ltr'><strong>renos.</strong></span> <span class='ocrx_word' id='word_1_8' title='bbox 2035 411 2070 453; x_wconf 91' lang='lat'><strong>1.</strong></span> <span class='ocrx_word' id='word_1_9' title='bbox 2092 422 2186 462; x_wconf 66' lang='grc' dir='ltr'><strong>οη.</strong></span> <span class='ocrx_word' id='word_1_10' title='bbox 2214 410 2407 461; x_wconf 58' lang='lat' dir='ltr'><strong>pamm.</strong></span> 
     </span>
    </p>
   </div>
   <div class='ocr_carea' id='block_1_2' title="bbox 597 590 3091 3813">
    <p class='ocr_par' dir='ltr' id='par_1_2' title="bbox 597 590 3091 3813">
     <span class='ocr_line' id='line_1_2' title="bbox 597 590 3075 669; baseline -0.004 -11"><span class='ocrx_word' id='word_1_11' title='bbox 597 602 941 659; x_wconf 80' lang='lat' dir='ltr'><strong>observante</strong></span> <span class='ocrx_word' id='word_1_12' title='bbox 971 600 1170 655; x_wconf 84' lang='lat' dir='ltr'><strong>sancto</strong></span> <span class='ocrx_word' id='word_1_13' title='bbox 1200 594 1534 669; x_wconf 87' lang='lat' dir='ltr'><strong>Augustino</strong></span> <span class='ocrx_word' id='word_1_14' title='bbox 1560 592 1597 667; x_wconf 86' lang='lat'><strong>¹,</strong></span> <span class='ocrx_word' id='word_1_15' title='bbox 1648 612 1765 650; x_wconf 92' lang='lat' dir='ltr'><strong>non</strong></span> <span class='ocrx_word' id='word_1_16' title='bbox 1795 612 1945 665; x_wconf 90' lang='lat' dir='ltr'><strong>eum,</strong></span> <span class='ocrx_word' id='word_1_17' title='bbox 1994 593 2095 669; x_wconf 90' lang='lat' dir='ltr'><strong>qui</strong></span> <span class='ocrx_word' id='word_1_18' title='bbox 2139 592 2231 650; x_wconf 92' lang='lat' dir='ltr'><strong>illi</strong></span> <span class='ocrx_word' id='word_1_19' title='bbox 2262 590 2612 667; x_wconf 85' lang='lat' dir='ltr'><strong>simpliciter</strong></span> <span class='ocrx_word' id='word_1_20' title='bbox 2638 592 3075 667; x_wconf 80' lang='lat' dir='ltr'><strong>obtemperaret,</strong></span> 
     </span>
     <span class='ocr_line' id='line_1_3' title="bbox 601 695 3079 783; baseline -0.004 -20"><span class='ocrx_word' id='word_1_21' title='bbox 601 724 842 783; x_wconf 89' lang='lat' dir='ltr'><strong>eamque</strong></span> <span class='ocrx_word' id='word_1_22' title='bbox 887 704 1088 761; x_wconf 86' lang='lat' dir='ltr'><strong>doceat</strong></span> <span class='ocrx_word' id='word_1_23' title='bbox 1131 720 1412 775; x_wconf 89' lang='lat' dir='ltr'><strong>magnum</strong></span> <span class='ocrx_word' id='word_1_24' title='bbox 1454 699 1572 757; x_wconf 90' lang='lat' dir='ltr'><strong>dici</strong></span> <span class='ocrx_word' id='word_1_25' title='bbox 1603 718 1765 775; x_wconf 87' lang='lat' dir='ltr'><strong>posse</strong></span> <span class='ocrx_word' id='word_1_26' title='bbox 1807 698 1873 755; x_wconf 89' lang='lat' dir='ltr'><strong>in</strong></span> <span class='ocrx_word' id='word_1_27' title='bbox 1905 717 2081 772; x_wconf 88' lang='lat' dir='ltr'><strong>regno</strong></span> <span class='ocrx_word' id='word_1_28' title='bbox 2113 697 2421 755; x_wconf 89' lang='lat' dir='ltr'><strong>coelorum.</strong></span> <span class='ocrx_word' id='word_1_29' title='bbox 2468 695 2741 754; x_wconf 85' lang='lat' dir='ltr'><strong>Christus</strong></span> <span class='ocrx_word' id='word_1_30' title='bbox 2786 696 2945 754; x_wconf 80' lang='lat' dir='ltr'><strong>dicta</strong></span> <span class='ocrx_word' id='word_1_31' title='bbox 2986 717 3079 753; x_wconf 84' lang='lat' dir='ltr'><strong>sua</strong></span> 
     </span>
     <span class='ocr_line' id='line_1_4' title="bbox 599 800 3079 885; baseline -0.004 -18"><span class='ocrx_word' id='word_1_32' title='bbox 599 829 718 867; x_wconf 92' lang='lat' dir='ltr'><strong>non</strong></span> <span class='ocrx_word' id='word_1_33' title='bbox 763 809 1006 885; x_wconf 90' lang='lat' dir='ltr'><strong>opponit</strong></span> <span class='ocrx_word' id='word_1_34' title='bbox 1049 806 1222 865; x_wconf 85' lang='lat' dir='ltr'><strong>dictis</strong></span> <span class='ocrx_word' id='word_1_35' title='bbox 1269 804 1501 863; x_wconf 84' lang='lat' dir='ltr'><strong>Veteris</strong></span> <span class='ocrx_word' id='word_1_36' title='bbox 1545 802 1947 874; x_wconf 82' lang='lat' dir='ltr'><strong>oeconomiae,</strong></span> <span class='ocrx_word' id='word_1_37' title='bbox 2008 804 2107 861; x_wconf 86' lang='lat' dir='ltr'><strong>sed</strong></span> <span class='ocrx_word' id='word_1_38' title='bbox 2168 806 2404 859; x_wconf 89' lang='lat' dir='ltr'><strong>tantum</strong></span> <span class='ocrx_word' id='word_1_39' title='bbox 2456 800 2629 859; x_wconf 85' lang='lat' dir='ltr'><strong>dictis</strong></span> <span class='ocrx_word' id='word_1_40' title='bbox 2672 802 3079 875; x_wconf 84' lang='lat' dir='ltr'><strong>magistrorum</strong></span> 
     </span>
     <span class='ocr_line' id='line_1_5' title="bbox 597 907 3080 987; baseline -0.004 -16"><span class='ocrx_word' id='word_1_41' title='bbox 597 914 757 971; x_wconf 84' lang='lat' dir='ltr'><strong>inter</strong></span> <span class='ocrx_word' id='word_1_42' title='bbox 820 912 857 969; x_wconf 87' lang='lat' dir='ltr'><strong>J</strong></span> <span class='ocrx_word' id='word_1_43' title='bbox 859 913 1070 969; x_wconf 88' lang='lat' dir='ltr'><strong>udaeos</strong></span> <span class='ocrx_word' id='word_1_44' title='bbox 1088 907 1133 969; x_wconf 78' lang='lat'><strong>2.</strong></span> <span class='ocrx_word' id='word_1_45' title='bbox 1224 910 1352 968; x_wconf 85' lang='lat' dir='ltr'><strong>Lex</strong></span> <span class='ocrx_word' id='word_1_46' title='bbox 1397 909 1653 987; x_wconf 81' lang='lat' dir='ltr'><strong>Antiqui</strong></span> <span class='ocrx_word' id='word_1_47' title='bbox 1720 907 2075 966; x_wconf 76' lang='lat' dir='ltr'><strong>Testamenti</strong></span> <span class='ocrx_word' id='word_1_48' title='bbox 2134 926 2253 964; x_wconf 92' lang='lat' dir='ltr'><strong>non</strong></span> <span class='ocrx_word' id='word_1_49' title='bbox 2318 912 2447 964; x_wconf 86' lang='lat' dir='ltr'><strong>erat</strong></span> <span class='ocrx_word' id='word_1_50' title='bbox 2489 908 2657 964; x_wconf 89' lang='lat' dir='ltr'><strong>modo</strong></span> <span class='ocrx_word' id='word_1_51' title='bbox 2704 907 2801 963; x_wconf 90' lang='lat' dir='ltr'><strong>cui</strong></span> <span class='ocrx_word' id='word_1_52' title='bbox 2844 913 3080 964; x_wconf 75' lang='lat' dir='ltr'><strong>externa</strong></span> 
     </span>
     <span class='ocr_line' id='line_1_6' title="bbox 600 1011 3079 1086; baseline -0.004 -10"><span class='ocrx_word' id='word_1_53' title='bbox 600 1017 1005 1077; x_wconf 86' lang='lat' dir='ltr'><strong>observatione</strong></span> <span class='ocrx_word' id='word_1_54' title='bbox 1066 1014 1309 1086; x_wconf 82' lang='lat' dir='ltr'><strong>satisfit3</strong></span> <span class='ocrx_word' id='word_1_55' title='bbox 1370 1015 1422 1071; x_wconf 89' lang='lat' dir='ltr'><strong>si</strong></span> <span class='ocrx_word' id='word_1_56' title='bbox 1481 1014 1639 1071; x_wconf 89' lang='lat' dir='ltr'><strong>enim</strong></span> <span class='ocrx_word' id='word_1_57' title='bbox 1698 1012 1885 1071; x_wconf 88' lang='lat' dir='ltr'><strong>solum</strong></span> <span class='ocrx_word' id='word_1_58' title='bbox 1928 1018 2236 1071; x_wconf 87' lang='lat' dir='ltr'><strong>externam</strong></span> <span class='ocrx_word' id='word_1_59' title='bbox 2252 1056 2266 1083; x_wconf 96' lang='lat'><strong>,</strong></span> <span class='ocrx_word' id='word_1_60' title='bbox 2330 1011 2567 1069; x_wconf 89' lang='lat' dir='ltr'><strong>civilem</strong></span> <span class='ocrx_word' id='word_1_61' title='bbox 2626 1011 3079 1069; x_wconf 83' lang='lat' dir='ltr'><strong>observationem</strong></span> 
     </span>
     <span class='ocr_line' id='line_1_7' title="bbox 603 1116 3079 1197; baseline -0.003 -16"><span class='ocrx_word' id='word_1_62' title='bbox 603 1120 906 1197; x_wconf 75' lang='lat' dir='ltr'><strong>exegisset,</strong></span> <span class='ocrx_word' id='word_1_63' title='bbox 956 1121 1084 1197; x_wconf 88' lang='lat' dir='ltr'><strong>ipsa</strong></span> <span class='ocrx_word' id='word_1_64' title='bbox 1127 1119 1476 1178; x_wconf 88' lang='lat' dir='ltr'><strong>Oeconomia</strong></span> <span class='ocrx_word' id='word_1_65' title='bbox 1517 1118 1726 1177; x_wconf 88' lang='lat' dir='ltr'><strong>divina</strong></span> <span class='ocrx_word' id='word_1_66' title='bbox 1768 1121 1843 1175; x_wconf 88' lang='lat' dir='ltr'><strong>A.</strong></span> <span class='ocrx_word' id='word_1_67' title='bbox 1891 1117 1957 1175; x_wconf 95' lang='lat' dir='ltr'><strong>T.</strong></span> <span class='ocrx_word' id='word_1_68' title='bbox 2006 1116 2342 1193; x_wconf 83' lang='lat' dir='ltr'>paganismo</span> <span class='ocrx_word' id='word_1_69' title='bbox 2372 1116 2580 1175; x_wconf 83' lang='lat' dir='ltr'><strong>fuisset</strong></span> <span class='ocrx_word' id='word_1_70' title='bbox 2624 1116 2947 1173; x_wconf 81' lang='lat' dir='ltr'><strong>simillima.</strong></span> <span class='ocrx_word' id='word_1_71' title='bbox 2994 1116 3079 1173; x_wconf 78' lang='lat' dir='ltr'><strong>Ad</strong></span> 
     </span>
     <span class='ocr_line' id='line_1_8' title="bbox 603 1220 3081 1306; baseline -0.003 -21"><span class='ocrx_word' id='word_1_72' title='bbox 603 1228 756 1306; x_wconf 90' lang='lat' dir='ltr'><strong>quod</strong></span> <span class='ocrx_word' id='word_1_73' title='bbox 786 1226 1052 1285; x_wconf 83' lang='lat' dir='ltr'>addimus</span> <span class='ocrx_word' id='word_1_74' title='bbox 1083 1225 1473 1283; x_wconf 86' lang='lat' dir='ltr'><strong>certissimum</strong></span> <span class='ocrx_word' id='word_1_75' title='bbox 1503 1222 1905 1281; x_wconf 88' lang='lat' dir='ltr'><strong>testimonium</strong></span> <span class='ocrx_word' id='word_1_76' title='bbox 1935 1222 2173 1293; x_wconf 78' lang='lat' dir='ltr'><strong>Christi,</strong></span> <span class='ocrx_word' id='word_1_77' title='bbox 2222 1221 2437 1296; x_wconf 86' lang='lat' dir='ltr'><strong>Legem</strong></span> <span class='ocrx_word' id='word_1_78' title='bbox 2466 1223 2785 1279; x_wconf 86' lang='lat' dir='ltr'><strong>secundum</strong></span> <span class='ocrx_word' id='word_1_79' title='bbox 2814 1220 3081 1297; x_wconf 86' lang='lat' dir='ltr'><strong>spiritum</strong></span> 
     </span>
     <span class='ocr_line' id='line_1_9' title="bbox 605 1326 3079 1407; baseline -0.003 -18"><span class='ocrx_word' id='word_1_80' title='bbox 605 1330 1036 1407; x_wconf 80' lang='lat' dir='ltr'><strong>adimplendam</strong></span> <span class='ocrx_word' id='word_1_81' title='bbox 1052 1375 1067 1402; x_wconf 88' lang='lat'>‚</span> <span class='ocrx_word' id='word_1_82' title='bbox 1139 1330 1537 1389; x_wconf 88' lang='lat' dir='ltr'><strong>narrationem</strong></span> <span class='ocrx_word' id='word_1_83' title='bbox 1561 1326 1585 1367; x_wconf 81' lang='lat'><strong>3</strong></span> <span class='ocrx_word' id='word_1_84' title='bbox 1629 1330 1699 1386; x_wconf 87' lang='lat' dir='ltr'><strong>de</strong></span> <span class='ocrx_word' id='word_1_85' title='bbox 1744 1328 2100 1385; x_wconf 77' lang='lat' dir='ltr'><strong>adolescente</strong></span> <span class='ocrx_word' id='word_1_86' title='bbox 2150 1332 2462 1403; x_wconf 78' lang='lat' dir='ltr'><strong>praecepta</strong></span> <span class='ocrx_word' id='word_1_87' title='bbox 2503 1328 2577 1384; x_wconf 89' lang='lat' dir='ltr'><strong>V.</strong></span> <span class='ocrx_word' id='word_1_88' title='bbox 2624 1328 2693 1385; x_wconf 87' lang='grc' dir='ltr'><strong>Τ.</strong></span> <span class='ocrx_word' id='word_1_89' title='bbox 2741 1326 3079 1385; x_wconf 78' lang='lat' dir='ltr'><strong>adamussim</strong></span> 
     </span>
     <span class='ocr_line' id='line_1_10' title="bbox 606 1431 3081 1514; baseline -0.003 -20"><span class='ocrx_word' id='word_1_90' title='bbox 606 1439 948 1495; x_wconf 77' lang='lat' dir='ltr'><strong>observante</strong></span> <span class='ocrx_word' id='word_1_91' title='bbox 967 1482 980 1509; x_wconf 91' lang='lat'><strong>,</strong></span> <span class='ocrx_word' id='word_1_92' title='bbox 1044 1456 1217 1514; x_wconf 90' lang='lat' dir='ltr'><strong>quem</strong></span> <span class='ocrx_word' id='word_1_93' title='bbox 1276 1455 1410 1493; x_wconf 89' lang='lat' dir='ltr'><strong>cum</strong></span> <span class='ocrx_word' id='word_1_94' title='bbox 1453 1435 1719 1493; x_wconf 86' lang='lat' dir='ltr'><strong>Christus</strong></span> <span class='ocrx_word' id='word_1_95' title='bbox 1777 1433 2137 1507; x_wconf 76' lang='lat' dir='ltr'><strong>intelligeret</strong></span> <span class='ocrx_word' id='word_1_96' title='bbox 2179 1437 2457 1490; x_wconf 82' lang='lat' dir='ltr'><strong>externae</strong></span> <span class='ocrx_word' id='word_1_97' title='bbox 2509 1431 2777 1490; x_wconf 83' lang='lat' dir='ltr'><strong>iustitiae</strong></span> <span class='ocrx_word' id='word_1_98' title='bbox 2818 1432 3081 1507; x_wconf 81' lang='lat' dir='ltr'><strong>superbia</strong></span> 
     </span>
     <span class='ocr_line' id='line_1_11' title="bbox 607 1531 3079 1617; baseline -0.002 -18"><span class='ocrx_word' id='word_1_99' title='bbox 607 1546 923 1615; x_wconf 85' lang='lat' dir='ltr'><strong>aegrotare,</strong></span> <span class='ocrx_word' id='word_1_100' title='bbox 973 1561 1106 1599; x_wconf 90' lang='lat' dir='ltr'><strong>eum</strong></span> <span class='ocrx_word' id='word_1_101' title='bbox 1146 1541 1414 1617; x_wconf 80' lang='lat' dir='ltr'><strong>increpat</strong></span> <span class='ocrx_word' id='word_1_102' title='bbox 1456 1546 1514 1598; x_wconf 89' lang='lat' dir='ltr'><strong>et</strong></span> <span class='ocrx_word' id='word_1_103' title='bbox 1545 1542 1616 1597; x_wconf 88' lang='lat' dir='ltr'><strong>ad</strong></span> <span class='ocrx_word' id='word_1_104' title='bbox 1648 1534 2313 1616; x_wconf 68' lang='lat' dir='ltr'><strong>poenitentiam‘monet.</strong></span> <span class='ocrx_word' id='word_1_105' title='bbox 2362 1531 2539 1612; x_wconf 76' lang='lat' dir='ltr'><strong>Quod</strong></span> <span class='ocrx_word' id='word_1_106' title='bbox 2582 1539 2841 1615; x_wconf 81' lang='lat' dir='ltr'><strong>profecto</strong></span> <span class='ocrx_word' id='word_1_107' title='bbox 2870 1558 3079 1596; x_wconf 86' lang='lat' dir='ltr'><strong>vanum</strong></span> 
     </span>
     <span class='ocr_line' id='line_1_12' title="bbox 606 1643 3083 1721; baseline -0.002 -18"><span class='ocrx_word' id='word_1_108' title='bbox 606 1651 782 1716; x_wconf 89' lang='lat' dir='ltr'><strong>esset,</strong></span> <span class='ocrx_word' id='word_1_109' title='bbox 848 1646 898 1703; x_wconf 93' lang='lat' dir='ltr'><strong>si</strong></span> <span class='ocrx_word' id='word_1_110' title='bbox 945 1646 1088 1721; x_wconf 85' lang='lat' dir='ltr'><strong>Legi</strong></span> <span class='ocrx_word' id='word_1_111' title='bbox 1149 1646 1374 1704; x_wconf 87' lang='lat' dir='ltr'><strong>actibus</strong></span> <span class='ocrx_word' id='word_1_112' title='bbox 1433 1645 1695 1703; x_wconf 87' lang='lat' dir='ltr'><strong>externis</strong></span> <span class='ocrx_word' id='word_1_113' title='bbox 1754 1644 2121 1702; x_wconf 84' lang='lat' dir='ltr'><strong>satisfactum</strong></span> <span class='ocrx_word' id='word_1_114' title='bbox 2161 1643 2385 1702; x_wconf 86' lang='lat' dir='ltr'><strong>fuisset.</strong></span> <span class='ocrx_word' id='word_1_115' title='bbox 2475 1644 2659 1701; x_wconf 83' lang='lat' dir='ltr'><strong>Vetus</strong></span> <span class='ocrx_word' id='word_1_116' title='bbox 2704 1644 2831 1701; x_wconf 85' lang='lat' dir='ltr'><strong>Lex</strong></span> <span class='ocrx_word' id='word_1_117' title='bbox 2876 1644 3083 1701; x_wconf 75' lang='lat' dir='ltr'><strong>nititur</strong></span> 
     </span>
     <span class='ocr_line' id='line_1_13' title="bbox 607 1748 3081 1827; baseline -0.001 -19"><span class='ocrx_word' id='word_1_118' title='bbox 607 1752 834 1809; x_wconf 88' lang='lat' dir='ltr'><strong>foedere</strong></span> <span class='ocrx_word' id='word_1_119' title='bbox 893 1751 958 1808; x_wconf 89' lang='lat' dir='ltr'><strong>in</strong></span> <span class='ocrx_word' id='word_1_120' title='bbox 1024 1752 1248 1809; x_wconf 85' lang='lat' dir='ltr'><strong>deserto</strong></span> <span class='ocrx_word' id='word_1_121' title='bbox 1295 1754 1492 1827; x_wconf 82' lang='lat' dir='ltr'><strong>pact03</strong></span> <span class='ocrx_word' id='word_1_122' title='bbox 1549 1750 1738 1825; x_wconf 87' lang='lat' dir='ltr'><strong>fulget</strong></span> <span class='ocrx_word' id='word_1_123' title='bbox 1783 1750 1970 1824; x_wconf 90' lang='lat' dir='ltr'><strong>igitur</strong></span> <span class='ocrx_word' id='word_1_124' title='bbox 2030 1750 2331 1807; x_wconf 88' lang='lat' dir='ltr'><strong>tremenda</strong></span> <span class='ocrx_word' id='word_1_125' title='bbox 2372 1748 2481 1805; x_wconf 89' lang='lat' dir='ltr'><strong>illa</strong></span> <span class='ocrx_word' id='word_1_126' title='bbox 2523 1750 2829 1807; x_wconf 85' lang='lat' dir='ltr'><strong>maiestate</strong></span> <span class='ocrx_word' id='word_1_127' title='bbox 2871 1748 2982 1805; x_wconf 88' lang='lat' dir='ltr'><strong>Dei</strong></span> <span class='ocrx_word' id='word_1_128' title='bbox 3026 1750 3081 1806; x_wconf 91' lang='lat' dir='ltr'><strong>in</strong></span> 
     </span>
     <span class='ocr_line' id='line_1_14' title="bbox 607 1853 3081 1929; baseline -0.002 -16"><span class='ocrx_word' id='word_1_129' title='bbox 607 1856 773 1914; x_wconf 87' lang='lat' dir='ltr'><strong>Sinai</strong></span> <span class='ocrx_word' id='word_1_130' title='bbox 819 1862 1078 1915; x_wconf 86' lang='lat' dir='ltr'><strong>tonante.</strong></span> <span class='ocrx_word' id='word_1_131' title='bbox 1157 1857 1283 1914; x_wconf 87' lang='lat' dir='ltr'><strong>Lex</strong></span> <span class='ocrx_word' id='word_1_132' title='bbox 1328 1876 1504 1927; x_wconf 86' lang='lat' dir='ltr'><strong>nova,</strong></span> <span class='ocrx_word' id='word_1_133' title='bbox 1563 1856 1627 1913; x_wconf 92' lang='lat' dir='ltr'><strong>in</strong></span> <span class='ocrx_word' id='word_1_134' title='bbox 1674 1854 1987 1913; x_wconf 88' lang='lat' dir='ltr'><strong>clementia</strong></span> <span class='ocrx_word' id='word_1_135' title='bbox 2028 1859 2088 1912; x_wconf 88' lang='lat' dir='ltr'><strong>et</strong></span> <span class='ocrx_word' id='word_1_136' title='bbox 2130 1853 2469 1911; x_wconf 84' lang='lat' dir='ltr'><strong>humilitate</strong></span> <span class='ocrx_word' id='word_1_137' title='bbox 2512 1853 2625 1911; x_wconf 88' lang='lat' dir='ltr'><strong>filii</strong></span> <span class='ocrx_word' id='word_1_138' title='bbox 2670 1854 2784 1911; x_wconf 89' lang='lat' dir='ltr'><strong>Dei</strong></span> <span class='ocrx_word' id='word_1_139' title='bbox 2828 1854 3081 1929; x_wconf 85' lang='lat' dir='ltr'><strong>splende-</strong></span> 
     </span>
     <span class='ocr_line' id='line_1_15' title="bbox 608 1960 3079 2033; baseline -0.002 -14"><span class='ocrx_word' id='word_1_140' title='bbox 608 1962 820 2019; x_wconf 81' lang='lat' dir='ltr'><strong>scebat.</strong></span> <span class='ocrx_word' id='word_1_141' title='bbox 868 1960 995 2019; x_wconf 87' lang='lat' dir='ltr'><strong>Lex</strong></span> <span class='ocrx_word' id='word_1_142' title='bbox 1039 1962 1112 2018; x_wconf 89' lang='lat' dir='ltr'><strong>V.</strong></span> <span class='ocrx_word' id='word_1_143' title='bbox 1161 1960 1227 2019; x_wconf 89' lang='lat' dir='ltr'><strong>T.</strong></span> <span class='ocrx_word' id='word_1_144' title='bbox 1274 1962 1438 2019; x_wconf 91' lang='lat' dir='ltr'><strong>iubet</strong></span> <span class='ocrx_word' id='word_1_145' title='bbox 1481 1980 1599 2018; x_wconf 91' lang='lat' dir='ltr'><strong>non</strong></span> <span class='ocrx_word' id='word_1_146' title='bbox 1644 1960 1829 2032; x_wconf 89' lang='lat' dir='ltr'><strong>iuvat,</strong></span> <span class='ocrx_word' id='word_1_147' title='bbox 1878 1960 2068 2033; x_wconf 87' lang='lat' dir='ltr'><strong>exigit</strong></span> <span class='ocrx_word' id='word_1_148' title='bbox 2098 1978 2215 2016; x_wconf 91' lang='lat' dir='ltr'><strong>non</strong></span> <span class='ocrx_word' id='word_1_149' title='bbox 2244 1960 2362 2028; x_wconf 89' lang='lat' dir='ltr'><strong>dat,</strong></span> <span class='ocrx_word' id='word_1_150' title='bbox 2410 1964 2613 2016; x_wconf 89' lang='lat' dir='ltr'><strong>onerat</strong></span> <span class='ocrx_word' id='word_1_151' title='bbox 2658 1978 2777 2016; x_wconf 93' lang='lat' dir='ltr'><strong>non</strong></span> <span class='ocrx_word' id='word_1_152' title='bbox 2824 1962 3079 2025; x_wconf 78' lang='lat' dir='ltr'><strong>roborat3</strong></span> 
     </span>
     <span class='ocr_line' id='line_1_16' title="bbox 610 2064 3083 2142; baseline -0.001 -20"><span class='ocrx_word' id='word_1_153' title='bbox 610 2065 734 2123; x_wconf 89' lang='lat' dir='ltr'><strong>Lex</strong></span> <span class='ocrx_word' id='word_1_154' title='bbox 781 2066 858 2123; x_wconf 87' lang='lat' dir='ltr'><strong>N.</strong></span> <span class='ocrx_word' id='word_1_155' title='bbox 906 2065 972 2124; x_wconf 95' lang='lat' dir='ltr'><strong>T.</strong></span> <span class='ocrx_word' id='word_1_156' title='bbox 1020 2065 1309 2142; x_wconf 81' lang='lat' dir='ltr'><strong>praecipit</strong></span> <span class='ocrx_word' id='word_1_157' title='bbox 1355 2069 1412 2124; x_wconf 88' lang='lat' dir='ltr'><strong>et</strong></span> <span class='ocrx_word' id='word_1_158' title='bbox 1458 2066 1645 2135; x_wconf 89' lang='lat' dir='ltr'><strong>iuvat,</strong></span> <span class='ocrx_word' id='word_1_159' title='bbox 1693 2066 1883 2139; x_wconf 85' lang='lat' dir='ltr'><strong>exigit</strong></span> <span class='ocrx_word' id='word_1_160' title='bbox 1926 2070 1985 2122; x_wconf 89' lang='lat' dir='ltr'><strong>et</strong></span> <span class='ocrx_word' id='word_1_161' title='bbox 2028 2066 2145 2135; x_wconf 86' lang='lat' dir='ltr'><strong>dat,</strong></span> <span class='ocrx_word' id='word_1_162' title='bbox 2180 2064 2341 2121; x_wconf 90' lang='lat' dir='ltr'><strong>iubet</strong></span> <span class='ocrx_word' id='word_1_163' title='bbox 2386 2067 2444 2120; x_wconf 89' lang='lat' dir='ltr'><strong>et</strong></span> <span class='ocrx_word' id='word_1_164' title='bbox 2488 2066 2743 2121; x_wconf 87' lang='lat' dir='ltr'><strong>roborat.</strong></span> <span class='ocrx_word' id='word_1_165' title='bbox 2819 2064 2899 2120; x_wconf 89' lang='lat' dir='ltr'><strong>In</strong></span> <span class='ocrx_word' id='word_1_166' title='bbox 2940 2064 3083 2137; x_wconf 79' lang='lat' dir='ltr'><strong>Lege</strong></span> 
     </span>
     <span class='ocr_line' id='line_1_17' title="bbox 609 2168 3079 2245; baseline -0.001 -19"><span class='ocrx_word' id='word_1_167' title='bbox 609 2169 768 2229; x_wconf 89' lang='lat' dir='ltr'><strong>Deus</strong></span> <span class='ocrx_word' id='word_1_168' title='bbox 813 2175 1146 2228; x_wconf 86' lang='lat' dir='ltr'><strong>exactorem</strong></span> <span class='ocrx_word' id='word_1_169' title='bbox 1190 2171 1331 2245; x_wconf 86' lang='lat' dir='ltr'><strong>agit,</strong></span> <span class='ocrx_word' id='word_1_170' title='bbox 1379 2171 1444 2227; x_wconf 89' lang='lat' dir='ltr'><strong>in</strong></span> <span class='ocrx_word' id='word_1_171' title='bbox 1487 2170 1812 2244; x_wconf 85' lang='lat' dir='ltr'><strong>Evangelio</strong></span> <span class='ocrx_word' id='word_1_172' title='bbox 1857 2174 2102 2245; x_wconf 88' lang='lat' dir='ltr'><strong>patrem.</strong></span> <span class='ocrx_word' id='word_1_173' title='bbox 2158 2168 2244 2226; x_wconf 92' lang='lat' dir='ltr'><strong>Eo</strong></span> <span class='ocrx_word' id='word_1_174' title='bbox 2287 2168 2413 2245; x_wconf 90' lang='lat' dir='ltr'><strong>ipso</strong></span> <span class='ocrx_word' id='word_1_175' title='bbox 2458 2173 2655 2225; x_wconf 85' lang='lat' dir='ltr'><strong>autem</strong></span> <span class='ocrx_word' id='word_1_176' title='bbox 2700 2168 2857 2226; x_wconf 86' lang='lat' dir='ltr'><strong>nihil</strong></span> <span class='ocrx_word' id='word_1_177' title='bbox 2902 2170 3079 2225; x_wconf 83' lang='lat' dir='ltr'><strong>detra-</strong></span> 
     </span>
     <span class='ocr_line' id='line_1_18' title="bbox 609 2272 3077 2351; baseline -0.001 -20"><span class='ocrx_word' id='word_1_178' title='bbox 609 2274 779 2332; x_wconf 87' lang='lat' dir='ltr'><strong>hitur</strong></span> <span class='ocrx_word' id='word_1_179' title='bbox 823 2274 984 2349; x_wconf 85' lang='lat' dir='ltr'><strong>Legi,</strong></span> <span class='ocrx_word' id='word_1_180' title='bbox 1035 2276 1130 2333; x_wconf 89' lang='lat' dir='ltr'><strong>sed</strong></span> <span class='ocrx_word' id='word_1_181' title='bbox 1177 2275 1350 2350; x_wconf 88' lang='lat' dir='ltr'><strong>plena</strong></span> <span class='ocrx_word' id='word_1_182' title='bbox 1395 2280 1625 2333; x_wconf 86' lang='lat' dir='ltr'><strong>tantum</strong></span> <span class='ocrx_word' id='word_1_183' title='bbox 1678 2273 2081 2351; x_wconf 83' lang='lat' dir='ltr'><strong>spiritualium</strong></span> <span class='ocrx_word' id='word_1_184' title='bbox 2124 2272 2535 2331; x_wconf 88' lang='lat' dir='ltr'><strong>beneficiorum</strong></span> <span class='ocrx_word' id='word_1_185' title='bbox 2575 2273 2917 2331; x_wconf 86' lang='lat' dir='ltr'><strong>distributio</strong></span> <span class='ocrx_word' id='word_1_186' title='bbox 2958 2274 3077 2329; x_wconf 84' lang='lat' dir='ltr'><strong>vin-</strong></span> 
     </span>
     <span class='ocr_line' id='line_1_19' title="bbox 611 2375 3080 2455; baseline -0.002 -18"><span class='ocrx_word' id='word_1_187' title='bbox 611 2379 842 2437; x_wconf 85' lang='lat' dir='ltr'><strong>dicatur</strong></span> <span class='ocrx_word' id='word_1_188' title='bbox 871 2378 1121 2450; x_wconf 81' lang='lat' dir='ltr'><strong>Christo,</strong></span> <span class='ocrx_word' id='word_1_189' title='bbox 1171 2400 1206 2437; x_wconf 87' lang='lat' dir='ltr'><strong>a</strong></span> <span class='ocrx_word' id='word_1_190' title='bbox 1242 2380 1408 2438; x_wconf 86' lang='lat' dir='ltr'><strong>cuius</strong></span> <span class='ocrx_word' id='word_1_191' title='bbox 1439 2380 1805 2455; x_wconf 84' lang='lat' dir='ltr'><strong>plenitudine</strong></span> <span class='ocrx_word' id='word_1_192' title='bbox 1836 2380 2160 2454; x_wconf 88' lang='lat' dir='ltr'><strong>accepimus</strong></span> <span class='ocrx_word' id='word_1_193' title='bbox 2190 2397 2387 2435; x_wconf 88' lang='lat' dir='ltr'><strong>omnes</strong></span> <span class='ocrx_word' id='word_1_194' title='bbox 2416 2378 2671 2451; x_wconf 84' lang='lat' dir='ltr'><strong>gratiam</strong></span> <span class='ocrx_word' id='word_1_195' title='bbox 2700 2398 2809 2454; x_wconf 91' lang='lat' dir='ltr'><strong>pro</strong></span> <span class='ocrx_word' id='word_1_196' title='bbox 2838 2377 3027 2451; x_wconf 82' lang='lat' dir='ltr'><strong>gratia</strong></span> <span class='ocrx_word' id='word_1_197' title='bbox 3042 2375 3080 2431; x_wconf 74' lang='lat'><strong>⁴.</strong></span> 
     </span>
     <span class='ocr_line' id='line_1_20' title="bbox 613 2481 3081 2560; baseline -0.002 -18"><span class='ocrx_word' id='word_1_198' title='bbox 613 2484 745 2542; x_wconf 91' lang='lat' dir='ltr'><strong>Hoc</strong></span> <span class='ocrx_word' id='word_1_199' title='bbox 794 2489 990 2543; x_wconf 88' lang='lat' dir='ltr'><strong>tamen</strong></span> <span class='ocrx_word' id='word_1_200' title='bbox 1035 2485 1348 2543; x_wconf 88' lang='lat' dir='ltr'><strong>discrimen</strong></span> <span class='ocrx_word' id='word_1_201' title='bbox 1393 2505 1508 2542; x_wconf 90' lang='lat' dir='ltr'><strong>non</strong></span> <span class='ocrx_word' id='word_1_202' title='bbox 1555 2490 1643 2543; x_wconf 87' lang='lat' dir='ltr'><strong>est</strong></span> <span class='ocrx_word' id='word_1_203' title='bbox 1688 2488 1989 2560; x_wconf 87' lang='lat' dir='ltr'><strong>tantopere</strong></span> <span class='ocrx_word' id='word_1_204' title='bbox 2033 2484 2407 2552; x_wconf 86' lang='lat' dir='ltr'><strong>efferendum,</strong></span> <span class='ocrx_word' id='word_1_205' title='bbox 2450 2486 2519 2539; x_wconf 93' lang='lat' dir='ltr'><strong>ut</strong></span> <span class='ocrx_word' id='word_1_206' title='bbox 2564 2501 2711 2560; x_wconf 90' lang='lat' dir='ltr'><strong>quae</strong></span> <span class='ocrx_word' id='word_1_207' title='bbox 2756 2484 2929 2539; x_wconf 83' lang='lat' dir='ltr'><strong>Nova</strong></span> <span class='ocrx_word' id='word_1_208' title='bbox 2970 2481 3081 2538; x_wconf 72' lang='lat' dir='ltr'><strong>Lex</strong></span> 
     </span>
     <span class='ocr_line' id='line_1_21' title="bbox 610 2586 3077 2665; baseline -0.002 -20"><span class='ocrx_word' id='word_1_209' title='bbox 610 2590 841 2662; x_wconf 86' lang='lat' dir='ltr'><strong>doceat,</strong></span> <span class='ocrx_word' id='word_1_210' title='bbox 904 2590 1167 2665; x_wconf 82' lang='lat' dir='ltr'><strong>opposita</strong></span> <span class='ocrx_word' id='word_1_211' title='bbox 1209 2590 1332 2647; x_wconf 89' lang='lat' dir='ltr'><strong>sint</strong></span> <span class='ocrx_word' id='word_1_212' title='bbox 1375 2588 1607 2659; x_wconf 83' lang='lat' dir='ltr'><strong>Veteri3</strong></span> <span class='ocrx_word' id='word_1_213' title='bbox 1671 2589 1722 2646; x_wconf 92' lang='lat' dir='ltr'><strong>si</strong></span> <span class='ocrx_word' id='word_1_214' title='bbox 1768 2588 1925 2645; x_wconf 90' lang='lat' dir='ltr'><strong>enim</strong></span> <span class='ocrx_word' id='word_1_215' title='bbox 1970 2607 2087 2645; x_wconf 91' lang='lat' dir='ltr'><strong>non</strong></span> <span class='ocrx_word' id='word_1_216' title='bbox 2132 2588 2197 2645; x_wconf 91' lang='lat' dir='ltr'><strong>in</strong></span> <span class='ocrx_word' id='word_1_217' title='bbox 2240 2592 2485 2645; x_wconf 87' lang='lat' dir='ltr'><strong>externa</strong></span> <span class='ocrx_word' id='word_1_218' title='bbox 2536 2586 2726 2662; x_wconf 85' lang='lat' dir='ltr'><strong>specie</strong></span> <span class='ocrx_word' id='word_1_219' title='bbox 2770 2588 3077 2650; x_wconf 75' lang='lat' dir='ltr'><strong>haeremus,</strong></span> 
     </span>
     <span class='ocr_line' id='line_1_22' title="bbox 612 2688 3079 2770; baseline -0.003 -19"><span class='ocrx_word' id='word_1_220' title='bbox 612 2695 710 2751; x_wconf 90' lang='lat' dir='ltr'><strong>sed</strong></span> <span class='ocrx_word' id='word_1_221' title='bbox 739 2694 804 2751; x_wconf 94' lang='lat' dir='ltr'><strong>in</strong></span> <span class='ocrx_word' id='word_1_222' title='bbox 837 2694 1070 2751; x_wconf 88' lang='lat' dir='ltr'><strong>interno</strong></span> <span class='ocrx_word' id='word_1_223' title='bbox 1103 2694 1412 2769; x_wconf 89' lang='lat' dir='ltr'><strong>principi0,</strong></span> <span class='ocrx_word' id='word_1_224' title='bbox 1446 2694 1705 2770; x_wconf 86' lang='lat' dir='ltr'><strong>perfecta</strong></span> <span class='ocrx_word' id='word_1_225' title='bbox 1734 2693 1849 2751; x_wconf 88' lang='lat' dir='ltr'><strong>erit</strong></span> <span class='ocrx_word' id='word_1_226' title='bbox 1880 2692 2202 2751; x_wconf 85' lang='lat' dir='ltr'><strong>concordia.</strong></span> <span class='ocrx_word' id='word_1_227' title='bbox 2250 2693 2570 2769; x_wconf 88' lang='lat' dir='ltr'><strong>Nunquam</strong></span> <span class='ocrx_word' id='word_1_228' title='bbox 2615 2690 2777 2747; x_wconf 89' lang='lat' dir='ltr'><strong>enim</strong></span> <span class='ocrx_word' id='word_1_229' title='bbox 2808 2688 3079 2747; x_wconf 78' lang='lat' dir='ltr'><strong>Israelitis</strong></span> 
     </span>
     <span class='ocr_line' id='line_1_23' title="bbox 613 2796 3082 2872; baseline -0.003 -17"><span class='ocrx_word' id='word_1_230' title='bbox 613 2816 731 2855; x_wconf 90' lang='lat' dir='ltr'><strong>non</strong></span> <span class='ocrx_word' id='word_1_231' title='bbox 789 2797 1198 2856; x_wconf 86' lang='lat' dir='ltr'><strong>inculcabatur</strong></span> <span class='ocrx_word' id='word_1_232' title='bbox 1253 2798 1382 2855; x_wconf 87' lang='lat' dir='ltr'><strong>fons</strong></span> <span class='ocrx_word' id='word_1_233' title='bbox 1441 2799 1630 2855; x_wconf 88' lang='lat' dir='ltr'><strong>omnis</strong></span> <span class='ocrx_word' id='word_1_234' title='bbox 1689 2797 1934 2855; x_wconf 89' lang='lat' dir='ltr'><strong>virtutis</strong></span> <span class='ocrx_word' id='word_1_235' title='bbox 2004 2798 2209 2869; x_wconf 83' lang='lat' dir='ltr'><strong>,sancti</strong></span> <span class='ocrx_word' id='word_1_236' title='bbox 2272 2800 2451 2853; x_wconf 88' lang='lat' dir='ltr'><strong>estote</strong></span> <span class='ocrx_word' id='word_1_237' title='bbox 2510 2796 2651 2872; x_wconf 89' lang='lat' dir='ltr'><strong>quia</strong></span> <span class='ocrx_word' id='word_1_238' title='bbox 2694 2796 2819 2868; x_wconf 89' lang='lat' dir='ltr'><strong>Ego</strong></span> <span class='ocrx_word' id='word_1_239' title='bbox 2865 2805 3082 2851; x_wconf 76' lang='lat' dir='ltr'><strong>sanctus</strong></span> 
     </span>
     <span class='ocr_line' id='line_1_24' title="bbox 614 2898 3081 2977; baseline -0.002 -20"><span class='ocrx_word' id='word_1_240' title='bbox 614 2921 744 2958; x_wconf 89' lang='lat' dir='ltr'><strong>sum</strong></span> <span class='ocrx_word' id='word_1_241' title='bbox 768 2898 846 2957; x_wconf 86' lang='lat'><strong>⁵!‘</strong></span> <span class='ocrx_word' id='word_1_242' title='bbox 895 2901 1170 2977; x_wconf 90' lang='lat' dir='ltr'><strong>,Populus</strong></span> <span class='ocrx_word' id='word_1_243' title='bbox 1215 2908 1448 2960; x_wconf 84' lang='lat' dir='ltr'><strong>sanctus</strong></span> <span class='ocrx_word' id='word_1_244' title='bbox 1493 2923 1551 2959; x_wconf 91' lang='lat' dir='ltr'><strong>es</strong></span> <span class='ocrx_word' id='word_1_245' title='bbox 1596 2902 1848 2960; x_wconf 90' lang='lat' dir='ltr'><strong>Domino</strong></span> <span class='ocrx_word' id='word_1_246' title='bbox 1893 2901 2014 2958; x_wconf 91' lang='lat' dir='ltr'><strong>Deo</strong></span> <span class='ocrx_word' id='word_1_247' title='bbox 2060 2906 2160 2959; x_wconf 91' lang='lat' dir='ltr'><strong>tuo</strong></span> <span class='ocrx_word' id='word_1_248' title='bbox 2180 2898 2245 2957; x_wconf 76' lang='lat'><strong>⁶.‘</strong></span> <span class='ocrx_word' id='word_1_249' title='bbox 2320 2901 2416 2957; x_wconf 87' lang='lat' dir='ltr'><strong>Ab</strong></span> <span class='ocrx_word' id='word_1_250' title='bbox 2460 2901 2658 2957; x_wconf 89' lang='lat' dir='ltr'><strong>eodem</strong></span> <span class='ocrx_word' id='word_1_251' title='bbox 2703 2898 2935 2975; x_wconf 84' lang='lat' dir='ltr'><strong>Spiritu</strong></span> <span class='ocrx_word' id='word_1_252' title='bbox 2963 2916 3081 2973; x_wconf 85' lang='lat' dir='ltr'><strong>pro·</strong></span> 
     </span>
     <span class='ocr_line' id='line_1_25' title="bbox 613 3003 3081 3084; baseline -0.002 -22"><span class='ocrx_word' id='word_1_253' title='bbox 613 3005 767 3063; x_wconf 86' lang='lat' dir='ltr'><strong>fecta</strong></span> <span class='ocrx_word' id='word_1_254' title='bbox 809 3005 937 3063; x_wconf 89' lang='lat' dir='ltr'><strong>Lex</strong></span> <span class='ocrx_word' id='word_1_255' title='bbox 980 3010 1040 3063; x_wconf 89' lang='lat' dir='ltr'><strong>et</strong></span> <span class='ocrx_word' id='word_1_256' title='bbox 1067 3006 1489 3081; x_wconf 82' lang='lat' dir='ltr'><strong>Evangelium3</strong></span> <span class='ocrx_word' id='word_1_257' title='bbox 1535 3007 1693 3064; x_wconf 88' lang='lat' dir='ltr'><strong>haud</strong></span> <span class='ocrx_word' id='word_1_258' title='bbox 1740 3025 2031 3084; x_wconf 88' lang='lat' dir='ltr'><strong>quaquam</strong></span> <span class='ocrx_word' id='word_1_259' title='bbox 2075 3006 2273 3083; x_wconf 88' lang='lat' dir='ltr'><strong>itaque</strong></span> <span class='ocrx_word' id='word_1_260' title='bbox 2302 3004 2431 3061; x_wconf 88' lang='lat' dir='ltr'><strong>Lex</strong></span> <span class='ocrx_word' id='word_1_261' title='bbox 2476 3024 2513 3060; x_wconf 90' lang='lat' dir='ltr'><strong>a</strong></span> <span class='ocrx_word' id='word_1_262' title='bbox 2540 3003 2777 3061; x_wconf 87' lang='lat' dir='ltr'><strong>Christo</strong></span> <span class='ocrx_word' id='word_1_263' title='bbox 2820 3008 3081 3066; x_wconf 80' lang='lat' dir='ltr'><strong>correcta,</strong></span> 
     </span>
     <span class='ocr_line' id='line_1_26' title="bbox 615 3106 3083 3188; baseline -0.003 -21"><span class='ocrx_word' id='word_1_264' title='bbox 615 3128 748 3167; x_wconf 90' lang='lat' dir='ltr'><strong>cum</strong></span> <span class='ocrx_word' id='word_1_265' title='bbox 793 3111 991 3167; x_wconf 89' lang='lat' dir='ltr'><strong>eadem</strong></span> <span class='ocrx_word' id='word_1_266' title='bbox 1035 3111 1214 3185; x_wconf 75' lang='lat' dir='ltr'><strong>orig-0,</strong></span> <span class='ocrx_word' id='word_1_267' title='bbox 1263 3111 1418 3169; x_wconf 90' lang='lat' dir='ltr'><strong>idem</strong></span> <span class='ocrx_word' id='word_1_268' title='bbox 1462 3110 1823 3188; x_wconf 85' lang='lat' dir='ltr'><strong>principium</strong></span> <span class='ocrx_word' id='word_1_269' title='bbox 1867 3111 1946 3167; x_wconf 92' lang='lat' dir='ltr'><strong>sit</strong></span> <span class='ocrx_word' id='word_1_270' title='bbox 1990 3115 2048 3168; x_wconf 88' lang='lat' dir='ltr'><strong>et</strong></span> <span class='ocrx_word' id='word_1_271' title='bbox 2099 3108 2271 3183; x_wconf 86' lang='lat' dir='ltr'><strong>Legis</strong></span> <span class='ocrx_word' id='word_1_272' title='bbox 2316 3114 2375 3166; x_wconf 88' lang='lat' dir='ltr'><strong>et</strong></span> <span class='ocrx_word' id='word_1_273' title='bbox 2417 3106 2752 3183; x_wconf 82' lang='lat' dir='ltr'><strong>Evangelii.</strong></span> <span class='ocrx_word' id='word_1_274' title='bbox 2844 3106 2951 3163; x_wconf 89' lang='lat' dir='ltr'><strong>Vel</strong></span> <span class='ocrx_word' id='word_1_275' title='bbox 2994 3124 3083 3161; x_wconf 87' lang='lat' dir='ltr'><strong>ne·</strong></span> 
     </span>
     <span class='ocr_line' id='line_1_27' title="bbox 617 3210 3085 3291; baseline -0.002 -20"><span class='ocrx_word' id='word_1_276' title='bbox 617 3215 874 3289; x_wconf 83' lang='lat' dir='ltr'><strong>gaudum</strong></span> <span class='ocrx_word' id='word_1_277' title='bbox 917 3214 1219 3273; x_wconf 83' lang='lat' dir='ltr'><strong>Christ-um</strong></span> <span class='ocrx_word' id='word_1_278' title='bbox 1263 3236 1300 3273; x_wconf 90' lang='lat' dir='ltr'><strong>a</strong></span> <span class='ocrx_word' id='word_1_279' title='bbox 1327 3215 1481 3291; x_wconf 89' lang='lat' dir='ltr'><strong>Lege</strong></span> <span class='ocrx_word' id='word_1_280' title='bbox 1526 3220 1835 3291; x_wconf 84' lang='lat' dir='ltr'><strong>praecepta</strong></span> <span class='ocrx_word' id='word_1_281' title='bbox 1877 3214 2197 3287; x_wconf 81' lang='lat' dir='ltr'><strong>corrigere3</strong></span> <span class='ocrx_word' id='word_1_282' title='bbox 2231 3213 2326 3270; x_wconf 90' lang='lat' dir='ltr'><strong>vel</strong></span> <span class='ocrx_word' id='word_1_283' title='bbox 2360 3212 2667 3269; x_wconf 88' lang='lat' dir='ltr'><strong>dicendum</strong></span> <span class='ocrx_word' id='word_1_284' title='bbox 2692 3210 2717 3248; x_wconf 80' lang='lat'>⁷</span> <span class='ocrx_word' id='word_1_285' title='bbox 2768 3211 2951 3269; x_wconf 87' lang='lat' dir='ltr'><strong>alium</strong></span> <span class='ocrx_word' id='word_1_286' title='bbox 2980 3228 3085 3265; x_wconf 54' lang='grc' dir='ltr'><strong>ωδε</strong></span> 
     </span>
     <span class='ocr_line' id='line_1_28' title="bbox 601 3313 3084 3395; baseline -0.003 -20"><span class='ocrx_word' id='word_1_287' title='bbox 601 3313 808 3376; x_wconf 67' lang='lat' dir='ltr'><strong>‘Deum</strong></span> <span class='ocrx_word' id='word_1_288' title='bbox 851 3317 1083 3377; x_wconf 86' lang='lat' dir='ltr'><strong>Veteris</strong></span> <span class='ocrx_word' id='word_1_289' title='bbox 1103 3364 1118 3391; x_wconf 90' lang='lat'>‚</span> <span class='ocrx_word' id='word_1_290' title='bbox 1182 3320 1366 3378; x_wconf 89' lang='lat' dir='ltr'><strong>alium</strong></span> <span class='ocrx_word' id='word_1_291' title='bbox 1408 3320 1564 3378; x_wconf 86' lang='lat' dir='ltr'><strong>Novi</strong></span> <span class='ocrx_word' id='word_1_292' title='bbox 1611 3318 1967 3377; x_wconf 83' lang='lat' dir='ltr'><strong>Testamenti</strong></span> <span class='ocrx_word' id='word_1_293' title='bbox 1986 3363 1999 3390; x_wconf 93' lang='lat'><strong>,</strong></span> <span class='ocrx_word' id='word_1_294' title='bbox 2063 3318 2215 3395; x_wconf 90' lang='lat' dir='ltr'><strong>quod</strong></span> <span class='ocrx_word' id='word_1_295' title='bbox 2268 3316 2673 3393; x_wconf 85' lang='lat' dir='ltr'><strong>blasphemum</strong></span> <span class='ocrx_word' id='word_1_296' title='bbox 2734 3320 2795 3372; x_wconf 88' lang='lat' dir='ltr'><strong>et</strong></span> <span class='ocrx_word' id='word_1_297' title='bbox 2853 3315 3084 3371; x_wconf 81' lang='lat' dir='ltr'><strong>fatuum.</strong></span> 
     </span>
     <span class='ocr_line' id='line_1_29' title="bbox 621 3417 3087 3501; baseline -0.004 -21"><span class='ocrx_word' id='word_1_298' title='bbox 621 3422 927 3493; x_wconf 84' lang='lat' dir='ltr'><strong>,Christus‘</strong></span> <span class='ocrx_word' id='word_1_299' title='bbox 987 3425 1074 3482; x_wconf 90' lang='lat' dir='ltr'><strong>ait</strong></span> <span class='ocrx_word' id='word_1_300' title='bbox 1127 3445 1170 3482; x_wconf 88' lang='lat' dir='ltr'><strong>s.</strong></span> <span class='ocrx_word' id='word_1_301' title='bbox 1219 3425 1586 3498; x_wconf 84' lang='lat' dir='ltr'><strong>August-inus</strong></span> <span class='ocrx_word' id='word_1_302' title='bbox 1601 3420 1644 3493; x_wconf 72' lang='lat'><strong>⁸,</strong></span> <span class='ocrx_word' id='word_1_303' title='bbox 1705 3423 2073 3501; x_wconf 85' lang='lat' dir='ltr'><strong>‚quibusdam</strong></span> <span class='ocrx_word' id='word_1_304' title='bbox 2118 3420 2379 3499; x_wconf 88' lang='lat' dir='ltr'><strong>antiquis</strong></span> <span class='ocrx_word' id='word_1_305' title='bbox 2423 3418 2731 3478; x_wconf 87' lang='lat' dir='ltr'><strong>sententiis</strong></span> <span class='ocrx_word' id='word_1_306' title='bbox 2794 3417 3087 3495; x_wconf 83' lang='lat' dir='ltr'><strong>propositis</strong></span> 
     </span>
     <span class='ocr_line' id='line_1_30' title="bbox 620 3522 3087 3605; baseline -0.002 -23"><span class='ocrx_word' id='word_1_307' title='bbox 620 3526 912 3597; x_wconf 85' lang='lat' dir='ltr'><strong>adiunxit,</strong></span> <span class='ocrx_word' id='word_1_308' title='bbox 970 3547 1073 3602; x_wconf 87' lang='lat' dir='ltr'><strong>ego</strong></span> <span class='ocrx_word' id='word_1_309' title='bbox 1133 3532 1328 3586; x_wconf 88' lang='lat' dir='ltr'><strong>autem</strong></span> <span class='ocrx_word' id='word_1_310' title='bbox 1373 3528 1500 3585; x_wconf 91' lang='lat' dir='ltr'><strong>dico</strong></span> <span class='ocrx_word' id='word_1_311' title='bbox 1543 3527 1727 3598; x_wconf 89' lang='lat' dir='ltr'><strong>vobis,</strong></span> <span class='ocrx_word' id='word_1_312' title='bbox 1778 3546 1962 3605; x_wconf 86' lang='lat' dir='ltr'><strong>neque</strong></span> <span class='ocrx_word' id='word_1_313' title='bbox 2021 3526 2346 3603; x_wconf 88' lang='lat' dir='ltr'><strong>primorum</strong></span> <span class='ocrx_word' id='word_1_314' title='bbox 2388 3524 2695 3583; x_wconf 89' lang='lat' dir='ltr'><strong>hominum</strong></span> <span class='ocrx_word' id='word_1_315' title='bbox 2740 3524 2953 3597; x_wconf 84' lang='lat' dir='ltr'><strong>Legem</strong></span> <span class='ocrx_word' id='word_1_316' title='bbox 2990 3522 3087 3577; x_wconf 73' lang='lat' dir='ltr'><strong>hoc</strong></span> 
     </span>
     <span class='ocr_line' id='line_1_31' title="bbox 620 3626 3091 3709; baseline -0.003 -22"><span class='ocrx_word' id='word_1_317' title='bbox 620 3633 935 3689; x_wconf 88' lang='lat' dir='ltr'><strong>verborum</strong></span> <span class='ocrx_word' id='word_1_318' title='bbox 991 3633 1386 3691; x_wconf 85' lang='lat' dir='ltr'><strong>additamento</strong></span> <span class='ocrx_word' id='word_1_319' title='bbox 1429 3632 1809 3708; x_wconf 88' lang='lat' dir='ltr'><strong>adimplevit,</strong></span> <span class='ocrx_word' id='word_1_320' title='bbox 1872 3650 2057 3709; x_wconf 88' lang='lat' dir='ltr'><strong>neque</strong></span> <span class='ocrx_word' id='word_1_321' title='bbox 2100 3630 2285 3701; x_wconf 90' lang='lat' dir='ltr'><strong>illam,</strong></span> <span class='ocrx_word' id='word_1_322' title='bbox 2334 3648 2481 3707; x_wconf 87' lang='lat' dir='ltr'><strong>quae</strong></span> <span class='ocrx_word' id='word_1_323' title='bbox 2534 3648 2638 3704; x_wconf 90' lang='lat' dir='ltr'><strong>per</strong></span> <span class='ocrx_word' id='word_1_324' title='bbox 2680 3629 2927 3704; x_wconf 79' lang='lat' dir='ltr'><strong>Moysen</strong></span> <span class='ocrx_word' id='word_1_325' title='bbox 2967 3626 3091 3681; x_wconf 84' lang='lat' dir='ltr'><strong>data</strong></span> 
     </span>
     <span class='ocr_line' id='line_1_32' title="bbox 621 3732 3089 3813; baseline -0.002 -22"><span class='ocrx_word' id='word_1_326' title='bbox 621 3739 725 3806; x_wconf 85' lang='lat' dir='ltr'><strong>est,</strong></span> <span class='ocrx_word' id='word_1_327' title='bbox 802 3736 968 3813; x_wconf 90' lang='lat' dir='ltr'><strong>quasi</strong></span> <span class='ocrx_word' id='word_1_328' title='bbox 1043 3737 1471 3795; x_wconf 86' lang='lat' dir='ltr'><strong>contrariorum</strong></span> <span class='ocrx_word' id='word_1_329' title='bbox 1545 3736 1905 3813; x_wconf 89' lang='lat' dir='ltr'><strong>oppositione</strong></span> <span class='ocrx_word' id='word_1_330' title='bbox 1950 3734 2274 3803; x_wconf 81' lang='lat' dir='ltr'><strong>destruxit3</strong></span> <span class='ocrx_word' id='word_1_331' title='bbox 2350 3735 2447 3790; x_wconf 84' lang='lat' dir='ltr'><strong>sed</strong></span> <span class='ocrx_word' id='word_1_332' title='bbox 2514 3732 2709 3808; x_wconf 88' lang='lat' dir='ltr'><strong>potius</strong></span> <span class='ocrx_word' id='word_1_333' title='bbox 2770 3732 2966 3788; x_wconf 89' lang='lat' dir='ltr'><strong>omnia</strong></span> <span class='ocrx_word' id='word_1_334' title='bbox 3026 3748 3089 3785; x_wconf 80' lang='lat' dir='ltr'><strong>ex</strong></span> 
     </span>
    </p>
   </div>
   <div class='ocr_carea' id='block_1_3' title="bbox 762 3853 1035 3860">
    <p class='ocr_par' dir='ltr' id='par_1_3' title="bbox 762 3853 1035 3860">
     <span class='ocr_line' id='line_1_33' title="bbox 762 3853 1035 3860; baseline 0 1399"><span class='ocrx_word' id='word_1_335' title='bbox 762 3853 1035 3860; x_wconf 95' lang='lat' dir='ltr'><strong> </strong></span> 
     </span>
    </p>
   </div>
   <div class='ocr_carea' id='block_1_4' title="bbox 623 3891 3095 4650">
    <p class='ocr_par' dir='ltr' id='par_1_4' title="bbox 623 3891 3095 4650">
     <span class='ocr_line' id='line_1_34' title="bbox 835 3891 3091 3963; baseline -0.004 -15"><span class='ocrx_word' id='word_1_336' title='bbox 835 3898 872 3963; x_wconf 90' lang='lat'><strong>¹)</strong></span> <span class='ocrx_word' id='word_1_337' title='bbox 911 3900 994 3947; x_wconf 91' lang='lat' dir='ltr'><strong>De</strong></span> <span class='ocrx_word' id='word_1_338' title='bbox 1026 3914 1268 3948; x_wconf 84' lang='lat' dir='ltr'><strong>sermone</strong></span> <span class='ocrx_word' id='word_1_339' title='bbox 1293 3900 1509 3948; x_wconf 85' lang='lat' dir='ltr'><strong>Domini</strong></span> <span class='ocrx_word' id='word_1_340' title='bbox 1535 3900 1590 3947; x_wconf 89' lang='lat' dir='ltr'><strong>in</strong></span> <span class='ocrx_word' id='word_1_341' title='bbox 1615 3902 1810 3947; x_wconf 84' lang='lat' dir='ltr'><strong>monte.</strong></span> <span class='ocrx_word' id='word_1_342' title='bbox 1836 3897 1879 3959; x_wconf 95' lang='lat' dir='ltr'><strong>I,</strong></span> <span class='ocrx_word' id='word_1_343' title='bbox 1906 3898 1955 3946; x_wconf 88' lang='grc'><strong>9.</strong></span> <span class='ocrx_word' id='word_1_344' title='bbox 1980 3896 2079 3945; x_wconf 91' lang='lat'><strong>111.</strong></span> <span class='ocrx_word' id='word_1_345' title='bbox 2106 3898 2155 3956; x_wconf 83' lang='lat'><strong>2,</strong></span> <span class='ocrx_word' id='word_1_346' title='bbox 2185 3896 2301 3945; x_wconf 83' lang='grc'>173.</span> <span class='ocrx_word' id='word_1_347' title='bbox 2345 3894 2386 3959; x_wconf 85' lang='lat'><strong>²)</strong></span> <span class='ocrx_word' id='word_1_348' title='bbox 2422 3894 2569 3944; x_wconf 88' lang='lat' dir='ltr'><strong>Bene</strong></span> <span class='ocrx_word' id='word_1_349' title='bbox 2603 3898 2785 3943; x_wconf 84' lang='lat' dir='ltr'><strong>tamen</strong></span> <span class='ocrx_word' id='word_1_350' title='bbox 2824 3891 3091 3942; x_wconf 81' lang='lat' dir='ltr'><strong>tenendum</strong></span> 
     </span>
     <span class='ocr_line' id='line_1_35' title="bbox 625 3975 3089 4050; baseline -0.002 -17"><span class='ocrx_word' id='word_1_351' title='bbox 625 3990 720 4047; x_wconf 86' lang='lat' dir='ltr'><strong>est,</strong></span> <span class='ocrx_word' id='word_1_352' title='bbox 767 3984 1032 4035; x_wconf 82' lang='lat' dir='ltr'><strong>Christum</strong></span> <span class='ocrx_word' id='word_1_353' title='bbox 1074 3990 1128 4035; x_wconf 90' lang='lat' dir='ltr'><strong>et</strong></span> <span class='ocrx_word' id='word_1_354' title='bbox 1172 3985 1456 4050; x_wconf 81' lang='lat' dir='ltr'><strong>Apostolos</strong></span> <span class='ocrx_word' id='word_1_355' title='bbox 1505 3986 1551 4035; x_wconf 86' lang='lat' dir='ltr'><strong>si</strong></span> <span class='ocrx_word' id='word_1_356' title='bbox 1598 3984 1665 4035; x_wconf 86' lang='lat' dir='ltr'><strong>de</strong></span> <span class='ocrx_word' id='word_1_357' title='bbox 1713 3984 1861 4049; x_wconf 86' lang='lat' dir='ltr'><strong>Lege</strong></span> <span class='ocrx_word' id='word_1_358' title='bbox 1907 3983 2199 4048; x_wconf 81' lang='lat' dir='ltr'><strong>loquuntur</strong></span> <span class='ocrx_word' id='word_1_359' title='bbox 2242 3982 2469 4031; x_wconf 82' lang='lat' dir='ltr'><strong>maxime</strong></span> <span class='ocrx_word' id='word_1_360' title='bbox 2514 3984 2809 4046; x_wconf 75' lang='lat' dir='ltr'><strong>praecepta</strong></span> <span class='ocrx_word' id='word_1_361' title='bbox 2851 3975 3089 4042; x_wconf 76' lang='lat' dir='ltr'><strong>Decalogi</strong></span> 
     </span>
     <span class='ocr_line' id='line_1_36' title="bbox 625 4066 3089 4137; baseline -0.002 -18"><span class='ocrx_word' id='word_1_362' title='bbox 625 4076 884 4137; x_wconf 78' lang='lat' dir='ltr'><strong>spectare,</strong></span> <span class='ocrx_word' id='word_1_363' title='bbox 923 4071 1064 4137; x_wconf 90' lang='lat' dir='ltr'><strong>quod</strong></span> <span class='ocrx_word' id='word_1_364' title='bbox 1101 4074 1285 4121; x_wconf 84' lang='lat' dir='ltr'><strong>nititur</strong></span> <span class='ocrx_word' id='word_1_365' title='bbox 1319 4086 1386 4122; x_wconf 82' lang='lat' dir='ltr'><strong>ea</strong></span> <span class='ocrx_word' id='word_1_366' title='bbox 1420 4072 1626 4121; x_wconf 85' lang='lat' dir='ltr'><strong>ratione</strong></span> <span class='ocrx_word' id='word_1_367' title='bbox 1657 4075 1711 4120; x_wconf 87' lang='lat' dir='ltr'><strong>et</strong></span> <span class='ocrx_word' id='word_1_368' title='bbox 1739 4072 1810 4130; x_wconf 86' lang='lat' dir='ltr'><strong>vi,</strong></span> <span class='ocrx_word' id='word_1_369' title='bbox 1845 4084 2003 4135; x_wconf 86' lang='lat' dir='ltr'><strong>quam</strong></span> <span class='ocrx_word' id='word_1_370' title='bbox 2037 4069 2187 4119; x_wconf 88' lang='lat' dir='ltr'><strong>Deus</strong></span> <span class='ocrx_word' id='word_1_371' title='bbox 2222 4070 2339 4134; x_wconf 87' lang='lat' dir='ltr'><strong>ipse</strong></span> <span class='ocrx_word' id='word_1_372' title='bbox 2376 4067 2651 4132; x_wconf 82' lang='lat' dir='ltr'><strong>Decalogo</strong></span> <span class='ocrx_word' id='word_1_373' title='bbox 2690 4067 2896 4127; x_wconf 77' lang='lat' dir='ltr'><strong>tribuit,</strong></span> <span class='ocrx_word' id='word_1_374' title='bbox 2930 4066 3089 4114; x_wconf 75' lang='lat' dir='ltr'><strong>decem</strong></span> 
     </span>
     <span class='ocr_line' id='line_1_37' title="bbox 623 4152 3091 4225; baseline -0.004 -18"><span class='ocrx_word' id='word_1_375' title='bbox 623 4160 790 4211; x_wconf 80' lang='lat' dir='ltr'><strong>verba</strong></span> <span class='ocrx_word' id='word_1_376' title='bbox 837 4159 1000 4225; x_wconf 80' lang='lat' dir='ltr'><strong>digito</strong></span> <span class='ocrx_word' id='word_1_377' title='bbox 1049 4159 1264 4223; x_wconf 87' lang='lat' dir='ltr'><strong>proprio</strong></span> <span class='ocrx_word' id='word_1_378' title='bbox 1310 4157 1509 4207; x_wconf 79' lang='lat' dir='ltr'><strong>tabulis</strong></span> <span class='ocrx_word' id='word_1_379' title='bbox 1553 4156 1782 4222; x_wconf 82' lang='lat' dir='ltr'><strong>lapideis</strong></span> <span class='ocrx_word' id='word_1_380' title='bbox 1830 4156 2141 4205; x_wconf 85' lang='lat' dir='ltr'><strong>inscribens.</strong></span> <span class='ocrx_word' id='word_1_381' title='bbox 2214 4153 2297 4204; x_wconf 86' lang='lat' dir='ltr'><strong>cf.</strong></span> <span class='ocrx_word' id='word_1_382' title='bbox 2332 4154 2471 4204; x_wconf 84' lang='lat' dir='ltr'><strong>Hist.</strong></span> <span class='ocrx_word' id='word_1_383' title='bbox 2516 4153 2581 4203; x_wconf 83' lang='lat' dir='ltr'><strong>R.</strong></span> <span class='ocrx_word' id='word_1_384' title='bbox 2614 4153 2684 4202; x_wconf 92' lang='lat' dir='ltr'><strong>D.</strong></span> <span class='ocrx_word' id='word_1_385' title='bbox 2718 4153 2784 4201; x_wconf 93' lang='lat' dir='ltr'><strong>V.</strong></span> <span class='ocrx_word' id='word_1_386' title='bbox 2820 4152 2883 4201; x_wconf 93' lang='grc' dir='ltr'><strong>Τ.</strong></span> <span class='ocrx_word' id='word_1_387' title='bbox 2914 4169 2966 4217; x_wconf 89' lang='lat' dir='ltr'><strong>p.</strong></span> <span class='ocrx_word' id='word_1_388' title='bbox 2993 4154 3091 4201; x_wconf 86' lang='lat'><strong>110.</strong></span> 
     </span>
     <span class='ocr_line' id='line_1_38' title="bbox 629 4238 3091 4311; baseline -0.005 -14"><span class='ocrx_word' id='word_1_389' title='bbox 629 4248 743 4297; x_wconf 88' lang='grc'><strong>133.</strong></span> <span class='ocrx_word' id='word_1_390' title='bbox 807 4246 848 4311; x_wconf 74' lang='lat'><strong>³)</strong></span> <span class='ocrx_word' id='word_1_391' title='bbox 885 4244 1072 4295; x_wconf 77' lang='lat' dir='ltr'><strong>Matth.</strong></span> <span class='ocrx_word' id='word_1_392' title='bbox 1111 4245 1192 4307; x_wconf 80' lang='lat'><strong>19,</strong></span> <span class='ocrx_word' id='word_1_393' title='bbox 1232 4246 1310 4293; x_wconf 85' lang='grc'><strong>16.</strong></span> <span class='ocrx_word' id='word_1_394' title='bbox 1372 4244 1416 4309; x_wconf 83' lang='lat'><strong>⁴)</strong></span> <span class='ocrx_word' id='word_1_395' title='bbox 1451 4243 1649 4293; x_wconf 80' lang='lat' dir='ltr'><strong>Joann.</strong></span> <span class='ocrx_word' id='word_1_396' title='bbox 1687 4246 1733 4304; x_wconf 92' lang='lat'><strong>1,</strong></span> <span class='ocrx_word' id='word_1_397' title='bbox 1771 4244 1853 4291; x_wconf 91' lang='grc'><strong>17.</strong></span> <span class='ocrx_word' id='word_1_398' title='bbox 1914 4242 1955 4306; x_wconf 80' lang='lat'><strong>⁵)</strong></span> <span class='ocrx_word' id='word_1_399' title='bbox 1993 4241 2125 4291; x_wconf 79' lang='lat' dir='ltr'><strong>Lev.</strong></span> <span class='ocrx_word' id='word_1_400' title='bbox 2163 4245 2243 4303; x_wconf 90' lang='lat'><strong>11,</strong></span> <span class='ocrx_word' id='word_1_401' title='bbox 2278 4242 2363 4290; x_wconf 77' lang='lat'><strong>44.</strong></span> <span class='ocrx_word' id='word_1_402' title='bbox 2401 4242 2484 4302; x_wconf 84' lang='lat'><strong>21,</strong></span> <span class='ocrx_word' id='word_1_403' title='bbox 2519 4241 2569 4289; x_wconf 93' lang='grc'><strong>8.</strong></span> <span class='ocrx_word' id='word_1_404' title='bbox 2604 4238 2728 4289; x_wconf 87' lang='grc'>0011.</span> <span class='ocrx_word' id='word_1_405' title='bbox 2753 4239 2929 4288; x_wconf 83' lang='lat' dir='ltr'><strong>Exod.</strong></span> <span class='ocrx_word' id='word_1_406' title='bbox 2956 4239 3091 4299; x_wconf 74' lang='lat'><strong>19‚6.</strong></span> 
     </span>
     <span class='ocr_line' id='line_1_39' title="bbox 630 4326 3093 4396; baseline -0.004 -15"><span class='ocrx_word' id='word_1_407' title='bbox 630 4335 722 4394; x_wconf 85' lang='grc'><strong>22,</strong></span> <span class='ocrx_word' id='word_1_408' title='bbox 757 4334 841 4383; x_wconf 85' lang='grc'><strong>31.</strong></span> <span class='ocrx_word' id='word_1_409' title='bbox 904 4330 944 4396; x_wconf 78' lang='lat'><strong>⁶)</strong></span> <span class='ocrx_word' id='word_1_410' title='bbox 981 4332 1142 4381; x_wconf 61' lang='lat' dir='ltr'><strong>Deut.</strong></span> <span class='ocrx_word' id='word_1_411' title='bbox 1181 4333 1236 4394; x_wconf 94' lang='grc'><strong>7,</strong></span> <span class='ocrx_word' id='word_1_412' title='bbox 1280 4334 1329 4383; x_wconf 86' lang='grc'>6.</span> <span class='ocrx_word' id='word_1_413' title='bbox 1377 4332 1469 4391; x_wconf 83' lang='grc'><strong>14,</strong></span> <span class='ocrx_word' id='word_1_414' title='bbox 1505 4332 1590 4379; x_wconf 86' lang='grc'><strong>21.</strong></span> <span class='ocrx_word' id='word_1_415' title='bbox 1638 4332 1728 4391; x_wconf 85' lang='grc'><strong>26,</strong></span> <span class='ocrx_word' id='word_1_416' title='bbox 1768 4330 1848 4379; x_wconf 85' lang='grc'><strong>19.</strong></span> <span class='ocrx_word' id='word_1_417' title='bbox 1905 4327 2371 4378; x_wconf 84' lang='lat' dir='ltr'><strong>Particularismus</strong></span> <span class='ocrx_word' id='word_1_418' title='bbox 2417 4331 2667 4376; x_wconf 82' lang='lat' dir='ltr'><strong>externus</strong></span> <span class='ocrx_word' id='word_1_419' title='bbox 2714 4326 2929 4391; x_wconf 80' lang='lat' dir='ltr'><strong>quidam</strong></span> <span class='ocrx_word' id='word_1_420' title='bbox 2976 4328 3093 4374; x_wconf 78' lang='lat' dir='ltr'><strong>inest</strong></span> 
     </span>
     <span class='ocr_line' id='line_1_40' title="bbox 627 4411 3093 4483; baseline -0.004 -16"><span class='ocrx_word' id='word_1_421' title='bbox 627 4419 860 4483; x_wconf 88' lang='lat' dir='ltr'><strong>Antiquo</strong></span> <span class='ocrx_word' id='word_1_422' title='bbox 896 4417 1142 4479; x_wconf 83' lang='lat' dir='ltr'><strong>Foederi,</strong></span> <span class='ocrx_word' id='word_1_423' title='bbox 1171 4417 1265 4468; x_wconf 87' lang='lat' dir='ltr'><strong>sed</strong></span> <span class='ocrx_word' id='word_1_424' title='bbox 1289 4417 1376 4467; x_wconf 86' lang='lat' dir='ltr'><strong>hic</strong></span> <span class='ocrx_word' id='word_1_425' title='bbox 1401 4432 1464 4467; x_wconf 83' lang='lat' dir='ltr'><strong>ex</strong></span> <span class='ocrx_word' id='word_1_426' title='bbox 1489 4416 1749 4481; x_wconf 83' lang='lat' dir='ltr'><strong>peculiari</strong></span> <span class='ocrx_word' id='word_1_427' title='bbox 1783 4416 1992 4465; x_wconf 86' lang='lat' dir='ltr'><strong>Veteris</strong></span> <span class='ocrx_word' id='word_1_428' title='bbox 2029 4414 2357 4464; x_wconf 77' lang='lat' dir='ltr'><strong>Testamenti</strong></span> <span class='ocrx_word' id='word_1_429' title='bbox 2391 4413 2727 4463; x_wconf 86' lang='lat' dir='ltr'><strong>institutione</strong></span> <span class='ocrx_word' id='word_1_430' title='bbox 2766 4411 3093 4478; x_wconf 73' lang='lat' dir='ltr'><strong>explicandus</strong></span> 
     </span>
     <span class='ocr_line' id='line_1_41' title="bbox 629 4498 3095 4569; baseline -0.004 -16"><span class='ocrx_word' id='word_1_431' title='bbox 629 4508 725 4554; x_wconf 85' lang='lat' dir='ltr'><strong>est.</strong></span> <span class='ocrx_word' id='word_1_432' title='bbox 775 4502 856 4553; x_wconf 85' lang='lat' dir='ltr'><strong>Cf.</strong></span> <span class='ocrx_word' id='word_1_433' title='bbox 881 4504 951 4553; x_wconf 90' lang='lat' dir='ltr'><strong>H.</strong></span> <span class='ocrx_word' id='word_1_434' title='bbox 975 4504 1041 4553; x_wconf 82' lang='lat' dir='ltr'><strong>R.</strong></span> <span class='ocrx_word' id='word_1_435' title='bbox 1064 4504 1133 4553; x_wconf 92' lang='lat' dir='ltr'><strong>D.</strong></span> <span class='ocrx_word' id='word_1_436' title='bbox 1157 4504 1222 4552; x_wconf 89' lang='lat' dir='ltr'><strong>V.</strong></span> <span class='ocrx_word' id='word_1_437' title='bbox 1247 4504 1309 4553; x_wconf 87' lang='lat' dir='ltr'><strong>T.</strong></span> <span class='ocrx_word' id='word_1_438' title='bbox 1335 4520 1385 4569; x_wconf 91' lang='lat' dir='ltr'><strong>p.</strong></span> <span class='ocrx_word' id='word_1_439' title='bbox 1424 4504 1538 4552; x_wconf 86' lang='lat'><strong>131.</strong></span> <span class='ocrx_word' id='word_1_440' title='bbox 1573 4504 1688 4553; x_wconf 84' lang='grc'>166.</span> <span class='ocrx_word' id='word_1_441' title='bbox 1750 4502 1791 4567; x_wconf 79' lang='grc'><strong>7)</strong></span> <span class='ocrx_word' id='word_1_442' title='bbox 1832 4500 1967 4550; x_wconf 86' lang='lat' dir='ltr'><strong>Cum</strong></span> <span class='ocrx_word' id='word_1_443' title='bbox 2000 4500 2332 4550; x_wconf 81' lang='lat' dir='ltr'><strong>Manichaeis</strong></span> <span class='ocrx_word' id='word_1_444' title='bbox 2368 4503 2423 4549; x_wconf 87' lang='lat' dir='ltr'><strong>et</strong></span> <span class='ocrx_word' id='word_1_445' title='bbox 2456 4499 2771 4549; x_wconf 77' lang='lat' dir='ltr'><strong>Antinomis.</strong></span> <span class='ocrx_word' id='word_1_446' title='bbox 2834 4498 2879 4564; x_wconf 79' lang='lat'><strong>⁸)</strong></span> <span class='ocrx_word' id='word_1_447' title='bbox 2916 4498 3095 4547; x_wconf 77' lang='lat' dir='ltr'><strong>Contra</strong></span> 
     </span>
     <span class='ocr_line' id='line_1_42' title="bbox 628 4588 1517 4650; baseline -0.006 -9"><span class='ocrx_word' id='word_1_448' title='bbox 628 4589 904 4641; x_wconf 79' lang='lat' dir='ltr'><strong>Faustum.</strong></span> <span class='ocrx_word' id='word_1_449' title='bbox 951 4588 1097 4650; x_wconf 81' lang='lat' dir='ltr'><strong>XIX,</strong></span> <span class='ocrx_word' id='word_1_450' title='bbox 1123 4590 1206 4637; x_wconf 89' lang='grc'>27.</span> <span class='ocrx_word' id='word_1_451' title='bbox 1224 4588 1374 4649; x_wconf 91' lang='lat' dir='ltr'><strong>VIII,</strong></span> <span class='ocrx_word' id='word_1_452' title='bbox 1400 4588 1517 4639; x_wconf 82' lang='lat'><strong>330.</strong></span> 
     </span>
    </p>
   </div>
   <div class='ocr_carea' id='block_1_5' title="bbox 3192 2212 3210 3869">
    <p class='ocr_par' dir='ltr' id='par_1_5' title="bbox 3192 2212 3210 3869">
     <span class='ocr_line' id='line_1_43' title="bbox 3192 2212 3210 3869; baseline 0 0"><span class='ocrx_word' id='word_1_453' title='bbox 3192 2212 3210 3869; x_wconf 95' lang='lat' dir='ltr'><strong> </strong></span> 
     </span>
    </p>
   </div>
  </div>
 </body>
</html>
