3267 5259
558 367 689 433 460
800 350 807 359 ’
1302 380 1413 421 nist.
1446 381 1549 421 sev.
1580 380 1668 422 aiv.
1703 378 1866 421 Ροήοιι.
1895 378 1950 421 ιι.
1973 392 2066 431 ως».
2096 380 2297 421 aiterum.

562 563 652 621 Ad
688 562 832 621 alios
863 582 911 620 e.
944 563 1141 621 datam
1174 582 1291 620 esse
1322 562 1644 638 epistolam,
1679 561 1940 640 antiquis
1985 561 2334 619 testimoniis
2381 562 2794 637 comprobatur
2827 560 3024 627 nullis;

507 644 515 649 .
556 666 591 724 J
594 668 803 724 udaeos
834 666 1197 724 Palaestinae
1228 672 1423 725 autem
1456 666 1674 743 primos
1705 666 1961 724 eiusdem
2005 666 2246 725 lectores
2277 666 2514 723 Veteres
2555 666 2778 723 habent
2821 684 3025 723 omnes.

559 772 723 829 Adde
753 772 796 829 f.
840 772 903 829 in
935 772 1045 829 hac
1087 772 1333 847 epistola
1382 770 1607 827 nullam
1654 771 1783 828 fieri
1833 772 2186 829 mentionem
2233 770 2704 829 Christianorum
2737 790 2814 827 ex
2845 770 3027 826 ethni-

556 878 730 934 cismo
761 896 1196 946 conversorum;
1230 876 1527 935 ecclesiam
1553 876 1625 933 ad
1657 895 1835 954 quam
1859 878 2000 935 haec
2021 876 2266 953 epistola
2287 878 2464 933 missa
2482 880 2584 945 est,
2612 876 2794 933 fuisse
2815 875 3020 931 dudum

556 981 857 1039 fundatam
886 980 929 1051 ¹;
992 987 1165 1059 atque
1217 1002 1272 1055 g.
1328 982 1501 1039 iuxta
1548 981 2010 1040 vetustissimam
2063 987 2124 1040 et
2172 981 2610 1039 testatissimam
2661 979 3026 1037 traditionem

554 1084 611 1142 S.
644 1084 701 1142 S.
736 1087 802 1143 P.
837 1086 902 1144 P.
937 1091 993 1144 et
1025 1086 1082 1143 S.
1118 1086 1185 1143 E.
1240 1090 1300 1143 et
1346 1087 1739 1162 interpretum
1783 1086 1956 1143 initio
1999 1086 2202 1159 lingua
2257 1084 2660 1145 Hebraeorum
2715 1082 3022 1143 vernacula

555 1194 875 1249 exaratam.

762 1362 1027 1430 Diqrcssio,
1064 1380 1166 1430 qua
1201 1364 1467 1413 sententiae
1490 1362 1662 1413 variae
1697 1362 1756 1413 de
1783 1362 1966 1431 primis
1999 1361 2228 1430 epistolae
2265 1353 2418 1427 „apog
2455 1356 2750 1426 ‘Esspatoue‘
2787 1359 3028 1412 lectoribus

554 1452 871 1500 recensentur.
926 1448 1345 1497 Innumerabiles
1400 1448 1509 1497 fere
1556 1453 1682 1498 sunt
1719 1448 1996 1514 opiniones
2039 1448 2104 1496 de
2146 1449 2328 1512 primis
2371 1448 2630 1512 epistolae
2673 1446 2832 1497 huius
2873 1446 3024 1495 lecto·

556 1534 718 1585 ribus.
769 1534 911 1585 Illud
957 1550 1083 1583 vero
1124 1536 1425 1585 concedunt
1480 1534 1589 1584 fere
1636 1550 1848 1596 omnes,
1905 1534 2132 1584 lectores
2189 1536 2416 1600 primos,
2471 1534 2541 1583 ad
2597 1548 2732 1599 quos
2801 1533 2926 1583 data
2963 1534 3030 1583 sit

554 1620 795 1686 epistola,
844 1622 1005 1671 fuisse
1054 1623 1218 1687 prius,
1258 1636 1415 1686 (piam
1453 1621 1523 1671 ad
1562 1621 1828 1671 Christum
1865 1620 2199 1682 accederent,
2237 1636 2266 1669 e
2311 1636 2532 1671 numero
2580 1620 2924 1671 Judaeorum.
2975 1620 3020 1669 E

554 1708 886 1773 quorundam
934 1710 1201 1757 sententia
1247 1708 1349 1758 hae
1396 1708 1582 1759 literae
1628 1709 1786 1759 datae
1833 1714 1958 1759 sunt
2003 1710 2074 1758 ad
2121 1707 2655 1759 Judaeochristianos
2715 1722 2811 1774 per
2867 1713 3024 1759 totum

555 1794 736 1844 orbem
782 1794 1063 1860 dispersos.
1108 1795 1159 1845 J.
1207 1795 1414 1857 Branm,
1472 1810 1658 1846 comm.
1710 1797 1762 1844 in
1807 1812 1890 1861 ep.
1931 1796 1996 1845 ad
2042 1796 2204 1845 Hebr.
2247 1796 2412 1847 Amst.
2461 1796 2611 1845 1705.
2661 1812 2714 1860 p.
2751 1797 2834 1845 29.
2871 1795 3024 1844 Hein-

553 1881 720 1940 richs.
760 1898 841 1947 ep.
881 1882 946 1932 ad
986 1882 1149 1932 Hebr.
1186 1887 1447 1947 perpetua
1482 1887 1663 1931 annot.
1701 1882 1890 1933 illustr.
1927 1882 2069 1933 Gott.
2099 1885 2248 1933 1823.
2283 1882 2416 1948 prol.
2449 1900 2500 1948 p.
2531 1884 2608 1932 12.
2636 1898 2679 1931 s.
2717 1880 3022 1946 Schwegler,

554 1969 778 2035 nachap.
817 1969 1071 2019 Zeitalter
1108 1970 1176 2031 11,
1216 1972 1334 2019 304.
1390 1970 1587 2019 Verum
1636 1985 1775 2035 quae
1823 1972 1904 2033 13,
1955 1972 2037 2021 18.
2075 1972 2158 2019 23.
2203 1972 2286 2019 24.
2323 1970 2596 2035 leguntur,
2643 1971 2778 2019 satis
2823 1968 3024 2018 demon-

552 2060 737 2117 strant,
776 2061 953 2105 certae
988 2056 1297 2121 particulari
1336 2056 1617 2107 Ecclesiae
1651 2056 1816 2106 fuisse
1853 2058 2060 2107 missas.
2097 2058 2322 2107 Nonnisi
2357 2057 2696 2119 coniecturis,
2735 2060 2790 2105 et
2824 2055 3022 2121 quidem

550 2144 702 2207 vagis
730 2142 994 2191 ducuntur
1018 2142 1124 2205 alii,
1153 2145 1244 2209 qni
1270 2144 1585 2193 Christianis
1612 2144 1678 2193 de
1703 2144 2036 2205 Macedonia,
2065 2144 2425 2209 imprimisque
2449 2142 3020 2203 Thessalonicensibus,

554 2230 871 2280 destinatam
916 2236 1271 2296 propugnant.
1325 2231 1411 2280 Ita
1446 2233 1656 2281 censuit
1690 2232 1742 2281 J.
1771 2232 1830 2281 A.
1859 2231 2121 2293 Noesselt,
2161 2246 2343 2296 opusc.
2382 2230 2451 2279 ad
2487 2232 2703 2295 interpr.
2749 2229 2804 2280 S.
2829 2230 2881 2279 S.
2905 2228 3020 2277 Hal.

556 2320 704 2367 1796.
732 2318 774 2378 1,
811 2320 928 2367 278.
984 2318 1267 2367 Corinthiis
1311 2320 1563 2383 scriptam
1600 2319 1766 2368 fuisse
1803 2318 2029 2384 putabat
2065 2318 2250 2380 Mack,
2288 2322 2338 2367 ίΙ.
2375 2318 2424 2366 d.
2459 2332 2630 2383 urspr.
2667 2318 2834 2367 Leser
2867 2316 2915 2365 d.
2939 2316 3020 2363 Br-

554 2418 623 2454 an
660 2404 747 2454 die
782 2405 965 2467 Hebr.,
1004 2406 1057 2453 in
1094 2420 1213 2457 ann.
1254 2406 1393 2455 Tul».
1430 2408 1613 2466 Quart.
1653 2407 1802 2457 1836.
1837 2422 1887 2471 p.
1926 2408 2044 2455 422.
2083 2420 2126 2453 s.
2161 2410 2214 2454 et
2255 2406 2614 2455 recentissime
2653 2406 2714 2454 F.
2747 2404 3018 2463 Bachasse,

553 2490 587 2541 l’
626 2490 917 2557 hypothese
956 2492 1021 2542 de
1058 2492 1128 2541 Μ.
1170 2492 1489 2542 Chavannes
1526 2508 1617 2542 sur
1655 2490 1862 2558 l’epitre
1901 2507 2004 2542 anx
2044 2490 2312 2542 Heln-eux.
2349 2490 2580 2541 Strassb.
2623 2494 2772 2541 1856.
2817 2508 2868 2557 p.
2901 2494 2946 2540 9.
2981 2506 3018 2539 s.

552 2579 673 2629 Non
709 2594 974 2629 moramur
1011 2584 1332 2629 commenta:
1372 2580 1574 2641 Stoi-rii,
1615 2579 1681 2629 de
1719 2594 1984 2629 consensu
2021 2594 2103 2644 cp.
2139 2578 2293 2628 Pauli
2319 2578 2388 2628 ad
2411 2578 2692 2628 Hebraeos
2717 2584 2772 2628 et
2797 2577 3016 2628 Galatas,

554 2666 689 2715 Tub.
732 2668 877 2715 1792.
906 2682 955 2730 p.
986 2668 1065 2715 16.
1094 2680 1151 2727 s.,
1192 2670 1281 2732 qui
1320 2666 1553 2730 Galatis3
1592 2668 1656 2715 E.
1695 2668 1767 2716 M.
1805 2666 2032 2725 Boethii,
2073 2667 2162 2731 qui
2201 2665 2457 2732 peculiari
2495 2666 2934 2715 demonstratione
2957 2663 3018 2713 ad

556 2750 881 2801 Christianos
928 2768 1121 2817 genere
1168 2752 1393 2817 gentiles
1442 2758 1497 2802 et
1540 2754 1752 2819 quidem
1801 2753 1868 2803 ad
1917 2754 2183 2818 Ephesios
2221 2752 2400 2802 datam
2447 2768 2566 2803 esse
2603 2752 2749 2801 dixit.
2789 2750 3016 2802 Francos.

558 2842 708 2890 1836.
746 2856 797 2905 p.
836 2842 953 2889 263.
996 2840 1095 2901 „ad
1133 2840 1545 2891 confirmandam
1584 2840 1910 2891 debilitatam
1949 2840 2304 2907 Ephesiorum
2349 2856 2496 2905 spem
2542 2842 2694 2905 regni
2731 2840 3013 2889 Messiani.·⁴

562 2925 879 2992 Opinionem
928 2943 957 2975 e
992 2942 1099 2993 qua
1141 2928 1369 2978 lectores
1424 2928 2012 2977 ‹Iudaeo-Christianos
2047 2926 2434 2977 Alexandrinos
2483 2927 2710 2977 habent:
2761 2926 3016 2985 Wieseler,

556 3012 749 3063 Chron.
790 3013 839 3062 d.
878 3019 1047 3079 apost.
1086 3014 1362 3063 Zeitalters
1402 3032 1451 3079 p.
1490 3016 1607 3064 479.
1635 3030 1677 3063 s.
1727 3015 1865 3063 Eine
1903 3014 2316 3079 Untcrsuchung
2352 3018 2403 3062 u.
2443 3014 2492 3063 d.
2530 3014 2855 3063 Hebrfierbr.
2891 3026 3016 3061 nam.

554 3114 596 3149 s.
636 3100 777 3148 Verf.
804 3116 856 3149 ιι.
882 3116 923 3150 s.
950 3101 1130 3149 Leser.
1170 3100 1305 3149 Kiel.
1346 3103 1494 3149 1861.
1531 3100 1571 3162 Ι,
1611 3103 1694 3150 51.
1722 3118 1763 3149 s.
1791 3100 1861 3161 11,
1891 3102 1970 3149 11.
1997 3118 2038 3150 s.
2079 3100 2333 3161 Credner,
2371 3100 2562 3149 Gcscli.
2591 3100 2640 3149 d.
2667 3116 2722 3149 n.
2749 3100 2813 3150 K.
2839 3116 2888 3165 p.
2915 3100 3016 3149 16¹.

558 3188 672 3237 182.
716 3188 833 3237 394.
886 3187 1121 3249 Bunsen,
1162 3188 1483 3253 Hippolytus
1518 3202 1571 3237 u.
1599 3206 1640 3236 s.
1681 3189 1808 3237 Zeit.
1849 3188 1998 3254 Leip.
2028 3190 2178 3238 1862.
2204 3188 2246 3237 Ι.
2275 3188 2393 3238 366.
2419 3205 2462 3238 s.
2501 3187 3014 3251 Schneckenburger,

558 3273 708 3324 Stud.
746 3290 798 3323 u.
836 3274 967 3323 Krit.
998 3276 1147 3324 1859.
1174 3292 1225 3340 p.
1252 3276 1368 3324 296.
1396 3289 1435 3323 s.
1488 3275 1810 3339 argumentis
1847 3290 1954 3324 non
1991 3276 2168 3339 magni
2191 3274 2440 3341 ponderis
2467 3274 2720 3339 gaudent.
2759 3272 3020 3323 Refellitur

555 3366 731 3410 autem
768 3366 943 3410 aetate
982 3361 1259 3426 epistolae.
1296 3361 1501 3411 Damus
1536 3378 1632 3427 per
1669 3367 1987 3411 mercatores
2025 3361 2165 3412 ultro
2192 3364 2431 3427 citroque
2469 3367 2750 3411 cursantes
2785 3362 3016 3411 nuncium

556 3448 823 3513 religionis
850 3446 1043 3498 Christi
1070 3448 1139 3497 ad
1164 3449 1548 3499 Alexandrinos
1584 3449 1862 3515 perlatum,
1901 3448 1996 3499 sed
2029 3450 2326 3499 Ecclesiam
2365 3449 2600 3514 aliquam
2633 3456 2760 3498 ante
2797 3466 2838 3499 s.
2863 3448 3019 3496 Marci

554 3550 616 3584 eo
644 3534 1023 3600 profectionem
1063 3535 1355 3597 collectam,
1394 3536 1545 3586 nulla
1575 3537 1892 3585 auctoritate
1931 3537 2207 3585 evincitur.
2257 3536 2339 3585 Cf.
2367 3536 2429 3585 G.
2457 3536 2666 3597 Secchi‚
2705 3536 2760 3586 la
2785 3534 3020 3585 Cattedra

553 3621 937 3671 Alessandrina
971 3640 1018 3687 p.
1064 3624 1175 3672 159.
1226 3638 1266 3672 s.
1320 3622 1520 3673 Contra
1576 3623 1803 3673 lectores
1865 3622 2250 3673 Alexandrinos
2304 3623 2447 3686 facit,
2499 3624 2644 3689 quod
2699 3624 2921 3688 scriptor
2961 3621 3019 3669 de

554 3708 699 3757 cultu
738 3714 791 3759 et
826 3709 1125 3759 sacerdotio
1164 3714 1268 3758 tam
1310 3724 1530 3775 operose
1570 3710 1876 3775 disputans,
1915 3726 2176 3775 nusquam
2223 3726 2288 3760 ne
2325 3712 2490 3761 verbo
2538 3710 2752 3776 quidem
2789 3710 3022 3775 respiciat

554 3795 885 3861 Templum
932 3797 1547 3861 Heliopolitannm3
1597 3797 1738 3862 quod
1789 3797 1859 3848 ad
1911 3798 2138 3847 lectores
2182 3798 2570 3848 Alexandrinos
2625 3810 3021 3847 commemorare

552 3884 641 3933 vix
676 3884 953 3933 omisisset.
992 3885 1255 3947 Ecclesia,
1282 3884 1349 3934 de
1374 3900 1481 3950 qua
1506 3887 1794 3950 quaeritur,
1821 3887 2081 3937 instructa
2106 3892 2157 3935 et
2185 3884 2498 3935 confirmata
2519 3884 2623 3933 fuit
2645 3885 2716 3934 ab
2741 3882 3024 3949 Apostolis3

554 3970 735 4019 fideles
774 3972 1007 4021 eiusdem
1049 3972 1319 4037 religionis
1357 3986 1523 4021 causa
1556 3974 1782 4023 iniurias
1817 3978 1870 4022 et
1895 3972 2224 4021 calamitates
2249 3973 2604 4037 patiebantur.
2643 3971 2802 4032 Quod
2835 3976 3020 4021 utrum·

553 4072 655 4121 que
694 4065 1013 4109 momentum
1052 4064 1305 4124 quantum
1344 4063 1531 4109 contra
1566 4058 1942 4109 Alexandriam
1979 4064 2216 4119 testetur,
2255 4074 2362 4109 non
2399 4061 2590 4109 attinet
2625 4058 2804 4108 multis
2841 4058 3019 4107 dicere.

552 4144 707 4204 Quod
755 4150 931 4195 autem
978 4147 1293 4210 scriptorum
1331 4146 1808 4196 Alexandrinorum
1853 4148 2328 4196 vetustissimorum
2373 4146 2561 4210 elogiis
2613 4146 2934 4209 celebretur3
2971 4144 3018 4192 id

553 4230 765 4294 quidem
804 4248 869 4281 ex
906 4233 1105 4297 duplici
1143 4247 1307 4282 causa
1344 4234 1561 4281 accidit:
1601 4234 1826 4298 primum
1865 4232 2006 4299 quod
2041 4238 2248 4282 mature
2283 4234 2358 4281 ibi
2393 4234 2701 4294 innotuerit,
2741 4236 2796 4282 et
2837 4230 3014 4282 deinde

553 4319 679 4381 quia
716 4320 1011 4381 argumenti
1050 4321 1253 4369 ratione
1297 4322 1523 4369 maxime
1572 4320 2044 4371 commendaretur.
2090 4321 2278 4385 Neque
2323 4320 2416 4369 illa
2459 4321 2596 4369 ratio
2635 4320 2836 4385 aliquid
2871 4318 3016 4376 valet,

554 4404 845 4467 epistolam,
885 4422 1023 4472 quae
1062 4407 1117 4457 in
1155 4407 1375 4460 Canone
1414 4407 1688 4463 Muratorii
1735 4408 1804 4457 ad
1839 4407 2228 4461 Alexandrinos
2265 4407 2478 4461 nomine
2515 4406 2672 4459 Pauli
2709 4406 3015 4465 inscribitur,

766 4580 801 4640 ι)
841 4582 888 4641 5,
919 4584 998 4631 12.
1040 4584 1118 4643 ιο,
1146 4584 1227 4634 32.
