3267 5259
556 466 786 523 XXXIV
1388 484 1631 541 Apparatus
1662 484 1878 532 Historico
1891 512 1942 522 —
1962 488 2217 533 Chi-esicus.

768 672 864 724 26.
924 669 1195 723 Herodem
1240 687 1293 725 α.
1352 670 1413 725 U.
1466 670 1525 726 C.
1579 672 1714 728 750.
1762 688 2065 741 supremum
2113 673 2311 727 obiisse
2357 672 2496 727 diem
2541 676 2671 728 aliis
2711 676 3048 731 munimentis

543 774 806 842 fulcitur.
869 772 1103 831 Pondus
1150 772 1313 850 prius
1342 774 1614 831 excitatis
1644 777 2005 849 argumentis
2045 775 2208 833 addit
2239 776 2525 853 parallela
2551 780 2771 855 epocha
2799 798 3046 837 comme·

562 883 791 936 morata
839 878 1050 936 Joann.
1098 886 1155 948 2,
1199 882 1329 947 20.;
1378 880 1479 937 ubi
1533 898 1688 937 anno
1739 881 1930 957 primo
1975 881 2269 955 praeconii
2313 881 2536 943 Christi
2585 882 2795 940 Judaei
2847 886 3048 941 aiunt:

560 983 844 1059 templum
894 984 969 1041 ab
1022 984 1253 1041 Herode
1306 988 1658 1043 exornat-um
1709 983 1886 1043 fuisse
1942 985 2113 1043 annis
2165 986 2708 1063 quadraginta
2757 992 2830 1045 et
2881 1008 3046 1057 sex,

558 1086 980 1165 ,τεσσαράκοντα
1022 1082 1115 1144 καὶ
1162 1080 1223 1157 ἕξ
1266 1086 1475 1145 &ee-x!
1539 1089 1780 1146 Docet
1817 1095 2014 1147 autem
2053 1088 2386 1166 Josephus¹
2433 1093 2728 1150 decimo
2774 1098 3052 1151 octavo

559 1191 798 1266 regni,
839 1212 994 1250 anno
1040 1196 1181 1250 734.
1234 1192 1305 1251 U.
1338 1192 1423 1264 G„
1472 1193 1533 1250 id
1584 1193 1774 1269 operis
1819 1194 2035 1270 cepisse
2065 1195 2360 1253 Herodem
2378 1192 2422 1252 ².
2481 1196 2616 1255 Jam
2657 1216 2799 1256 vero
2829 1196 3048 1254 Christi

558 1296 819 1354 muneris
864 1296 1089 1371 publici
1136 1316 1325 1355 annus
1366 1298 1591 1373 primus
1639 1298 1850 1356 incidit
1883 1300 1946 1355 in
1977 1299 2324 1357 vicesimum
2353 1304 2411 1357 et
2440 1306 2676 1359 sextum
2718 1320 2886 1359 aerae
2915 1300 3052 1359 vul-

558 1402 747 1475 garis;
792 1402 948 1459 unde
978 1401 1250 1476 colligere
1282 1401 1450 1459 licet:
1490 1402 1792 1461 Christum
1825 1410 2032 1461 natum
2062 1424 2180 1462 esse
2215 1405 2542 1481 penultimo
2569 1406 2822 1465 Herodis
2861 1424 3051 1474 anno;

559 1524 691 1564 cum
723 1506 1116 1583 quadraginta
1144 1526 1245 1565 sex
1278 1506 1451 1564 annis
1472 1505 1497 1545 ³
1535 1512 1664 1583 post
1695 1508 2024 1567 inchoatam
2060 1508 2262 1585 templi
2295 1510 2756 1583 innovationem,
2800 1510 3054 1585 triginta

558 1630 741 1669 annos
785 1616 959 1669 natus
1004 1618 1168 1669 esset.
1230 1610 1752 1687 Quadragesimum
1794 1618 2058 1684 sextum,
2106 1614 2243 1671 inde
2273 1616 2347 1672 ab
2381 1614 2450 1672 U.
2485 1614 2548 1673 G.
2588 1620 2729 1673 734.
2762 1614 3054 1673 inclusive

557 1721 943 1792 supputantes
980 1716 1216 1785 Judaei,
1266 1736 1419 1775 anno
1450 1716 1672 1775 Christi
1706 1719 1999 1777 tricesimo
2031 1719 2220 1795 primo
2269 1724 2659 1793 pervenerant
2687 1720 2758 1777 ad
2789 1740 2843 1777 a.
2877 1718 2953 1777 U.
2991 1717 3053 1775 C.

564 1824 740 1879 780.;
793 1820 980 1895 igitur
1024 1822 1362 1895 retrogrado
1415 1822 1638 1881 calculo
1659 1867 1672 1893 ,
1729 1824 1941 1881 demtis
1995 1824 2245 1897 triginta
2295 1822 2517 1881 Christi
2567 1824 2770 1896 annis,
2827 1825 3056 1900 primus

558 1945 726 1983 aerae
757 1926 1113 1985 christianae
1143 1946 1332 1984 annus
1364 1926 1725 1985 inchoandus
1765 1927 1882 1985 erit
1919 1934 2058 1986 ante
2095 1933 2236 1986 750.
2273 1927 2344 1985 U.
2379 1928 2442 1985 C.
2475 1948 2580 1986 ceu
2611 1928 2833 1987 Christi
2865 1926 3056 1990 natali

565 2034 707 2089 749.
756 2029 827 2089 U.
876 2030 940 2088 C.
1017 2029 1177 2089 Huic
1222 2051 1378 2089 anno
1430 2052 1567 2105 ergo
1618 2033 1969 2107 respondent
2019 2033 2191 2091 binae
2245 2052 2442 2091 rerum
2487 2032 2709 2091 Christi
2755 2037 3058 2108 gestarum

560 2136 835 2212 epochae,
886 2157 922 2193 a
964 2137 1145 2194 sacris
1186 2136 1646 2210 Evangeliorum
1687 2137 2070 2213 scriptoribus
2102 2132 2386 2205 δεικτικῶς
2431 2140 2683 2195 notatae.
2747 2136 2862 2195 His
2891 2136 3057 2194 limi-

562 2240 719 2299 tibus
750 2246 1139 2312 coarctamur,
1183 2246 1241 2297 et
1270 2240 1333 2297 hi
1365 2240 1612 2311 limites,
1665 2261 1782 2319 quo
1810 2247 1949 2299 sunt
1979 2243 2369 2317 angustiores,
2420 2261 2486 2299 eo
2523 2243 2830 2299 certiorem
2875 2241 3058 2299 semel

562 2345 778 2422 reperti
812 2348 952 2404 anni
984 2345 1206 2404 Christ-i
1238 2345 1453 2403 natalis
1483 2346 2039 2404 demonstrationem
2067 2346 2312 2405 faciunt.

564 2539 975 2547 ———-—--—-———

562 2662 750 2713 Cenot.
784 2662 889 2713 Pis.
930 2662 1056 2712 diss.
1102 2660 1173 2722 11,
1210 2664 1258 2711 6.
1296 2678 1347 2726 p.
1386 2664 1506 2711 257.
1548 2678 1614 2711 ex
1653 2660 1884 2711 historiis
1925 2660 2041 2711 Caii
2080 2662 2342 2711 Caesaris.
2403 2660 2605 2712 Auctor
2643 2666 2724 2712 est
2757 2661 3058 2728 Josephus.

562 2749 740 2813 Antiq.
778 2747 943 2797 XVII.
982 2751 1031 2807 9,
1070 2750 1118 2797 5.
1154 2748 1200 2811 Ι,
1240 2750 1357 2798 852.
1396 2745 1535 2797 filios
1574 2748 1802 2799 Herodis
1841 2748 1906 2797 de
1949 2750 2157 2814 paterni
2194 2749 2346 2813 regni
2382 2749 2727 2799 successione
2766 2748 3062 2815 litigantes,

562 2838 785 2886 Romam
811 2835 880 2885 ad
906 2836 1205 2903 Augustum
1231 2836 1489 2901 integram
1515 2850 1734 2886 causam
1761 2834 2031 2885 detulisse.
2059 2835 2356 2901 Augustum
2380 2851 2510 2885 vero
2529 2836 2584 2885 in
2611 2836 2902 2885 anticorum
2929 2853 3062 2887 cou-

564 2922 687 2973 cilio
715 2938 825 2973 rem
850 2922 1197 2973 discussisse:
1240 2927 1326 2985 „ct
1348 2924 1400 2972 in
1433 2922 1516 2972 his
1541 2922 1755 2988 quidem
1781 2922 1985 2983 Caium,
2023 2921 2291 2989 Agrippae
2323 2922 2538 2989 quidem
2563 2926 2762 2986 natum,
2801 2928 2855 2971 et
2876 2922 3066 2975 Julius

564 3010 791 3075 Augusti
828 3008 988 3073 filiae,
1024 3009 1117 3060 sed
1152 3010 1363 3073 abipso
1400 3009 1642 3076 Augusto
1679 3009 2008 3075 adoptatum,
2045 3010 2132 3059 cui
2169 3010 2394 3075 primum
2433 3008 2607 3061 locum
2643 3009 2879 3060 tribuit.“
2937 3010 3067 3062 Hoc

564 3095 819 3147 iudicium
855 3096 1093 3147 habitum
1132 3102 1215 3147 est
1249 3097 1311 3147 A.
1336 3096 1404 3147 U.
1432 3098 1567 3158 751.,
1606 3098 1684 3146 ita
1717 3102 1776 3146 ut
1811 3113 1913 3147 nec
1947 3098 2004 3145 in
2042 3112 2238 3147 annum
2275 3097 2621 3162 superiorem,
2659 3097 2840 3146 necin
2875 3113 3066 3163 quem—

566 3184 707 3249 piam
762 3185 999 3249 proxime
1052 3184 1447 3250 insequentium
1496 3183 1736 3249 protrahi
1782 3184 1966 3251 possit.
2039 3183 2272 3233 Primum
2323 3182 2456 3233 illud
2509 3184 2732 3233 infertur
2787 3200 2850 3235 ex
2901 3187 3068 3235 annis

566 3268 825 3335 Herodis3
866 3271 1090 3321 alterum
1127 3287 1191 3321 eo
1228 3271 1509 3321 manifeste
1546 3270 1862 3332 ostenditur,
1899 3270 2041 3337 quod
2068 3284 2206 3320 unus
2245 3269 2408 3320 Caius
2441 3269 2642 3321 Caesar
2677 3271 2816 3320 inter
2851 3271 3070 3322 iudices

566 3358 754 3409 sedere
809 3359 985 3408 iussus
1041 3363 1135 3408 est.
1209 3356 1364 3407 Anno
1422 3357 1581 3407 Urbis
1636 3358 1876 3424 proximo
1933 3358 2050 3407 752.
2103 3357 2308 3407 Lucius
2363 3356 2565 3407 Caesar
2617 3355 2820 3406 virilem
2876 3362 3064 3425 togam

566 3445 755 3507 induit,
795 3460 859 3495 ac
896 3445 1141 3495 omnibus
1178 3443 1471 3495 honoribus
1508 3448 1796 3495 excmatus
1833 3450 1930 3495 est.
1997 3444 2107 3493 Cfr.
2143 3444 2334 3493 Dionis
2373 3442 2563 3505 Cassii,
2602 3443 2740 3493 Hist.
2779 3460 2912 3513 rom..
2947 3446 3068 3495 LV.

567 3536 615 3583 9.
654 3549 707 3597 p.
746 3534 774 3581 7
782 3533 863 3582 79.
926 3532 1105 3592 Quare
1149 3532 1195 3580 si
1243 3532 1499 3581 iudicium
1544 3530 1679 3581 illud
1722 3530 1960 3581 habitum
2009 3532 2199 3582 fuisset
2241 3530 2305 3580 A.
2345 3530 2410 3581 U.
2451 3531 2588 3591 ¹752„
2635 3534 2732 3580 aut
2773 3531 3068 3596 insequen-

566 3621 700 3669 tium
738 3634 1014 3679 annorum,
1052 3618 1279 3669 Lucium
1316 3634 1529 3685 quoque
1567 3617 1854 3669 Caesarem
1889 3617 1962 3667 ad
1996 3617 2138 3668 idem
2174 3616 2428 3667 iudicium
2465 3616 2867 3681 accersivissct3
2916 3618 3072 3683 quod

564 3706 884 3771 praesertim
920 3705 1123 3755 Lucius
1160 3710 1276 3755 erat
1311 3721 1374 3755 eo
1412 3719 1553 3755 anno
1594 3704 1796 3755 Consul
1833 3704 2159 3769 designatus,
2195 3704 2286 3770 qui
2326 3708 2384 3753 ut
2419 3703 2704 3769 plurimum
2741 3706 3072 3755 sententiam

570 3798 695 3843 ante
720 3793 855 3843 alios
881 3794 1055 3857 rogari
1082 3792 1269 3843 solitus
1296 3797 1425 3842 erat.
1453 3792 1533 3842 Of.
1559 3792 1788 3854 Ammer,
1815 3792 1901 3843 die
1928 3791 2178 3841 chronol.
2216 3791 2266 3841 d.
2293 3790 2425 3841 Leb.
2461 3791 2516 3841 J.
2555 3790 2614 3841 C.
2651 3808 2704 3857 p.
2741 3792 2790 3842 5.
2827 3806 2870 3841 s.
2898 3791 3071 3857 Chys,

570 3880 635 3929 de
674 3878 890 3930 Herode
926 3880 997 3929 M.
1030 3878 1202 3945 Lugd.
1232 3880 1381 3929 1855.
1408 3896 1459 3945 p.
1492 3882 1575 3929 62.
1602 3894 1644 3928 s.
1693 3878 1899 3929 Firmat
1933 3878 1988 3928 id
2025 3877 2254 3944 amplius
2291 3877 2587 3929 subsidium
2625 3878 3072 3943 chronologicum

570 3984 639 4018 ex
676 3966 864 4017 eodem
899 3965 1156 4032 Josepho,
1192 3966 1373 4032 Antiq.
1398 3966 1568 4016 XVII.
1596 3968 1644 4028 6,
1677 3970 1726 4016 4.
1765 3983 1815 4031 p.
1850 3966 1970 4017 845.
2006 3966 2246 4032 petitum,
2285 3966 2372 4031 qui
2409 3965 2574 4015 refert
2607 3964 2770 4017 lunae
2807 3964 3071 4016 defectio·

568 4070 691 4104 nem
737 4053 999 4105 visibilem
1042 4053 1275 4103 Herodis
1322 4058 1543 4104 mortem
1588 4054 1957 4105 antecessisse.
1989 4052 2142 4104 ..Iam
2189 4067 2312 4103 cum
2357 4056 2568 4104 constet
2602 4068 2667 4103 eo
2711 4067 2855 4103 auno
2893 4052 2962 4103 U.
3003 4052 3072 4103 C.

572 4143 707 4202 750„
752 4140 840 4190 die
890 4140 1103 4206 quidem
1154 4143 1234 4191 13.
1280 4140 1485 4201 Martii,
1534 4140 1774 4206 eclipsim
1819 4141 2169 4191 intervenisse
2203 4168 2268 4177 —
2304 4157 2354 4190 v.
2389 4140 2578 4206 Piper,
2625 4139 2657 4189 1.
2697 4156 2744 4190 c.
2781 4156 2833 4205 p.
2875 4141 2958 4190 19.
2995 4166 3072 4177 ·—

570 4228 695 4277 inde
742 4228 859 4279 iure
904 4226 965 4277 fit
1000 4227 1273 4278 conclusio
1324 4226 1393 4277 ad
1429 4227 1661 4277 Herodis
1711 4233 1920 4293 tempus
1957 4225 2267 4279 emortuale..
2328 4226 2464 4277 coll.
2500 4226 2680 4292 Antiq.
2717 4227 2887 4276 XVII.
2927 4229 2980 4289 8,
3017 4230 3074 4278 3.

572 4315 621 4364 4.
660 4331 711 4380 p.
736 4316 855 4365 848.
880 4316 999 4365 849.
1038 4317 1086 4377 9,
1114 4317 1164 4364 3.
1190 4315 1309 4365 850.
1337 4316 1455 4365 851.

784 4417 821 4483 ¹)
858 4418 1038 4485 Antiq.
1072 4419 1187 4468 XV.
1226 4420 1306 4480 11,
1337 4421 1383 4469 1.
1420 4434 1472 4485 p.
1500 4419 1617 4469 777.
1650 4421 1766 4469 778.
1839 4418 1880 4487 ²)
1917 4418 2258 4469 Numerando
2297 4416 2364 4467 de
2399 4434 2564 4483 regno
2605 4434 2640 4467 a
2675 4418 3077 4483 Hierosolymis

574 4506 893 4571 expugnatis
929 4504 1271 4569 confit-:natm
1308 4510 1370 4555 ut
1404 4504 1575 4572 liquet
1609 4522 1676 4556 ex
1711 4506 2026 4567 rationibus,
2067 4520 2201 4572 quas
2225 4504 2514 4567 Friediieb,
2554 4504 2746 4557 Gesch.
2773 4505 2824 4555 d.
2851 4502 3078 4556 Lebens

572 4592 707 4643 Jcsu
732 4609 782 4658 p.
812 4594 893 4642 76.
923 4594 1004 4641 77.
1042 4592 1307 4658 produxit.
1370 4594 1411 4657 ³)
1446 4593 1507 4643 U.
1534 4592 1596 4643 C.
1624 4594 1726 4643 '734
1750 4590 1820 4661 -Ι-
1844 4594 1910 4643 46
1938 4614 2003 4638 =
2032 4594 2146 4643 780.
2199 4592 2334 4643 Item
2359 4592 2425 4644 U.
2449 4592 2508 4643 C.
2538 4594 2638 4644 750
2667 4595 2725 4655 -Ι-
2755 4594 2822 4643 26
2851 4593 2918 4657 -Ιν-
2943 4594 2978 4642 4
3004 4612 3074 4636 ==

574 4680 691 4729 780.
743 4680 805 4730 V.
832 4680 1064 4741 Mtinter,
1101 4679 1135 4729 l.
1163 4696 1207 4729 c.
1246 4696 1297 4746 p.
1336 4682 1385 4729 2.
