3267 5259
1302 438 1468 489 Agonis
1494 438 1676 481 (nu-isti.
2591 428 2718 493 245

245 618 590 675 defunctum.
645 617 1037 677 Discubuerat
1080 618 1345 676 Christus
1382 638 1517 677 cum
1546 620 1851 677 duodecim
1889 626 2033 678 teste
2069 620 2105 678 J
2109 640 2294 677 oanne
2333 622 2522 696 pridie
2559 622 2713 690 festi,

243 742 409 799 quare
434 740 539 779 nec
564 741 683 779 nox
712 740 829 799 qua
848 722 1117 781 Salvator
1136 728 1343 798 captus
1366 729 1469 794 est,
1494 742 1599 781 nec
1621 726 1946 781 matutinae
1969 725 2183 803 quibus
2202 745 2398 801 passus
2418 730 2502 783 est
2519 726 2713 796 horae,

245 846 339 885 nec
382 828 813 903 pomeridianas
856 827 1087 905 aliquae
1128 821 1327 903 ,ἑορταὶ
1370 828 1462 883 τοῦ
1505 826 1714 903 ’ποίει-χοιι
1762 834 1948 887 erant.
2012 829 2152 886 Alia
2187 830 2518 887 adhucdum
2550 830 2715 887 testi-

242 932 427 989 monia
455 932 553 989 vel
579 936 928 1005 argumenta
952 931 1353 1007 praeterimus,
1378 937 1516 990 sunt
1536 932 1697 989 enim
1719 932 1835 990 ista
1857 935 2185 1009 praecipua.
2234 933 2416 991 Plura
2445 936 2548 1011 qui
2571 935 2716 991 scire

241 1034 402 1107 volet,
434 1036 605 1094 adeat
638 1035 1127 1112 praeclarissimas
1158 1035 1220 1093 C.
1256 1036 1469 1107 Ikenii,
1512 1038 1962 1109 dissertationes,
2005 1038 2074 1095 de
2105 1042 2364 1113 tempore
2393 1037 2716 1097 celebratae

238 1160 271 1197 a
290 1140 593 1199 Servatore
616 1141 861 1199 ultimae
884 1160 1093 1199 coenae
1124 1140 1429 1215 paschalis,
1464 1143 1529 1199 iu
1554 1141 1794 1217 Syllabo
1809 1142 1944 1199 diss.
1965 1142 2052 1199 ed.
2073 1142 2153 1199 H.
2172 1142 2442 1200 Schacht.
2462 1141 2712 1201 Traiect.

240 1244 431 1303 Batav.
470 1249 659 1304 1770.
693 1245 778 1315 ΙΙ,
817 1248 1177 1303 337-471.
1212 1250 1270 1301 et
1299 1246 1370 1302 de
1400 1244 1591 1303 Coena
1616 1246 1674 1303 J.
1708 1245 1770 1304 C.
1803 1266 1940 1303 vere
1976 1246 2252 1322 paschali,
2286 1248 2368 1304 ib.
2404 1251 2550 1305 472.
2581 1268 2626 1305 s.

431 1349 599 1409 Haec
624 1350 674 1407 si
704 1350 819 1408 rite
850 1368 885 1407 a
914 1350 1081 1407 nobis
1125 1350 1519 1407 demonstrata
1548 1354 1707 1421 sunt,
1740 1351 2059 1409 necessario
2103 1352 2370 1429 sequitur
2409 1370 2620 1427 panem
2651 1353 2714 1410 in

236 1472 339 1531 quo
368 1454 719 1513 Venerabile
748 1454 1191 1512 Sacramentum
1236 1455 1491 1529 corporis
1520 1456 1610 1513 sui
1644 1454 1909 1513 instituit
1939 1455 2206 1514 Christus
2251 1476 2368 1513 non
2398 1457 2713 1515 fermenta-

238 1566 370 1630 tum,
410 1559 469 1617 h.
502 1578 557 1617 e.
604 1578 821 1636 azym
840 1578 955 1616 um
992 1559 1189 1616 fuisse.
1250 1559 1405 1616 Eum
1446 1578 1668 1617 morem
1705 1560 2038 1619 observavit
2071 1564 2127 1617 et
2159 1560 2430 1619 observat
2458 1560 2718 1620 Ecclesia

234 1663 439 1721 Latina
459 1666 535 1722 ob
560 1664 939 1737 insigniorem
963 1662 1259 1721 Dominici
1284 1663 1539 1738 exempli
1564 1664 2202 1732 commemorationem3
2238 1663 2490 1722 Graecae
2521 1666 2714 1723 visum

234 1773 328 1837 est,
379 1788 439 1825 se
483 1770 599 1826 hac
642 1770 705 1825 in
750 1773 917 1844 parte
961 1786 1079 1825 non
1116 1767 1402 1841 obligari3
1449 1769 1589 1844 quia
1632 1768 1670 1824 J
1671 1787 1798 1825 esus
1837 1786 1912 1825 ex
1957 1769 2249 1825 occasione
2297 1773 2530 1827 tantum
2578 1769 2715 1827 festi

233 1890 429 1947 azyma
472 1873 856 1931 adhibuisset.
920 1872 1181 1951 Utraque
1227 1873 1579 1931 consuetudo
1624 1876 1882 1929 ceterum
1927 1873 2100 1931 iuxta
2141 1873 2436 1930 decretum
2466 1873 2713 1931 Concilii

232 1975 277 2033 F
278 1976 558 2035 lorentini
588 2010 673 2019 ——
704 1977 879 2047 ,Item
911 1978 973 2035 in
1004 1996 1213 2054 azymo
1242 1979 1367 2035 sive
1397 1977 1748 2035 fermentato
1785 1996 1936 2052 pane
1981 1977 2211 2034 triticeo
2256 1996 2461 2052 corpus
2492 1977 2712 2035 Christi

234 2081 510 2139 veraciter
558 2080 781 2151 confici,
830 2083 1263 2160 sacerdotesque
1308 2082 1373 2138 in
1418 2080 1601 2139 altero
1648 2082 1839 2156 ipsum
1884 2080 2128 2138 Domini
2180 2100 2386 2156 corpus
2433 2080 2712 2139 conficere

232 2185 445 2257 debere,
494 2206 683 2243 unum
712 2206 999 2264 quemque
1028 2187 1251 2244 scilicet
1279 2187 1453 2245 iuxta
1482 2205 1619 2243 suae
1649 2186 1957 2255 Ecclesiae,
1991 2187 2116 2242 sive
2145 2184 2536 2255 occidentalis,
2585 2186 2710 2243 sive

232 2291 525 2349 orientalis
579 2292 1035 2349 consuetudine.‘
1111 2291 1288 2367 Apud
1336 2290 1521 2348 Hard.
1573 2288 1692 2360 IX,
1745 2294 1888 2347 986.
1932 2322 2015 2330 —
2055 2288 2322 2363 legitima
2364 2294 2468 2347 est.
2545 2288 2712 2347 Unde

236 2394 595 2470 intelligitur
642 2397 797 2453 inter
840 2415 961 2465 eos,
1010 2396 1115 2472 qui
1158 2395 1387 2453 diverso
1432 2412 1581 2469 pane
1624 2400 1905 2465 utuntur,
1955 2413 2072 2451 non
2101 2412 2220 2449 esse
2251 2394 2360 2450 hac
2389 2394 2458 2450 de
2489 2412 2552 2450 re
2581 2392 2715 2450 lites

228 2500 505 2581 serendas.
572 2498 703 2562 Qua
746 2501 817 2557 de
860 2520 923 2557 re
967 2499 1219 2575 amplius
1263 2498 1442 2576 loqui,
1476 2518 1595 2557 non
1624 2504 1712 2555 est
1741 2499 1918 2556 huius
1947 2497 2402 2575 disquisitionis;
2439 2497 2714 2571 legantur

228 2622 367 2679 quae
410 2608 646 2679 praeter
690 2603 1089 2679 Ciampinium
1131 2622 1309 2679 supra
1351 2603 1690 2677 allegatum,
1739 2603 1992 2660 habent:
2039 2602 2384 2659 Sirmondus
2427 2600 2487 2657 S.
2517 2600 2553 2657 J
2560 2645 2594 2673 .,
2643 2601 2714 2657 de

228 2726 445 2784 azymo,
478 2709 549 2765 in
580 2708 685 2783 Op.
720 2727 845 2765 var.
878 2708 967 2765 ed.
1000 2708 1149 2765 Ven.
1189 2712 1375 2766 1728.
1408 2708 1517 2776 IV,
1555 2712 1700 2765 351.
1756 2707 1830 2765 D.
1862 2707 1918 2764 J.
1949 2706 2256 2775 Mabillon‚
2291 2706 2426 2763 diss.
2461 2705 2532 2763 de
2562 2724 2711 2780 pane

228 2814 608 2871 eucharistico
653 2818 713 2871 et
755 2813 1123 2884 fermentato,
1166 2813 1231 2870 in
1262 2812 1519 2885 Ouvrag.
1553 2813 1743 2887 posth.
1777 2812 1866 2869 ed.
1899 2810 1971 2867 V.
2005 2809 2316 2867 Thuillier.
2349 2810 2484 2867 Par.
2525 2814 2710 2867 1724.

228 2917 277 2988 1,
308 2922 446 2976 101.
472 2938 521 2975 s.
555 2917 617 2975 C.
644 2916 822 2987 Bona,
850 2936 963 2975 rer.
990 2917 1214 2993 lyturg.
1240 2916 1291 2987 1,
1322 2920 1422 2973 23.
1448 2918 1537 2974 ed.
1564 2920 1750 2974 Antv.
1785 2920 1970 2973 1739.
1993 2934 2050 2990 p.
2079 2919 2222 2973 262.
2241 2934 2285 2971 s.
2326 2915 2408 2971 M.
2427 2914 2708 2993 Lequien‚

228 3022 354 3079 diss.
388 3023 857 3081 Damascenicae.
892 3022 947 3080 d.
980 3020 1089 3079 VI.
1122 3022 1192 3079 de
1224 3022 1467 3098 azymis.
1501 3021 1607 3096 Op.
1642 3020 1700 3078 S.
1732 3021 1944 3078 Joann.
1977 3020 2150 3077 Dam.
2185 3018 2236 3089 1,
2277 3022 2375 3075 71.
2409 3038 2456 3075 s.

1419 3186 1505 3251 X.

592 3309 1110 3367 Observationes
1153 3323 1359 3378 super
1404 3306 1648 3376 agonia
1695 3306 1946 3363 Christi
1989 3306 2062 3361 in
2103 3308 2324 3362 horto.

428 3436 699 3497 Christus
750 3438 1039 3497 Dominus
1056 3483 1070 3508 ,
1126 3438 1279 3517 quod
1331 3436 1521 3495 lueret
1570 3438 1721 3494 iram
1774 3435 1884 3492 Dei
1945 3436 2010 3493 in
2068 3437 2332 3494 homines
2391 3454 2706 3507 accensam,

224 3562 469 3620 quorum
498 3550 735 3619 peccata
756 3546 817 3601 in
842 3546 967 3619 ipso
990 3542 1145 3600 Filio
1173 3562 1276 3600 suo
1305 3543 1481 3599 Pater
1512 3541 1915 3609 ulciscebatur,
1949 3542 2023 3597 ob
2052 3541 2458 3615 gravissimam
2491 3539 2707 3597 luctam

226 3648 486 3721 perfusus
532 3652 619 3705 est
660 3648 866 3705 sudore
900 3646 1241 3721 sanguinem
1296 3646 1429 3703 Non
1474 3646 1668 3703 tenuis
1695 3645 1870 3703 sudor
1912 3644 2030 3702 fuit
2067 3646 2132 3701 in
2173 3641 2384 3723 ἀγωνίᾳ
2417 3644 2554 3712 illa;
2607 3643 2704 3701 sed

226 3746 373 3818 ,ὡσεὶ
418 3746 652 3827 θρόμβοι
698 3747 967 3826 αἶματοςι,
1012 3751 1165 3808 sicut
1207 3750 1403 3824 grumi
1446 3749 1768 3823 sanguinis.
1844 3748 2095 3822 Sanguis
2141 3748 2360 3807 Christi
2406 3748 2705 3825 liquidior,

224 3858 321 3931 qui
366 3860 515 3913 teste
560 3876 605 3913 s.
639 3855 797 3913 Luca
826 3855 1107 3925 stillabat,
1156 3858 1289 3911 cum
1336 3860 1557 3911 terram
1600 3854 1920 3928 attingeret
1949 3854 2023 3912 ab
2053 3872 2186 3911 aere
2217 3854 2403 3910 noctis
2445 3852 2708 3925 frigidis-

222 3962 367 4019 sima
427 3960 891 4019 condensabatur
932 3962 1012 4017 ·in
1072 3959 1349 4016 trombos.
1440 3958 1820 4016 Nobilissima
1891 3959 2034 4015 haec
2091 3958 2162 4014 de
2221 3957 2428 4014 sudore
2488 3954 2708 4011 Christi

222 4065 541 4138 sanguineo
572 4065 753 4121 verba
783 4062 1129 4139 ampliorem
1157 4062 1269 4120 sibi
1302 4063 1822 4120 considerationem
1856 4061 2180 4119 vindicant.
2244 4060 2428 4117 Nobis
2456 4076 2598 4117 vero
2628 4077 2705 4114 ex

224 4170 485 4227 instituti
510 4172 737 4227 ratione
762 4167 1181 4244 prolixioribus
1206 4186 1325 4223 esse
1350 4186 1507 4225 nunc
1533 4186 1650 4224 non
1680 4165 1852 4234 licet;
1885 4164 2128 4242 ideoque.
2159 4164 2442 4243 quaedam
2475 4166 2708 4219 tantum

222 4272 497 4332 lemmata
540 4274 866 4347 dogmatica
910 4278 969 4329 et
1020 4272 1227 4329 critica
1270 4270 1410 4342 illis,
1458 4290 1605 4349 quae
1652 4290 1708 4344 p.
1763 4272 1902 4326 124.
1949 4268 2377 4343 disputavimus
2421 4266 2706 4324 subiicere

226 4377 427 4451 placet.
488 4378 737 4453 Propter
780 4376 915 4435 illas
966 4372 1290 4451 ,aces-aeota&
1336 4376 1407 4433 de
1451 4374 1664 4453 quibus
1705 4374 1762 4431 d.
1796 4372 1983 4429 Lucas
2028 4376 2126 4441 22,
2171 4375 2272 4429 28.
2312 4376 2372 4428 et
2408 4392 2455 4427 s.
2489 4368 2708 4428 Paulus

224 4482 403 4540 Hebr.
440 4486 499 4553 4,
540 4485 637 4539 15.
686 4486 743 4551 5,
784 4485 839 4538 7.
885 4480 1225 4558 loquuntur,
1260 4498 1377 4537 non
1406 4484 1535 4536 erat
1564 4479 1630 4535 in
1659 4477 1890 4535 Christo
1917 4472 2182 4533 humana
2209 4475 2580 4533 imbecillitas
2608 4474 2706 4533 vel

224 4586 492 4645 indecens
535 4584 993 4661 pusillanimitas
1010 4627 1023 4654 ,
1072 4602 1249 4661 quam
1292 4582 1629 4659 blaspheme
1681 4582 1872 4657 carpit
1914 4580 2113 4639 Celsus
2133 4624 2146 4651 ,
2195 4580 2350 4655 apud
2401 4580 2704 4654 Originem
