3267 5259
1157 440 1353 493 Epistola
1377 439 1433 482 ad
1459 440 1694 483 Hebraeos.
2541 426 2672 494 469

182 638 385 704 quem
444 615 835 702 Legatum
899 616 1441 681 confessionis
1498 626 2025 702 peccatorum
2091 626 2540 681 nostrorum
2605 628 2670 683 et

178 752 417 795 verum
464 732 856 817 expiationis
902 729 1397 794 sacerdotem
1443 727 1733 815 adpellat
1755 732 1793 811 ¹,
1849 728 2068 793 Deum
2116 750 2295 813 esse3
2351 739 2668 795 monstrat

176 843 487 929 Moysem
530 843 957 909 mediatorem
985 843 1257 929 Antiqui
1299 841 1720 925 Testamenti,
1763 840 2016 906 Christo
2063 841 2300 927 longe
2347 842 2665 909 inferio-

178 978 343 1021 rem
376 957 659 1020 existere
675 957 717 1019 ².
766 955 887 1021 Ille
912 964 1183 1038 creator,
1214 954 1319 1019 hic
1353 966 1683 1039 creatura3
1715 953 1818 1018 ille
1843 952 2046 1019 Filius
2069 954 2218 1037 Dei,
2251 954 2354 1019 hic
2385 954 2665 1019 famulus

180 1079 301 1135 est.
352 1068 552 1133 Unde
598 1067 782 1133 iubet
822 1067 1166 1135 Hebraeos
1212 1068 1727 1153 magnitudinem
1774 1069 1961 1133 istam
2008 1067 2449 1153 perpendere3
2494 1090 2576 1131 ne
2624 1091 2665 1134 a

180 1182 317 1247 fide
369 1181 822 1247 deficientibus
866 1182 1039 1247 idem
1086 1183 1439 1267 contingat,
1488 1180 1666 1267 quod
1696 1179 1990 1267 patribus
2023 1204 2249 1245 eorum
2281 1183 2344 1245 in
2381 1181 2661 1264 deserte,

180 1298 293 1383 qui
344 1318 388 1359 a
430 1296 750 1381 promissa
795 1294 915 1359 sibi
961 1294 1272 1359 felicitate
1314 1304 1467 1359 sunt
1512 1293 1762 1358 exclusi
1781 1297 1825 1357 3.
1871 1292 1972 1357 Ne
2019 1293 2188 1359 forte
2222 1293 2664 1380 desperarent,

174 1418 291 1475 aut
350 1410 625 1474 nimium
685 1410 1014 1491 timerent,
1085 1406 1373 1473 incidere
1434 1409 1499 1471 in
1562 1406 1840 1471 eandem
1903 1428 2052 1471 cum
2113 1406 2465 1474 maioribus
2534 1409 2663 1471 suis

172 1521 635 1587 infidelitatem
696 1521 974 1587 lectores
1022 1521 1435 1587 exhortatur:
1495 1520 1672 1607 quod
1729 1518 2115 1585 Pontificem
2176 1520 2662 1586 misericordem

172 1634 563 1717 habeamus,
612 1638 723 1721 qui
768 1636 975 1722 possit
1016 1633 1492 1699 infirmitatibus
1548 1635 1786 1699 nostris
1841 1635 2126 1718 compati
2173 1643 2239 1697 et
2281 1635 2492 1719 gratia
2545 1656 2664 1698 sua

172 1748 371 1813 nobis
403 1747 721 1813 auxiliari.
784 1747 1120 1813 Adeamus
1167 1770 1325 1833 ergo
1372 1746 1694 1835 intrepide
1739 1751 1976 1813 amoris
2019 1759 2084 1814 et
2123 1748 2430 1813 orationis
2462 1749 2664 1833 passi-

172 1861 317 1945 bus,
367 1860 569 1945 talem
600 1864 663 1925 in
698 1860 897 1925 coelis
928 1862 1426 1926 intercessorem
1446 1864 1490 1923 ⁴.
1537 1860 2007 1947 Prosequitur⁵
2049 1860 2356 1946 singulari
2388 1860 2660 1925 artificio

172 1986 239 2039 et
284 1974 661 2039 elocutione
708 1996 1075 2039 sermonem
1120 1973 1372 2037 facere:
1431 1973 1523 2039 de
1579 1972 1876 2039 Christi
1919 1996 2238 2039 munere
2299 1973 2658 2038 sacerdo-

168 2088 311 2153 tali
352 2098 423 2152 et
470 2086 821 2151 beneficiis.
884 2087 1104 2151 Docet
1134 2086 1363 2152 Jesum
1397 2086 1722 2152 Christum
1755 2110 1796 2152 a
1823 2087 1972 2153 Deo
2005 2088 2200 2153 Patre
2241 2088 2660 2151 constitutum

170 2200 626 2283 sacerdotem,
688 2221 842 2265 vere
904 2201 1120 2265 omnia
1180 2200 1607 2285 praestitisse,
1674 2222 1870 2285 quae
1935 2211 2114 2264 sunt
2170 2199 2657 2264 Pontificisss.

171 2312 515 2393 Quantum
562 2323 783 2378 autem
829 2313 913 2379 ad
958 2312 1342 2378 relationem
1388 2314 1557 2377 inter
1602 2312 1926 2379 Christum
1975 2324 2040 2379 et
2083 2312 2423 2399 pontifices
2470 2335 2652 2378 aaro-

168 2429 439 2510 niticos;
496 2426 583 2491 D.
628 2426 708 2491 N.
756 2425 817 2491 J.
867 2425 939 2492 C.
997 2434 1094 2491 est
1144 2426 1452 2491 sacerdos
1507 2426 1867 2491 secundum
1922 2426 2285 2492 ordinem
2339 2426 2658 2491 Melchi-

169 2538 471 2604 sedech
495 2542 539 2604 7.
618 2540 1045 2604 Demonstrat
1111 2540 1638 2625 praerogativam
1705 2538 2052 2605 sacerdotii
2120 2542 2282 2621 ,κατὰ
2345 2542 2443 2617 τὴν
2507 2538 2659 2615 τάξιν

170 2652 565 2735 Μελχνκεντῑδέκ.ι
588 2655 627 2713 8.
675 2652 902 2738 Pergit
944 2651 1260 2718 extollere
1308 2652 1743 2718 sacerdotium
1777 2652 2030 2737 Christi,
2080 2655 2189 2739 qui
2223 2662 2320 2717 est
2347 2652 2650 2738 pontifex

164 2902 365 2952 Christi
393 2900 541 2965 quod
566 2899 721 2949 horno
745 2899 920 2961 fuerit,
960 2904 1013 2947 et
1034 2898 1273 2948 homines
1312 2898 1535 2948 docente
1574 2896 1625 2948 S.
1655 2898 1707 2948 S.
1735 2898 1964 2948 minores
2001 2900 2108 2949 sint
2141 2898 2360 2964 Angelis
2397 2902 2445 2963 2,
2473 2901 2654 2963 6--8.;

162 3004 281 3039 nam
322 2989 501 3038 maior
538 2991 619 3037 est
664 2986 955 3038 secundum
1002 2986 1295 3051 imperium.
1355 2986 1563 3035 Deinde
1612 2985 1792 3035 decuit
1839 2985 2104 3035 Christum
2152 2992 2368 3053 propter
2415 2992 2652 3038 nostram

158 3076 415 3137 salutem,
458 3075 533 3123 ita
567 3089 625 3122 se
660 3072 937 3123 humiliare
976 3076 1023 3135 2,
1058 3075 1243 3123 9—18.
1292 3072 1411 3121 Hoc
1437 3078 1613 3122 autem
1651 3074 1780 3122 mire
1809 3073 2144 3123 conducebat
2169 3074 2239 3123 ad
2264 3074 2653 3125 confirmandos
2753 3072 2773 3098 ‘

162 3163 194 3211 J
202 3160 720 3224 udaeochristianos,
754 3165 813 3210 ut
836 3162 1021 3210 maiori
1048 3159 1223 3210 studio
1250 3165 1499 3210 curarent
1522 3160 1773 3210 mandata
1797 3160 1982 3210 Novae
2009 3174 2042 3210 a
2067 3160 2277 3211 Christo
2305 3168 2357 3211 et
2385 3162 2652 3227 Apostolis

164 3248 569 3314 promulgatae,
618 3261 775 3313 quam
822 3248 1027 3297 Veteris
1080 3262 1177 3313 per
1220 3247 1453 3313 Angelos
1498 3249 1828 3298 ministratae
1873 3247 2051 3313 Legis.
2111 3249 2280 3299 Lectu
2329 3248 2490 3314 digna
2533 3256 2657 3299 sunt

164 3352 301 3403 quae
341 3336 414 3386 de
454 3352 500 3385 c.
526 3336 569 3385 I.
607 3340 661 3385 et
694 3335 767 3385 ΙΙ.
804 3333 1004 3384 habent
1040 3334 1090 3386 J.
1116 3334 1291 3397 Lund‚
1331 3334 1581 3400 specileg.
1618 3333 1814 3385 enchir.
1851 3351 1998 3401 exeg.
2033 3336 2209 3385 Havn.
2239 3338 2386 3386 1802.
2425 3354 2476 3399 p.
2503 3338 2583 3386 90.
2611 3353 2654 3386 s.

164 3428 215 3471 et
251 3424 312 3473 C.
352 3424 421 3472 B.
460 3422 615 3485 Moll,
662 3421 1049 3487 Christologiae
1096 3422 1150 3470 in
1195 3438 1277 3487 ep.
1315 3421 1383 3470 ad
1422 3421 1587 3470 Hebr.
1627 3437 1727 3471 scr.
1762 3437 1972 3488 propos.
2011 3424 2070 3472 P.
2105 3424 2175 3473 ΙΙ.
2233 3424 2392 3473 Jesus
2429 3423 2653 3473 Messias

162 3510 435 3577 propheta
483 3511 575 3575 qui
610 3509 785 3558 locum
821 3508 945 3557 Filii
981 3508 1083 3557 Dei
1122 3512 1281 3557 tenet.
1344 3507 1467 3557 Hal.
1506 3510 1656 3557 1855.
1704 3514 1757 3557 et
1791 3508 1852 3559 P.
1889 3510 1988 3559 111.
2047 3509 2206 3561 Jesus
2243 3511 2467 3561 Messias
2511 3509 2652 3560 filius

161 3598 261 3647 Dei
308 3612 481 3663 super
527 3596 747 3662 angelos
796 3596 1035 3645 elevatus
1084 3596 1155 3645 ib.
1196 3596 1345 3645 1859.
1407 3595 1541 3645 Item
1590 3595 1907 3657 Griesbach,
1957 3595 2022 3645 de
2067 3598 2225 3662 imag.
2272 3602 2411 3647 auct.
2458 3614 2539 3662 ep.
2584 3596 2653 3647 ad

160 3685 323 3736 Hebr.
365 3700 556 3750 opusc.
593 3684 636 3745 1,
675 3685 792 3733 416.
832 3700 873 3733 s.
1004 3666 1011 3673 ’

376 3772 417 3835 ¹)
454 3771 519 3821 In
544 3786 650 3837 qua
675 3770 1035 3837 adpellatione
1062 3769 1382 3819 elucidanda
1416 3775 1710 3835 occupatur
1733 3770 1784 3819 J.
1809 3770 1870 3819 R.
1900 3768 2132 3831 Sacth,
2173 3770 2296 3820 diss.
2325 3770 2390 3819 de
2417 3786 2478 3819 eo
2508 3769 2650 3835 quod

161 3860 421 3911 Salvator
458 3858 626 3908 Paulo
672 3858 878 3907 dicatur
916 3852 1221 3918 ,,ἀπόστολος
1259 3854 1338 3905 καὶ
1375 3851 1625 3927 ἀρχιερεὺς
1661 3859 1746 3921 τῆς
1783 3852 2046 3925 ὁμολογίας
2083 3856 2276 3924 ἡμῶν“,
2314 3859 2370 3906 in
2406 3857 2563 3907 Thes.
2599 3874 2648 3907 n.

158 3964 209 4012 p.
248 3950 373 3999 964.
450 3945 494 4009 2)
543 3948 592 4007 3,
634 3948 782 3995 1-6.
857 3944 896 4011 ³)
944 3946 992 4006 3,
1034 3947 1183 4006 7—4,
1228 3946 1306 3994 13.
1379 3944 1421 4011 ⁴)
1468 3946 1517 4007 4,
1564 3946 1781 3994 14—16.
1857 3944 1897 4007 ⁵)
1939 3942 1996 3992 C.
2034 3946 2222 3993 5—10.
2296 3943 2336 4009 ὅ)
2374 3944 2435 3993 Id
2474 3950 2651 3994 autem

160 4036 355 4099 probat
410 4048 475 4083 ex
522 4030 697 4081 officio
748 4032 1063 4093 sacerdotis,
1113 4030 1257 4096 quod
1303 4036 1385 4082 est
1429 4030 1617 4081 offerre
1667 4030 1808 4081 dona
1851 4035 1902 4079 et
1945 4028 2208 4079 sacrificia
2255 4046 2350 4095 pro
2397 4032 2648 4096 peccatis.

159 4124 207 4182 5,
248 4122 407 4170 1—9.
472 4118 513 4181 ⁷)
551 4120 599 4180 5,
631 4122 709 4170 10.
759 4118 920 4167 Addit
942 4118 1233 4183 Apostolus
1270 4118 1407 4168 hanc
1434 4118 1499 4168 de
1524 4117 1805 4168 Pontificia
1831 4115 2026 4166 Christi
2063 4117 2320 4183 dignitate
2359 4116 2648 4166 doctrinam

160 4224 275 4259 esse
312 4220 539 4275 prorsus
578 4204 882 4269 sublimem;
922 4204 1017 4254 sed
1056 4205 1363 4255 enitendum
1388 4204 1650 4254 Hebraeis
1684 4203 1970 4253 Abrahami
2006 4204 2174 4253 instar
2210 4202 2278 4253 ad
2315 4204 2646 4270 perfectiora.

158 4296 336 4357 Quare
377 4309 489 4343 non
536 4306 653 4343 esse
699 4292 1043 4357 repetendam
1095 4292 1390 4343 doctrinam
1429 4292 1495 4342 de
1530 4292 1963 4353 lustrationibus,
2009 4292 2343 4357 impositione
2379 4306 2646 4351 manuum,

158 4381 552 4433 resurrectione
591 4384 913 4429 mortuorum
952 4385 1005 4429 et
1042 4379 1107 4429 de
1144 4378 1341 4429 iudicio
1386 4384 1629 4441 aeter-nc,
1679 4394 1798 4428 cum
1844 4380 1980 4429 istae
2025 4380 2268 4429 omnibus
2316 4378 2648 4431 Christianae

157 4476 315 4519 notae
351 4482 479 4517 esse
517 4465 763 4516 debeant.
824 4466 886 4515 L.
922 4466 971 4516 d.
1010 4466 1059 4515 h.
1094 4467 1155 4516 A.
1192 4466 1359 4530 Wild,
1400 4450 1613 4517 exerciti
1653 4482 1800 4531 exeg.
1839 4464 1960 4516 hist.
2001 4466 2066 4516 de
2102 4466 2270 4516 forma
2308 4466 2646 4517 catecheseos

158 4554 427 4605 Paulinae
468 4554 633 4602 Varn.
675 4554 821 4603 1731.
859 4571 911 4620 p.
952 4554 1031 4602 15.
1093 4552 1376 4603 Concludit
1420 4570 1515 4620 pro
1560 4555 1711 4619 praxi
1757 4552 1916 4603 huius
1954 4553 2250 4619 doctrinae3
2299 4558 2356 4603 ut
2399 4554 2649 4604 studeant

158 4641 478 4709 perfectioni
519 4642 569 4702 5,
612 4640 795 4701 11—-6,
839 4642 916 4690 19.
987 4638 1029 4705 8)
1070 4640 1315 4691 Ostendit
1351 4640 1704 4690 sacerdotium
1744 4638 1938 4689 Christi
1977 4640 2028 4691 in
2069 4638 2456 4691 Melchisedech
2493 4656 2646 4706 prae-
