3267 5259
622 432 743 495 136
1288 442 1403 485 nist.
1433 442 1537 484 sev.
1566 442 1654 485 cuv.
1683 442 1736 483 n.
1763 442 1814 484 τ.
1844 442 2010 484 renos.
2041 441 2076 484 1.
2097 453 2189 492 ap.
2217 442 2419 484 aiterum.

615 614 857 682 mundo
886 620 923 681 ¹.
1002 616 1249 681 Verum
1298 637 1453 701 ergo
1512 624 1627 699 est,
1677 614 1852 701 quod
1897 637 2020 679 rex
2072 624 2144 679 tu
2201 614 2336 680 sis?
2395 616 2606 700 inquit
2654 614 2916 699 Pilatus,
2973 618 3066 680 cui

618 727 911 793 Christus
970 726 1097 811 ,Tu
1143 727 1304 792 dicis
1352 728 1505 813 quia
1546 750 1667 791 rex
1715 750 1858 791 sum
1905 729 2078 812 ego‘:
2141 726 2232 791 Ut
2287 748 2448 791 vero
2511 729 2677 792 scias
2725 727 2920 813 qualis
2960 750 3066 792 rex

614 842 756 927 ipse
803 842 942 923 sim,
991 838 1138 905 dico
1182 862 1459 925 regnum
1503 839 1682 923 illud,
1729 839 1906 925 quod
1950 862 2094 904 sum
2141 848 2494 923 erecturus,
2525 842 2883 905 veritatis
2912 840 3066 921 est';

618 976 812 1039 quam
860 954 968 1038 qui
1014 961 1221 1036 amat,
1280 951 1472 1017 facile
1533 952 1688 1017 mihi
1735 975 2118 1017 assensurus
2164 954 2301 1017 erit.
2361 951 2715 1039 Extemplo
2777 954 3068 1037 quaesivit

615 1064 881 1147 Pilatus,
929 1064 1087 1150 quid
1132 1074 1231 1129 est
1273 1064 1555 1129 veritas?
1615 1066 1880 1130 Incerta
1923 1087 2029 1131 res
2075 1074 2142 1129 et
2187 1064 2483 1148 obscura,
2539 1074 2605 1129 et
2650 1086 2818 1150 quae
2860 1063 3068 1150 depre-

616 1176 811 1242 hendi
872 1198 1204 1261 nunquam
1265 1179 1539 1262 potest³.
1614 1176 1757 1241 Nec
1815 1186 2038 1241 tamen
2099 1185 2482 1263 exspectato
2535 1198 2878 1262 responsO,
2935 1199 3066 1241 cum

598 1292 771 1353 satis
830 1287 1220 1373 intelligeret
1282 1288 1526 1352 nullam
1585 1288 1693 1353 vel
1751 1290 2084 1353 minimam
2145 1288 2531 1353 seditionem
2596 1311 2802 1374 opera
2857 1288 3066 1353 Christi

618 1412 854 1485 ortam,
917 1402 1003 1465 ad
1045 1400 1337 1466 Judaeos
1384 1422 1419 1465 e
1468 1423 1584 1466 suo
1630 1402 1968 1467 Praetorio
2026 1403 2262 1465 iterum
2324 1402 2482 1465 exiit
2536 1400 2816 1483 Pilatus,
2875 1402 3068 1487 deque

617 1515 660 1579 J
665 1538 781 1579 esu
822 1516 1197 1579 innocentia
1241 1516 1680 1579 testimonium
1727 1514 1908 1578 dedit
1939 1513 2290 1579 admodum
2321 1512 2724 1578 luculentum
2741 1518 2785 1577 ⁴.
2833 1512 3068 1578 Judaiei

617 1648 926 1714 proceres
987 1636 1215 1691 contra
1278 1628 1387 1712 qui
1451 1626 1599 1692 odio
1665 1627 1708 1691 J
1713 1650 1828 1692 esu
1886 1628 2152 1690 immani
2195 1626 2565 1711 flagrabant
2610 1625 2978 1711 crudelique
3019 1635 3072 1689 et
3178 1608 3179 1631 ἒ

618 1748 892 1805 mortem
934 1736 1103 1818 illius
1148 1738 1455 1802 ardenter
1499 1737 1932 1823 quaerebant,
1995 1737 2208 1803 valide
2269 1737 2594 1823 urgebant
2655 1737 2978 1803 seditionis
3019 1748 3074 1799 et.

620 1851 907 1915 affectati
935 1853 1121 1936 regni
1154 1852 1416 1915 crimen.
1463 1851 1715 1916 Dicunt
1742 1852 1922 1916 initio
1950 1872 1990 1914 a
2022 1849 2319 1915 Galilaea
2349 1850 2546 1933 facto,
2591 1873 2713 1936 per
2749 1860 2946 1915 totam
2975 1850 3070 1914 Ju-

621 1963 853 2028 daeam
886 1965 1098 2049 ipsum
1128 1963 1355 2028 turbas
1388 1966 1595 2028 ciisse.
1645 1962 1738 2027 At
1757 1963 1968 2028 Pilato
2002 1972 2222 2027 tamen
2245 1962 2642 2049 persuadent
2671 1962 2738 2026 id
2766 1961 3074 2047 haudqua-
3178 2024 3179 2051 ἲ

620 2099 843 2162 quam3
907 2078 1017 2162 qui
1074 2098 1209 2141 non
1267 2086 1519 2140 tantum
1578 2098 1713 2142 non
1776 2076 1902 2140 fert
1947 2074 2378 2141 decretoriam
2421 2077 2647 2141 mortis
2693 2078 3072 2155 sententiam,

590 2168 747 2253 ⁴imo
806 2186 1068 2253 liberari
1127 2189 1349 2253 nititur
1407 2210 1448 2253 a
1502 2188 1545 2253 J
1549 2211 1665 2254 esu
1723 2210 1940 2253 causa.
2027 2188 2228 2253 Cuius
2289 2188 2702 2254 occasionem
2749 2210 2904 2251 sane
2947 2209 3073 2273 per·
3178 2218 3179 2281 3

619 2322 816 2387 quam
863 2300 1274 2367 commodam
1322 2300 1657 2368 Galilaeae
1705 2324 1746 2365 a
1788 2300 2060 2367 Judaeis
2105 2301 2347 2365 iniecta
2409 2302 2652 2365 mentio
2717 2299 3072 2387 praebebat.
3178 2364 3179 2395 ἶ

618 2615 675 2697 §-
710 2614 814 2681 30.
878 2612 1230 2679 Christus
1294 2612 1388 2677 ad
1432 2612 1822 2677 Herodem
1883 2613 2240 2695 mittitur,
2301 2610 2770 2696 flagellatur
2823 2620 2884 2674 et
2929 2630 3074 2673 con·

1650 2724 2076 2788 demnatur.
3178 2740 3179 2749 ¹

825 2914 1071 2979 Pilatus
1118 2914 1337 2979 audito
1388 2913 1725 2980 Galilaeae
1770 2916 2054 2995 nomine,
2101 2924 2317 2977 utrum
2365 2912 2698 2977 Galilaeus
2747 2922 2918 2977 esset
2953 2934 3077 2997 per·

621 3035 963 3091 cunctatus
1008 3034 1125 3090 est.
1188 3025 1385 3105 Quod
1432 3050 1581 3091 cum
1626 3027 2018 3111 accepisset,
2076 3024 2162 3089 ad
2206 3025 2542 3089 Herodem
2587 3024 2928 3111 Antipam,
2985 3022 3076 3107 qui
3178 3020 3179 3035 ¹

617 3148 774 3202 tunc
817 3140 1128 3224 temporis
1172 3138 1670 3224 Hierosolymae
1717 3137 2110 3219 morabatur,
2165 3138 2393 3202 Jesum
2441 3146 2506 3203 et
2551 3147 2962 3202 accusatores
3001 3136 3076 3196 ire

617 3250 819 3315 iussit.
898 3249 1203 3316 Herodes
1262 3250 1529 3315 videndi
1591 3251 1635 3316 J
1640 3273 1820 3315 esum
1870 3249 2144 3336 cupidus
2189 3250 2329 3333 fuit,
2380 3258 2445 3314 et
2489 3248 2796 3337 sperabat
2843 3242 3076 3333 aliquod

620 3361 1001 3427 miraculum
1048 3361 1131 3427 ab
1180 3384 1258 3426 eo
1305 3362 1477 3445 fieri3
1524 3362 1642 3427 sed
1689 3385 1840 3448 spes
1887 3384 2036 3425 eum
2079 3361 2246 3425 haec
2293 3361 2602 3425 frustrata
2647 3370 2764 3425 est.
2815 3360 3078 3426 Christus

622 3496 707 3538 ne
760 3474 965 3539 verbo
1016 3474 1275 3562 quidem
1320 3474 1628 3559 'dignatus
1659 3474 1836 3538 illum
1871 3484 1986 3538 est.
2017 3475 2248 3560 Itaque
2283 3496 2430 3539 cum
2460 3496 2848 3560 responsum
2879 3496 2918 3537 a
2945 3472 3078 3536 Jesu

832 3726 869 3794 ¹)
924 3728 1045 3777 Non
1081 3729 1261 3778 omnia
1294 3742 1475 3794 regna,
1498 3730 1688 3793 inquit,
1727 3728 1964 3779 eiusdem
1989 3726 2310 3778 conditionis
2347 3732 2498 3791 sunt,
2526 3742 2561 3777 a
2584 3742 2748 3793 regno
2777 3727 2921 3793 quod
2955 3740 3076 3775 erec-

631 3818 783 3864 turus
809 3829 908 3879 ego
934 3828 1067 3877 sum,
1092 3830 1202 3865 non
1226 3819 1309 3864 est
1345 3814 1487 3880 quod
1515 3814 1718 3864 Caesar
1741 3814 1843 3864 sibi
1868 3818 2085 3864 metuat.
2121 3814 2304 3863 Etiam
2327 3816 2384 3863 in
2409 3814 2644 3864 affectati
2667 3816 2820 3879 regni
2846 3812 3074 3879 suspicio-

618 3918 739 3952 nem
763 3917 919 3953 nemo
945 3902 1107 3963 venit,
1133 3902 1237 3951 nisi
1262 3902 1354 3967 qui
1389 3903 1681 3951 instructus
1707 3906 1790 3952 est
1811 3906 1906 3951 aut
1927 3901 2168 3963 militum,
2195 3905 2290 3951 aut
2312 3900 2560 3966 populari
2583 3916 2762 3951 manu.
2790 3900 2832 3966 ²)
2873 3900 2947 3951 cf.
2965 3899 3076 3947 Luc.

623 3992 669 4053 1,
696 3991 778 4039 32.
806 3991 889 4039 33.
916 3991 999 4050 22,
1028 3990 1109 4040 29.
1137 3989 1257 4039 coll.
1283 3990 1364 4049 17,
1391 3990 1474 4037 21.
1511 3988 1709 4040 Joann.
1735 3990 1784 4049 3,
1811 3990 1859 4038 3.
1888 3990 1970 4050 17,
1999 3990 2080 4037 16.
2119 3988 2236 4037 Act.
2266 3989 2346 4049 14,
2383 3989 2466 4037 21.
2497 3987 2647 4036 Rom.
2676 3988 2760 4048 14,
2790 3988 2874 4037 17.
2897 3986 2948 4035 11
2977 3984 3078 4034 Cor.

621 4079 701 4138 10,
727 4078 777 4125 4.
802 4078 851 4126 5.
878 4075 905 4124 1
931 4075 1071 4125 Petr.
1097 4077 1146 4136 2,
1174 4076 1222 4124 9.
1247 4075 1412 4140 Apoc.
1441 4077 1487 4137 1,
1508 4078 1556 4125 6.
1579 4074 1715 4124 Con.
1735 4076 1860 4123 item
1873 4075 1962 4124 Ps.
1989 4076 2038 4136 2,
2063 4076 2111 4125 8.
2129 4074 2215 4135 44,
2245 4076 2290 4123 7.
2306 4074 2387 4135 71,
2403 4074 2449 4122 7.
2475 4075 2524 4123 8.
2549 4072 2691 4121 Dan.
2719 4075 2770 4135 2,
2795 4074 2881 4122 44.
2909 4071 2944 4135 ⁸)
2965 4068 3078 4119 lude

618 4177 653 4211 a
686 4162 1014 4228 temporibus
1051 4162 1287 4227 antiquis
1324 4160 1633 4227 Philosophi
1671 4162 1908 4227 gentium
1944 4175 2010 4209 ea
2044 4159 2263 4209 fuerunt
2295 4161 2352 4208 in
2389 4158 2670 4225 opinione,
2719 4162 2784 4207 ut
2830 4159 3078 4208 veritatem

618 4250 859 4313 putarint
894 4263 1003 4297 non
1040 4248 1261 4313 agnosci
1296 4260 1470 4312 posse.
1520 4246 1609 4296 Sic
1649 4246 1708 4297 C.
1732 4247 1956 4309 Plinius,
1983 4246 2168 4295 Natur.
2194 4246 2332 4295 Hist.
2373 4244 2443 4308 H,
2472 4246 2518 4294 7.
2556 4242 2804 4307 affirmat,
2843 4244 3001 4295 solum
3031 4248 3078 4289 ut

617 4336 755 4383 inter
790 4336 895 4384 ista
932 4338 1135 4384 certum
1170 4335 1253 4396 sit,
1291 4333 1426 4384 nihil
1462 4348 1579 4383 csse
1616 4334 1764 4395 certi,
1800 4348 1902 4383 nec
1937 4333 2182 4382 miserius
2220 4333 2508 4398 quicquam
2541 4330 2758 4381 homine
2793 4334 2890 4381 aut
2921 4342 3078 4395 supe-r·

619 4419 756 4469 bius.
792 4436 843 4485 p.
872 4422 955 4470 63.
994 4419 1127 4470 Cum
1163 4420 1340 4470 Plinio
1376 4418 1517 4469 idem
1554 4424 1836 4469 senserunt
1871 4418 2058 4469 Cicero
2097 4423 2150 4469 et
2185 4419 2384 4484 plures.
2427 4417 2507 4468 cf.
2535 4418 2601 4467 ei.
2627 4417 2869 4468 academ.
2889 4418 3077 4477 Quaest-

618 4505 661 4567 I,
690 4508 772 4555 16.
797 4507 865 4555 44
891 4511 945 4556 et
966 4507 1051 4555 45.
1078 4505 1161 4555 ed.
1189 4507 1402 4572 Bipont.
1428 4506 1494 4567 X,
1522 4508 1607 4555 40.
1628 4508 1712 4555 62.
1765 4506 1808 4569 ⁴)
1846 4504 2072 4553 Videtur
2109 4506 2268 4554 etiam
2303 4504 2490 4553 Jesum
2527 4518 2708 4553 coram
2747 4505 2912 4571 ipsius
2945 4514 3077 4549 accu-

619 4591 887 4640 satoribus
924 4596 1076 4642 extra
1112 4592 1437 4658 praetorium
1474 4592 1690 4641 stitisse.
