3267 5259
1116 584 1386 668 ΡΜ.

495 867 836 954 Gelsissimus
882 909 928 952 et
975 901 1443 982 Reverendissimus
1490 903 1748 953 Dominus
1794 904 2044 968 Princeps
2090 902 2138 956 J
2140 901 2455 956 OANNES
2494 896 2785 961 SIMOR

277 979 498 1028 Ρνίπιω
531 979 702 1046 Regni
736 981 1044 1046 Hunyariae
1088 989 1134 1032 et
1165 981 1590 1046 Archiepiscopus
1629 980 2009 1048 Striyoniensis,
2046 999 2157 1032 cum
2194 999 2330 1032 anno
2367 987 2523 1034 1862.
2579 983 2787 1033 Limina

280 1057 652 1120 Apostolorum
683 1059 939 1122 inviseret,
971 1057 1238 1111 Historiae
1256 1061 1602 1112 Revelationis
1621 1061 1849 1112 Divinae
1876 1062 1934 1114 V.
1960 1061 2017 1111 T.
2043 1062 2275 1112 volumen
2298 1059 2452 1112 ΒΕΑ
2467 1058 2671 1112 TISSI
2673 1060 2738 1112 M
2740 1057 2785 1110 Ο

283 1135 458 1198 PIO
487 1137 604 1200 IX.
637 1137 954 1202 PAPAE
990 1145 1317 1200 DOMINO
1355 1145 1681 1200 NOSTRO
1722 1144 2089 1200 SANGTAE
2112 1146 2223 1200 ET
2264 1144 2791 1200 UNIVERSALIS

283 1227 738 1284 ECCLESIAE
755 1226 822 1287 P
829 1225 954 1289 ΟΝ
961 1225 1118 1288 TIF
1111 1225 1158 1287 Ῑ
1155 1223 1251 1288 CI
1271 1247 1497 1308 qratiose
1519 1242 1712 1294 obtulit.
1752 1241 1987 1307 Scriptor
2011 1250 2179 1294 autem
2196 1243 2318 1293 libri
2339 1243 2619 1308 homayiun
2642 1259 2791 1292 suum

285 1317 629 1368 huniillimum
664 1320 746 1370 his
782 1322 1006 1371 &hibuit
1028 1321 1226 1372 verbis.-
1263 1319 1444 1384 „BEA
1460 1317 1787 1372 TISSIME'
1825 1318 2129 1372 PATER!
2168 1321 2363 1370 Mirari
2395 1339 2501 1370 non
2536 1320 2708 1382 debes,
2744 1323 2792 1369 si

285 1395 576 1447 sacerdotes
612 1401 764 1448 etiam
797 1400 1064 1463 inferioris
1109 1399 1309 1449 ordinis
1345 1398 1417 1448 ad
1454 1400 1693 1448 thronum
1730 1405 1871 1448 tuum
1908 1399 2141 1450 accedere
2174 1405 2459 1449 reverenter
2494 1398 2707 1460 audent,
2746 1405 2791 1448 et

283 1465 394 1516 sibi
429 1467 576 1516 licere
599 1475 792 1532 putant
817 1468 1001 1533 offerre
1033 1485 1146 1519 sua.
1189 1468 1267 1518 Tu
1291 1471 1424 1518 enim
1448 1485 1560 1517 cum
1585 1473 1734 1518 tanta
1766 1470 1868 1518 ista
1894 1467 2162 1534 Diqnitate
2198 1475 2243 1518 et
2279 1468 2616 1532 amplitudine
2652 1469 2785 1518 coelo

279 1537 562 1598 proxima,
615 1537 806 1588 Christi
851 1537 1230 1602 benignitatem,
1287 1554 1419 1602 quae
1464 1537 1692 1587 moribus
1736 1539 1927 1587 nostris
1972 1537 2302 1600 obsoleverat,
2357 1541 2513 1587 veteri
2562 1538 2787 1601 exemplo

287 1606 586 1668 eoniunyis:
621 1613 676 1655 ut
711 1623 828 1657 vere
861 1614 1118 1672 appareat
1159 1607 1228 1657 Te
1265 1607 1692 1659 Sancti-ssime
1727 1606 1951 1669 Pater,
1988 1607 2139 1657 Illius
2174 1622 2277 1658 esse
2326 1607 2599 1666 Vicarium,
2638 1605 2785 1670 apud

289 1689 444 1736 quem
465 1690 572 1724 non
593 1681 664 1724 est
687 1679 910 1740 acceptio
937 1693 1302 1740 personarum.
1365 1677 1550 1740 Accipe
1573 1691 1690 1738 erqo
1717 1691 1877 1740 aequo
1902 1678 2073 1726 animo
2099 1679 2398 1740 scriptorem
2428 1675 2554 1725 Tuis
2568 1675 2791 1739 pedibus

279 1743 650 1806 provolutum
687 1747 776 1808 qui
803 1748 1034 1809 primum
1069 1745 1272 1810 quidem
1297 1745 1578 1810 Religionis
1605 1744 1897 1796 Catholicae
1929 1747 2172 1809 mysteria
2194 1747 2251 1794 in
2281 1745 2460 1808 Capite
2483 1747 2597 1808 ipso
2622 1745 2794 1794 Eccle-

287 1813 408 1860 siae
441 1820 740 1863 veneratur.-
775 1813 958 1865 deinde
999 1815 1112 1864 Tibi
1147 1816 1562 1864 commentarium
1601 1831 1751 1863 suum
1786 1813 1849 1864 de
1882 1815 2141 1876 ,Historia
2181 1814 2530 1865 Revelationis
2566 1814 2795 1864 Divinae

301 1880 502 1930 Veteris
530 1882 851 1934 Testamenti‘
883 1887 1058 1934 sistere
1091 1883 1190 1933 sibi
1224 1884 1407 1946 sumit5
1443 1889 1499 1932 ut
1527 1885 1596 1932 sit
1617 1885 1975 1932 monimentum
1999 1884 2279 1949 singularis
2303 1885 2511 1943 amoris,
2550 1900 2647 1946 quo
2679 1882 2795 1932 Tibi

294 1949 682 2002 Beatissime
709 1953 905 2004 Pater
939 1970 1140 2017 semper
1163 1951 1400 2002 adhaesit
1442 1951 1826 2016 adhaerereque
1850 1954 2039 2018 peryit.
2088 1952 2159 2002 Et
2180 1967 2306 2002 sane
2330 1969 2483 2016 quam
2508 1951 2631 2002 belle
2656 1951 2795 2002 cadit

291 2025 532 2082 tempora
573 2022 728 2070 multo
767 2021 1061 2082 durissima,
1100 2021 1282 2086 quibus
1323 2023 1540 2086 reyimen
1576 2020 1742 2070 Tuum
1781 2020 2019 2072 Summe
2056 2021 2369 2085 Pontifex
2414 2021 2796 2083 circumscribis,

287 2103 454 2152 posse
489 2106 522 2137 a
546 2106 624 2139 me
657 2091 925 2140 literarum
960 2094 1264 2141 monimento
1301 2092 1624 2156 consiqnari:
1662 2091 1784 2140 wila·
1817 2092 1905 2140 illo
1941 2093 1989 2140 si
2023 2097 2201 2153 cetera,
2235 2107 2421 2156 magno
2456 2092 2504 2140 si
2537 2106 2800 2156 aryumen-

292 2164 407 2205 tum
435 2165 651 2221 spectes:
685 2162 857 2225 ayitur
891 2163 1024 2210 enim
1057 2159 1122 2210 de
1147 2159 1359 2210 Summa
1383 2158 1594 2222 Salutis,
1632 2158 1697 2209 de
1730 2161 1851 2223 ipsa
1883 2159 2106 2211 Veritate
2142 2159 2215 2209 ad
2246 2176 2341 2209 nos
2366 2159 2428 2210 de
2450 2159 2585 2209 coelo
2621 2161 2797 2210 allata.

295 2225 364 2276 Si·
391 2227 556 2289 plura
591 2227 786 2293 dicam;
829 2247 934 2279 non
977 2229 1048 2279 Te
1085 2229 1253 2291 modo,
1290 2228 1380 2278 sed
1417 2243 1496 2278 me
1537 2245 1737 2292 quoque
1776 2231 1970 2292 ipsum,
2008 2228 2300 2279 adhucdum
2332 2229 2505 2293 ferme
2543 2230 2599 2278 in
2641 2229 2801 2278 literis
2912 2275 2915 2278 ,

295 2297 536 2359 tironem,
563 2298 804 2362 iqnorare
826 2297 1025 2349 videar.
1085 2297 1229 2348 Illud
1269 2315 1426 2347 unum
1459 2304 1717 2362 postremo
1754 2299 1859 2348 loco
1897 2298 2171 2348 adiiciam.-
2205 2300 2253 2348 si
2288 2297 2625 2349 Sanctitas
2666 2297 2802 2347 Tua

287 2381 394 2429 per
417 2380 564 2428 quem
589 2365 644 2416 D
659 2383 767 2417 eus
803 2368 1046 2432 loquitur,
1083 2367 1206 2417 haec
1240 2366 1411 2416 studio
1434 2368 1720 2432 viyiliisque
1754 2369 1945 2418 nostris
1970 2374 2151 2431 parta,
2190 2373 2237 2417 et
2270 2383 2469 2417 summa
2504 2384 2615 2416 cum
2639 2368 2802 2416 animi

295 2433 604 2486 demissione
639 2435 812 2486 oblata
832 2438 1050 2500 favente
1082 2453 1242 2486 manu
1277 2438 1519 2500 accipere,
1547 2435 1877 2500 probareque
1908 2454 2013 2486 non
2044 2435 2433 2502 dediqnabitum·
2478 2435 2621 2486 Unus
2654 2435 2803 2486 nobis

295 2507 474 2553 instar
507 2506 732 2554 omnium
765 2507 958 2556 Auctor
1003 2509 1128 2568 eris,
1179 2505 1254 2556 ad
1287 2504 1532 2555 eiusmodi
1578 2507 1941 2556 commentaria
1987 2507 2045 2555 in
2079 2512 2347 2570 posterum
2393 2521 2591 2570 quoque
2628 2521 2797 2568 porro

295 2574 546 2624 alacriter
569 2572 782 2625 edenda.
845 2574 998 2636 Quod
1021 2577 1160 2624 omni
1189 2577 1562 2638 mactatione
1583 2577 1838 2624 maturius
1862 2574 2067 2635 accidet,
2104 2577 2153 2624 si
2184 2573 2333 2624 nobis
2354 2573 2545 2637 fausta
2574 2590 2798 2638 precan-

295 2651 438 2702 tibus
459 2650 662 2714 faverit
698 2655 922 2702 omnium
952 2644 1034 2706 M
1037 2643 1344 2708 ODERA
1357 2642 1537 2708 TOR
1579 2643 1809 2726 ILLE,
1848 2654 1938 2716 qut·
1970 2653 2121 2702 rebus
2141 2654 2393 2718 prospicit
2416 2651 2672 2713 humanis,
2709 2667 2800 2702 nec

305 2729 380 2780 Te
413 2729 566 2778 modo
601 2732 900 2780 incolumem
935 2730 1217 2781 diutissime
1250 2732 1558 2792 servaverit,-
1611 2730 1704 2780 sed
1738 2732 1890 2781 etiam
1926 2731 2209 2796 tranquilla
2236 2736 2534 2795 pacataque
2568 2736 2802 2792 tempora

301 2809 562 2859 Ecclesiae
593 2824 719 2858 suae
748 2809 1086 2874 providerit!
1103 2846 1196 2860 -.
1241 2807 1410 2869 Quam
1433 2814 1661 2872 paterno
1697 2807 1881 2874 affectu
1914 2811 2261 2859 sanctissimus
2285 2809 2445 2859 Pater
2468 2803 2657 2858 PIUS
2691 2805 2800 2861 IX.

309 2883 516 2938 PAPA
551 2889 738 2952 excipit
773 2903 968 2938 omnem
1001 2904 1107 2939 rem
1128 2887 1315 2952 filialis
1351 2885 1602 2951 obsequii,
1658 2903 1766 2937 non
1798 2888 1961 2936 solum
1997 2887 2221 2936 oblatum
2255 2886 2354 2936 sibi
2390 2885 2651 2950 amiplar
2686 2883 2807 2934 libri

301 2965 520 3031 benigno
569 2967 740 3015 animo
789 2969 1008 3031 accepit5
1069 2965 1160 3016 sed
1205 2966 1361 3016 etiam
1405 2968 1651 3029 scriptori
1696 2966 1871 3015 literas
1918 2966 2243 3030 gratissimas
2278 2963 2410 3014 Eius
2455 2965 2659 3013 nomine
2703 2978 2807 3027 per

301 3035 716 3084 Illustrissimum
736 3035 1052 3086 Joannem
1079 3034 1402 3094 Sottovia‚
1441 3033 1496 3085 S.
1524 3033 1579 3086 S.
1605 3033 1677 3085 D.
1704 3034 1771 3085 N.
1799 3034 1864 3084 ab
1888 3035 2115 3099 epistolis
2150 3035 2344 3095 latinis,
2371 3039 2615 3083 exaratas
2637 3033 2805 3082 misit.-

515 3207 1151 3302 ,Commentarium
1199 3236 1248 3282 a
1288 3207 1386 3282 Te
1432 3206 1889 3283 lucubratum
1936 3207 2023 3282 de
2071 3206 2477 3280 Historia
2538 3205 2801 3280 Reve-

304 3331 687 3405 lationis
739 3331 1127 3406 Divinae
1191 3331 1532 3405 Veteris
1592 3329 2115 3405 Testamenti
2164 3325 2806 3403 Sanctissimus

305 3453 732 3528 Dominus
779 3453 1092 3530 Noster
1137 3455 1436 3553 beniyne
1482 3455 1777 3550 eoecepit,
1822 3475 2071 3549 meque
2112 3451 2326 3522 iussit
2359 3475 2505 3546 per
2547 3449 2800 3523 literas

307 3581 686 3655 certiorem
727 3577 824 3650 Te
857 3575 1138 3676 facere,
1178 3576 1673 3676 qratissimum
1716 3574 1858 3647 sibi
1893 3587 1961 3647 et
1991 3597 2251 3646 munus
2288 3583 2354 3644 et
2390 3570 2802 3668 obsequium

308 3701 634 3776 auctoris
679 3697 936 3798 fuisse.
1046 3699 1254 3772 Licet
1302 3699 1492 3772 enim
1530 3720 1679 3793 pro
1734 3695 2109 3769 commissa
2159 3690 2354 3768 Sibi
2398 3693 2807 3788 pastoralis

309 3819 547 3922 officii
608 3819 1092 3896 sollicitudine
1143 3819 1388 3894 multis
1438 3819 1925 3916 yravibusque
1981 3815 2329 3890 distentus
2384 3816 2581 3891 curis
2634 3813 2809 3887 libri

310 3942 516 4017 illius
551 3941 841 4017 lectioni
872 3969 1140 4018 vacare
1173 3942 1595 4040 nequiverit,
1646 3939 2001 4014 intelleaeit
2041 3952 2277 4013 tamen
2311 3935 2532 4010 multo
2568 3933 2807 4010 studio

315 4077 386 4139 et
429 4063 674 4138 labore
718 4089 898 4162 opus
921 4062 1163 4163 fuisse
1200 4062 1617 4163 confectum,
1655 4087 2099 4162 magnaeque
2139 4059 2305 4134 Tibi
2339 4058 2547 4133 laudi
2578 4058 2811 4148 vertit,

317 4186 516 4284 quod
565 4186 648 4259 in
698 4211 779 4260 re
831 4199 976 4259 tam
1023 4186 1243 4283 yravi
1295 4197 1361 4259 et
1410 4197 1667 4258 sancta
1716 4183 2007 4282 vigilias
2070 4195 2139 4256 et
2187 4181 2553 4279 inqenium
2614 4191 2814 4252 tum

317 4309 804 4405 occupaveris.
887 4304 1267 4406 Confidens
1309 4306 1572 4403 itaque,
1635 4304 1735 4378 Te
1770 4301 2149 4402 diliqenter
2194 4301 2441 4376 omnia
2474 4324 2811 4392 servasse,

322 4453 508 4525 quae
576 4428 860 4504 docmm
932 4441 1002 4502 et
1068 4425 1494 4503 catholicum
1565 4437 1929 4499 auctorem
1997 4423 2271 4515 decent,
2326 4419 2814 4519 Apostolicam

333 4549 496 4630 Tibi
545 4550 1122 4624 Benedictionem
1163 4559 1638 4644 peramanter
1692 4558 1791 4618 est
1844 4545 2289 4640 impertitus!
