3267 5259
590 464 721 531 412
1311 478 1425 521 nist.
1456 478 1563 521 nov.
1590 478 1684 521 «nv.
1713 477 1880 521 Parios.
1910 478 1970 519 11.
1999 490 2096 531 οη.
2121 478 2337 531 panum.

592 650 673 717 de
706 652 1441 739 praedestinatione
1474 652 1561 719 ad
1582 652 1878 739 gloriam,
1913 652 2198 739 dicitque
2233 650 2355 717 sub
2393 674 2677 739 quanam
2703 652 3040 718 conditione

590 765 749 830 fient
794 764 1029 831 Christi
1073 765 1319 852 gloriae
1369 765 1790 831 cohaeredes.
1865 764 2386 850 Magnitudinem
2431 766 2706 851 praemii
2755 764 3041 829 felicitatis

592 878 829 965 probat
874 900 957 943 ex
1005 877 1328 944 desiderio
1376 878 1564 944 huius
1596 877 1864 964 gloriae,
1911 877 2090 964 quod
2119 878 2463 942 universae
2505 886 2850 943 creaturae
2881 880 3042 957 inest3

593 1013 761 1077 quae
792 990 997 1056 veluti
1028 1001 1291 1057 exserto
1326 992 1541 1077 capite
1588 1000 1936 1077 exspectat
1979 990 2393 1075 magnificam
2437 990 2612 1055 illam
2643 989 2924 1055 filiorum
2953 990 3042 1053 Dei

590 1103 863 1189 gloriam
887 1107 927 1167 ¹.
1009 1100 1118 1167 Ex
1176 1103 1547 1169 vehementi
1609 1113 2054 1169 creaturarum
2121 1104 2317 1168 etiam
2375 1104 2644 1167 rationis
2714 1104 3044 1187 expertium

592 1217 1084 1302 exspectatione
1115 1214 1395 1281 lectores
1426 1216 1512 1281 ad
1541 1218 1922 1302 patientiam
1953 1214 2250 1281 hortatur
2267 1218 2310 1280 ².
2357 1214 2680 1280 Absolute
2723 1217 3045 1301 praecipuo

592 1337 979 1413 argumento
1002 1350 1159 1393 suae
1184 1326 1495 1416 epistolae
1522 1327 1605 1393 de
1630 1328 1910 1413 gratuita
1931 1328 2388 1393 iustificatione
2411 1349 2532 1414 per
2555 1326 2756 1392 fidem
2771 1330 2814 1410 ³,
2841 1350 3046 1391 sermo-

591 1463 743 1504 nem
767 1440 953 1504 facit:
977 1438 1059 1505 de
1071 1440 1115 1506 J
1117 1439 1475 1506 udaeorum
1492 1441 1957 1527 plerorumque
1975 1439 2354 1505 exclusione
2373 1464 2412 1505 a
2428 1441 2656 1525 gratia,
2673 1438 2890 1525 deque
2905 1439 3047 1504 Gen-

592 1551 798 1616 tilium
824 1552 909 1617 ad
944 1552 1225 1619 eandem
1258 1554 1650 1619 admissione
1669 1558 1714 1619 4.
1748 1553 2115 1620 Confitetur
2145 1577 2214 1619 se
2245 1552 2816 1619 vehementissime
2847 1552 3050 1616 tristari

598 1674 873 1751 propter
894 1665 1321 1751 Judaeorum,
1348 1668 1541 1733 tantis
1572 1667 1724 1734 olim
1750 1667 2126 1733 beneficiis⁵
2157 1690 2198 1731 a
2219 1667 2368 1732 Deo
2395 1675 2791 1748 ornatorum,
2823 1686 3051 1750 repro-

590 1777 633 1842 b
650 1779 808 1842 atio
824 1802 866 1843 n
881 1801 1013 1843 em.
1046 1777 1213 1843 Eam
1234 1778 1461 1845 dolens
1488 1780 1835 1845 confitetur
1857 1780 1920 1845 d.
1939 1778 2208 1863 Paulus;
2243 1778 2360 1844 sed
2383 1801 2515 1843 non
2536 1776 2816 1843 admittit
2851 1799 3049 1841 conse·

596 1889 911 1973 cutioneS,
952 1885 1119 1976 quae
1150 1889 1303 1955 inde
1335 1902 1603 1976 possent
1636 1902 1864 1957 contra
1893 1893 2234 1958 veritatem
2268 1900 2333 1955 et
2354 1892 2662 1957 iustitiam
2685 1890 2814 1955 Dei
2838 1890 3053 1954 inferri.

589 2002 699 2067 Ex
727 2002 1153 2089 plurimorum
1179 2003 1585 2071 Judaeorum
1615 2006 1971 2071 reiectione
2004 2028 2138 2070 non
2171 2006 2356 2091 sequi
2381 2004 2844 2090 promissiones
2873 2001 3053 2067 Abra-

593 2114 719 2179 hae
767 2115 978 2180 factas
1023 2118 1234 2182 irritas
1282 2120 1604 2201 evasisse;
1653 2120 1806 2205 quia
1849 2118 1974 2183 hae
2020 2140 2152 2184 non
2197 2118 2530 2203 pertinent
2559 2116 2643 2180 ad
2673 2115 2841 2181 filios
2872 2116 3056 2179 carnis

592 2226 709 2291 sed
753 2230 1199 2313 promissionis
1224 2233 1265 2294 θ.
1332 2230 1686 2317 Utriusque
1734 2231 1981 2296 decreti
2025 2252 2292 2295 causam
2339 2229 2543 2294 refert
2575 2229 2661 2293 ad
2698 2229 2826 2293 Dei
2856 2224 3056 2292 volun-

594 2474 926 2527 referendam
970 2478 1026 2527 in
1064 2492 1121 2527 se
1156 2476 1441 2543 imaginem
1487 2477 1583 2528 filii
1628 2478 1904 2544 Unigeniti
1949 2491 2110 2527 carne
2154 2476 2308 2539 facti,
2357 2482 2418 2526 ut
2459 2476 2578 2541 ipse
2625 2477 2684 2525 in
2731 2474 2974 2525 filiatione
3015 2478 3060 2521 et

594 2563 924 2614 haereditate
962 2564 1227 2631 princeps,
1266 2564 1429 2615 ceteri
1468 2563 1733 2616 secundas
1765 2565 2057 2615 obtineant.
2109 2565 2254 2627 Quos
2281 2568 2456 2613 autem
2484 2568 2707 2612 aeterna
2731 2561 3061 2628 praescientia

594 2650 1013 2717 praedestinavit
1048 2650 1117 2701 ad
1154 2650 1539 2701 fraternitatem
1570 2667 1692 2701 cum
1718 2650 1946 2714 ChrIsto,
1986 2652 2055 2702 ad
2080 2650 2390 2701 filiationem
2427 2650 2754 2716 adoptivam,
2791 2649 2858 2701 ad
2891 2648 3056 2697 haere-

595 2738 837 2801 ditatem,
886 2752 1027 2803 quae
1062 2737 1208 2789 illam
1244 2740 1614 2803 consequitur,
1663 2738 1762 2789 hos
1797 2740 1852 2787 in
1895 2744 2132 2805 tempore
2169 2742 2222 2788 et
2257 2742 2420 2787 vocat
2455 2737 2525 2787 ad
2560 2737 2786 2802 gratiam
2821 2740 2873 2785 et
2903 2734 3056 2790 fidem,

594 2826 795 2890 quique
841 2825 1018 2875 vocati
1064 2824 1389 2890 respondent
1438 2824 1654 2875 divinae
1699 2826 1995 2889 vocationi,
2047 2826 2262 2876 eosdem
2307 2823 2586 2887 iustificat,
2637 2828 2692 2873 et
2735 2824 2970 2873 transfert
3002 2836 3056 2869 ex

594 2914 739 2959 statu
774 2912 887 2961 irae
926 2910 995 2961 ad
1030 2916 1227 2961 statum
1272 2912 1680 2962 benevolentiae
1723 2916 1778 2963 et
1813 2927 1844 2963 e
1881 2912 2186 2962 conditione
2232 2925 2504 2962 servorum
2553 2910 2762 2976 peccati
2799 2909 2866 2959 ad
2899 2906 3056 2957 condi-

594 2998 791 3047 tionem
828 2996 1055 3047 filiorum
1104 3000 1235 3049 Dei:
1283 3015 1420 3065 quos
1468 3004 1646 3069 antem
1690 2998 1944 3049 iustificat
1992 2998 2208 3049 eosdem
2245 3003 2300 3049 et
2333 2997 2598 3064 glorificat
2647 3002 2760 3047 tum
2805 2998 2879 3047 uti
2921 2993 3054 3052 filios,

594 3089 707 3133 tum
732 3085 808 3133 uti
834 3084 1091 3135 haeredes
1115 3087 1231 3136 iure
1257 3100 1323 3136 ac
1349 3086 1577 3151 denique
1602 3086 1746 3136 facto
1773 3090 2004 3151 actuque
2029 3086 2150 3151 ipsa
2173 3085 2374 3151 gloriae
2413 3084 2753 3135 collatione.“
2803 3080 3054 3137 Schrader,

596 3170 663 3221 de
698 3170 1185 3236 praedestinatione
1224 3172 1515 3223 comment.
1554 3172 1596 3222 Ι.
1621 3172 1770 3222 Frib.
1799 3173 1949 3223 1863.
1987 3189 2038 3238 p.
2069 3174 2150 3222 11.

809 3257 845 3321 ²)
875 3256 955 3307 cf.
974 3257 1025 3307 J.
1049 3257 1107 3307 C.
1128 3258 1466 3319 Danhaweri‚
1495 3258 1620 3309 diss.
1647 3257 1711 3308 de
1739 3259 1937 3325 gemitu
1965 3263 2346 3320 creaturarum,
2369 3258 2427 3307 in
2445 3256 2605 3307 Thes.
2625 3256 2702 3307 th.
2721 3256 2809 3323 ph.
2828 3272 2878 3322 p.
2896 3257 2997 3305 504.
3015 3268 3052 3301 s.

594 3344 655 3393 F.
683 3344 767 3393 W.
792 3344 1027 3407 Fischer,
1056 3344 1124 3394 ad
1150 3344 1254 3395 loc.
1282 3345 1351 3395 ad
1375 3345 1525 3396 Rom.
1554 3346 1602 3407 8,
1633 3346 1853 3395 18—34.
1880 3344 2004 3396 diss.
2031 3345 2181 3395 Witt.
2211 3346 2360 3396 1806.
2412 3344 2475 3394 G.
2503 3343 2598 3394 Ch.
2625 3343 2841 3404 Grimm,
2872 3342 2932 3391 de
2953 3354 3051 3389 voc-

595 3426 747 3488 κτίσις
784 3430 933 3481 Rom.
970 3434 1019 3493 8,
1058 3434 1138 3482 19.
1176 3448 1216 3482 s.
1256 3447 1442 3483 comm.
1480 3432 1633 3499 Lips.
1672 3432 1822 3482 1812.
1874 3431 1938 3482 G.
1973 3431 2189 3494 Reiche,
2231 3432 2298 3482 de
2333 3436 2528 3481 natura
2563 3430 2896 3496 gemebunda
2925 3428 3053 3476 Rom.

595 3520 644 3576 8,
683 3519 764 3567 19.
812 3518 925 3567 obs.
961 3518 1005 3568 Ι.
1043 3518 1114 3567 ΙῙ.
1151 3518 1295 3569 Gutt.
1334 3520 1623 3569 1830—32.
1679 3518 1732 3569 J.
1765 3519 1828 3568 A.
1867 3517 2115 3581 Gadolin,
2152 3518 2303 3569 Rom.
2341 3520 2390 3579 8,
2425 3518 2652 3567 28-30,
2701 3516 2885 3583 explic.
2915 3514 3054 3580 perir.

595 3603 861 3670 Helsingf.
900 3606 1059 3669 18343
1098 3610 1153 3655 et
1188 3620 1323 3670 quos
1358 3605 1423 3655 H.
1462 3604 1526 3653 R.
1563 3605 1631 3654 D.
1671 3604 1734 3655 V.
1771 3604 1834 3655 T.
1871 3622 1923 3671 p.
1963 3607 2045 3655 17.
2083 3622 2134 3655 n.
2173 3608 2221 3656 2.
2267 3604 2622 3655 laudavimus.
2695 3604 2738 3669 ²)
2778 3602 2904 3653 Cum
2945 3614 3052 3664 ergo

594 3690 745 3741 Deus
790 3706 886 3757 pro
933 3692 1089 3743 nobis
1136 3693 1205 3741 sit
1253 3693 1369 3757 quis
1417 3692 1633 3741 tandem
1678 3708 1872 3742 nocere
1913 3694 2118 3758 possit?
2175 3692 2260 3741 An
2297 3696 2650 3743 accusaturus
2687 3693 2758 3741 sit
2791 3690 2930 3740 Deus
2961 3702 3053 3743 eos,

597 3794 731 3845 quos
766 3779 1053 3829 iustificat?
1102 3795 1169 3830 an
1208 3780 1659 3830 condemnaturus
1695 3780 1764 3829 D.
1789 3780 1852 3829 N.
1880 3778 1932 3829 J.
1961 3778 2038 3841 Q,
2075 3794 2210 3845 quos
2248 3794 2346 3829 suo
2383 3779 2650 3844 sanguine
2685 3776 2922 3839 redemit3
2956 3774 3056 3839 quis

602 3865 858 3931 impedire
896 3871 1087 3932 potest,
1127 3866 1409 3932 quominus
1444 3865 1687 3918 Christus
1716 3880 1814 3916 nos
1851 3870 2159 3916 constanter
2195 3865 2417 3931 diligat?
2464 3865 2634 3915 Nemo
2661 3865 2838 3931 plane,
2873 3862 3058 3913 efficere

596 3958 789 4019 potest,
828 3958 889 4002 ut
913 3958 1087 4004 cesset
1110 3955 1258 4004 Deus
1285 3954 1507 4019 diligere
1534 3968 1669 4019 quos
1705 3952 2040 4017 iustificavit3
2079 3952 2235 4003 modo
2261 3951 2342 4001 illi
2367 3956 2678 4003 constanter
2702 3966 2821 4001 eum
2845 3950 3056 4013 diligant.

598 4041 639 4105 ⁸)
689 4039 749 4090 C.
788 4038 847 4089 C.
886 4041 1073 4089 9—11.
1147 4040 1189 4101 ⁴)
1238 4040 1395 4089 Visus
1447 4046 1562 4091 erat
1604 4040 1896 4106 Apostolus
1946 4038 2208 4105 quaedam
2256 4037 2431 4089 dicere
2477 4044 2666 4089 contra
2710 4036 3058 4088 Oeconomiam

598 4127 659 4176 V.
696 4128 759 4177 T.
796 4126 1159 4193 populumque
1198 4126 1449 4190 electum3
1488 4128 1651 4193 igitur
1686 4143 1754 4177 ne
1784 4126 1920 4177 forte
1956 4126 2190 4192 suspicio
2227 4127 2454 4175 oriretur
2491 4140 2556 4175 ea
2593 4124 2662 4175 de
2699 4141 2756 4175 re
2793 4135 3058 4173 sermonem

596 4216 873 4264 instituere
912 4228 975 4263 ex
1013 4213 1136 4263 odio
1175 4229 1389 4264 suorum
1430 4214 1783 4280 popularium,
1826 4218 1886 4262 ut
1923 4228 1958 4263 a
1998 4212 2192 4278 quibus
2231 4212 2576 4262 acerbissima
2613 4227 2860 4278 quaeque
2889 4210 3056 4259 fuisset

600 4316 912 4368 perpessus3
962 4300 1076 4350 iure
1124 4300 1349 4354 iurando
1397 4302 1453 4363 9,
1499 4302 1546 4350 4.
1599 4300 1915 4366 interposito
1965 4304 2191 4350 testatur
2239 4299 2341 4349 sibi
2389 4304 2604 4365 gentem
2653 4297 2910 4348 iudaicam
2955 4308 3058 4343 esse

598 4389 937 4437 carissimam.
1004 4388 1045 4451 ⁵)
1084 4387 1354 4448 Quantum
1392 4392 1445 4437 et
1477 4387 1636 4454 quale
1663 4386 1980 4437 beneficium
2015 4386 2121 4436 illis
2149 4386 2472 4452 contigisset,
2509 4388 2650 4435 inter
2687 4400 2822 4452 quos
2846 4383 3059 4433 Christus

600 4468 755 4535 ,,κατὲι
790 4470 981 4541 calpae&
1018 4478 1344 4525 nasceretur.
1406 4474 1487 4523 cf.
1524 4473 1576 4523 J.
1614 4472 1677 4522 F.
1715 4473 2008 4539 Raebiger‚
2056 4471 2124 4524 de
2163 4471 2522 4538 Christologia
2558 4472 2792 4523 Paulina
2831 4488 2879 4537 p.
2915 4470 2992 4518 26.
3023 4482 3058 4514 s.

599 4560 639 4628 θ)
678 4561 834 4622 Quod
879 4562 933 4611 in
970 4560 1225 4627 exemplis
1272 4560 1449 4611 Isaaci
1496 4566 1550 4611 et
1593 4559 1860 4621 Ismaelis,
1908 4559 2104 4610 Jacobi
2141 4566 2194 4609 et
2231 4560 2396 4609 Esaui
2439 4560 2648 4624 probat.
2711 4557 2914 4623 Duplex
2955 4568 3060 4603 esse

598 4647 845 4697 Abrahae
883 4663 1063 4697 semen
1098 4646 1344 4697 naturale
1382 4654 1436 4697 et
1471 4646 1908 4712 supernatura103
1955 4646 2026 4696 ad
2067 4646 2170 4696 hoc
2219 4661 2376 4712 porro
2415 4646 2590 4696 solum
2635 4646 2818 4695 referri
2859 4640 3060 4709 promis·
