3267 5259
588 426 711 490 124
1250 439 1365 481 nist.
1396 439 1501 482 sev.
1532 440 1621 482 «nv.
1651 441 1704 482 s.
1728 440 1778 482 r.
1807 440 1974 482 renos.
2004 441 2040 482 1.
2061 452 2154 508 ⁰⁸2⁹·
2183 441 2383 482 alterum.

582 621 879 676 extrema
909 612 1313 698 aegritudine
1360 614 1557 678 animi
1590 635 1740 678 cum
1771 624 1980 678 morte
2024 612 2328 678 luctantis
2351 617 2370 654 ¹
2417 613 2664 678 solutus
2695 624 2804 678 est
2835 613 2906 676 in
2935 622 3056 676 tan·

580 734 738 806 tum,
784 734 855 788 ut
882 747 1041 810 prae
1074 727 1406 790 anxietate
1439 725 1639 790 sudor
1669 748 1910 810 magna
1941 727 2130 811 copia
2161 749 2197 790 e
2232 725 2468 791 Christi
2509 748 2792 812 corpore
2831 724 3058 790 deflue-

580 846 697 918 ret,
744 845 941 922 atque
986 847 1209 922 guttae
1256 839 1586 924 sanguinis
1640 839 1710 902 in
1754 848 1995 902 terram
2042 838 2354 902 caderent
2369 841 2413 902 ².
2472 838 2722 902 Tantus
2791 837 3058 922 talisque

582 948 704 1013 fuit
748 948 1104 1014 Salvatoris
1152 949 1356 1033 dolor,
1402 959 1474 1014 ut
1532 952 1766 1014 missus
1813 952 1892 1014 sit
1921 950 2217 1034 Angelus
2251 951 2504 1015 Christo
2555 949 3059 1016 corroborando.

562 1059 909 1148 ‘Teporem
969 1061 1433 1148 discipulorum
1497 1072 1562 1126 et
1621 1061 2119 1127 somnolentiam
2177 1063 2434 1126 interim
2471 1085 2608 1156 ‘nec
2653 1065 3059 1138 iteratumjn

581 1175 910 1266 praesenti
956 1173 1245 1258 periculo
1293 1174 1581 1258 magistri
1626 1175 1944 1238 monitum
2001 1177 2318 1256 excussit3
2383 1197 2533 1238 cum
2594 1176 2723 1238 iam
2780 1173 3062 1260 proditor

582 1284 751 1348 male
798 1284 983 1369 vigil,
1030 1283 1150 1348 sub
1200 1285 1402 1350 osculi
1448 1285 1694 1350 insidiis
1739 1287 2133 1368 immineret,
2197 1296 2263 1350 et
2307 1263 2627 1351 armatam
2673 1309 2946 1350 manum
2989 1285 3060 1348 ad

584 1619 740 1668 simul
787 1619 993 1668 addidit
1039 1619 1396 1670 conditionem
1446 1620 1523 1680 „si
1570 1618 1828 1684 possibile
1864 1621 1995 1668 est“.
2034 1618 2199 1678 Quasi
2246 1618 2460 1681 diceret,
2509 1619 2554 1668 si
2600 1617 2714 1667 fieri
2759 1623 2942 1683 potest
2983 1633 3064 1684 per

584 1711 855 1755 aeternum
895 1711 1041 1755 tuum
1076 1707 1405 1771 propositum
1442 1710 1497 1754 et
1532 1703 1812 1754 consilium
1847 1704 2035 1753 Patris.
2091 1704 2252 1753 Jesus
2289 1720 2409 1754 cum
2445 1719 2632 1768 preces
2671 1719 2803 1754 suas
2839 1706 2895 1753 in
2931 1704 3056 1753 hunc

584 1791 794 1842 modum
834 1791 1051 1854 claudit,
1090 1807 1148 1842 se
1173 1793 1291 1842 Deo
1328 1808 1438 1842 non
1464 1806 1650 1856 parere
1677 1796 1900 1852 tantum,
1939 1791 2034 1840 sed
2057 1797 2112 1840 et
2137 1791 2398 1854 assentiri,
2435 1789 2882 1856 voluntatemque
2907 1807 3060 1848 suam,

587 1883 773 1928 contra
807 1878 1051 1927 naturale
1089 1878 1431 1940 desiderium,
1486 1877 1748 1928 subiicere
1799 1877 2062 1927 voluntati
2111 1878 2286 1928 Patris
2335 1877 2442 1938 sui,
2499 1877 2736 1927 ostendit
2786 1877 3064 1927 evidenter.

585 1964 735 2025 Quae
771 1965 1061 2029 praecipua
1095 1979 1221 2029 pars
1260 1963 1595 2014 obedientiae
1630 1964 1798 2029 ipsius
1834 1963 1948 2012 fuit.
1990 1963 2122 2012 Cum
2159 1965 2338 2012 anima
2371 1964 2540 2028 ipsius
2575 1968 2790 2012 moesta
2827 1968 2971 2014 esset
3005 1962 3064 2010 ad

585 2057 830 2113 mortem,
867 2052 1077 2100 minime
1116 2050 1339 2112 destitit,
1388 2051 1481 2099 sed
1521 2066 1584 2099 eo
1620 2051 1790 2114 magis
1827 2049 2056 2099 intendit
2089 2049 2197 2098 vim
2234 2050 2514 2110 orationis,
2561 2064 2669 2114 quo
2707 2050 2900 2098 maiori
2937 2060 3066 2098 esset

582 2137 638 2185 in
675 2151 890 2200 angore.
929 2135 1036 2186 Sed
1070 2136 1224 2201 plura
1260 2137 1311 2186 h.
1338 2137 1388 2186 d.
1414 2153 1454 2186 r.
1492 2138 1547 2185 in
1584 2135 1813 2201 append.
1850 2136 1899 2187 h.
1927 2151 1972 2184 c.
2785 2140 2795 2148 ‘

798 2241 832 2302 ¹)
859 2240 938 2290 Cf.
958 2239 1008 2289 J.
1028 2241 1088 2289 A.
1109 2241 1169 2289 L.
1191 2239 1495 2301 Hoffmann,
1517 2240 1718 2290 Comm.
1745 2238 2021 2299 Quomodo
2047 2239 2327 2304 singularis
2351 2239 2446 2288 illa
2467 2239 2504 2289 J
2507 2253 2601 2288 esu
2627 2239 2894 2301 anxietas
2921 2255 3066 2305 quam

584 2327 761 2376 Lucas
782 2320 991 2394 ἀγωνίαν
1016 2331 1190 2388 vocat,
1214 2327 1285 2376 ait
1308 2316 1641 2392 explicanda.
1661 2326 1809 2391 Lips.
1828 2327 1975 2375 1830.
1996 2340 2048 2390 p.
2063 2327 2144 2374 19.
2172 2325 2213 2391 2)
2233 2327 2364 2374 Luc.
2380 2328 2463 2388 22,
2479 2327 2562 2374 44.
2588 2324 2678 2374 Nil
2701 2327 2914 2388 mirum,
2937 2325 3066 2390 quod

583 2413 743 2463 Jesus
766 2414 821 2461 in
846 2427 1045 2478 angore
1068 2412 1158 2462 illo
1184 2413 1410 2462 maximo
1437 2412 1652 2462 sudavit
1673 2427 1798 2461 vere
1817 2411 2144 2476 sanguinem.
2171 2412 2454 2461 Ostensum
2488 2426 2523 2461 a
2553 2412 2720 2461 variis
2751 2411 2975 2462 medicis
2999 2419 3065 2461 st·

585 2515 687 2564 que
722 2500 961 2564 inprimis
996 2513 1029 2548 a
1062 2499 1267 2549 Thema
1302 2498 1612 2549 Bartholino
1649 2497 1686 2548 1.
1711 2499 1744 2547 i.
1769 2513 1813 2547 c.
1841 2503 1936 2560 est,
1970 2499 2280 2563 sanguinem
2317 2498 2609 2548 secundum
2637 2497 2819 2564 legem
2856 2505 3067 2548 naturae

583 2585 766 2636 morbo
809 2586 1101 2635 laborantis
1144 2601 1209 2634 ex
1233 2584 1501 2636 hominum
1527 2585 1838 2650 corporibus
1864 2584 2132 2634 exstillare
2157 2585 2397 2634 subinde.
2435 2585 2597 2634 Haud
2633 2601 2762 2636 vero
2797 2599 2936 2635 vasa.
2965 2585 3066 2636 the-

584 2686 797 2721 saurum
822 2669 968 2722 illum
994 2673 1267 2737 sanguinis
1284 2673 1341 2721 in
1360 2672 1597 2738 angustis
1622 2671 1861 2720 cutaneis
1887 2676 2193 2720 contentum
2214 2670 2372 2720 facile
2397 2670 2692 2733 effundunt,
2727 2673 2834 2721 nisi
2849 2673 2986 2722 vitio
3003 2672 3066 2722 la·

584 2759 789 2808 borent.
826 2757 1022 2807 Verum
1048 2759 1103 2807 in
1136 2773 1357 2824 corpore
1381 2773 1491 2808 non
1516 2758 1762 2807 morboso
1789 2756 1900 2806 fieri
1935 2759 2026 2806 vix
2060 2758 2198 2807 solet
2232 2759 2334 2808 nisi
2369 2773 2402 2808 a
2437 2773 2628 2823 magno
2664 2759 2826 2808 animi
2863 2758 3066 2808 affectu.

584 2845 835 2910 Magnam
859 2845 1019 2893 animi
1044 2845 1437 2894 contentionem
1464 2844 1739 2894 intendere
1771 2848 1966 2893 motum
1994 2845 2282 2908 sanguinis,
2333 2860 2557 2908 eumque
2580 2859 2677 2909 per
2701 2845 2908 2894 minora
2943 2860 3066 2894 vasa

584 2931 690 2979 iam
716 2929 955 2994 dilatata,
994 2945 1130 2994 quae
1165 2930 1283 2995 lege
1308 2930 1537 2980 naturali
1563 2931 1742 2980 subire
1767 2945 1874 2980 non
1901 2930 2052 2992 solet,
2080 2931 2255 2994 urgeri
2281 2929 2579 2996 expellique
2603 2945 2766 2995 posse
2789 2930 2938 2981 hand
2963 2931 3068 2981 infi-

586 3018 794 3067 ciantur
828 3017 1047 3080 medici,
1084 3031 1219 3082 quos
1256 3017 1379 3067 vide
1416 3017 1559 3082 apud
1594 3016 1990 3077 Bartholinum,
2040 3015 2105 3065 de
2155 3031 2314 3066 cruce
2357 3016 2554 3066 Christi
2589 3017 2844 3082 hypomn.
2879 3018 2974 3067 IV.
3010 3018 3067 3067 de

586 3103 777 3152 sudore
821 3103 1132 3167 sanguineo.
1171 3103 1253 3152 ed.
1290 3102 1461 3168 Lugd.
1498 3103 1560 3153 B.
1591 3104 1738 3153 1695.
1777 3120 1829 3168 p.
1859 3103 1975 3151 184.
2013 3117 2056 3152 s.
2095 3102 2404 3166 Grunerum,
2444 3103 2508 3152 de
2545 3103 2596 3152 J.
2625 3103 2684 3153 C.
2723 3109 2891 3153 morte
2926 3119 3066 3154 vera.

586 3189 709 3239 Hal.
740 3190 889 3239 1805.
926 3206 978 3254 p.
1005 3191 1087 3252 32,
1125 3204 1167 3240 s.
1196 3191 1310 3239 109.
1350 3204 1391 3238 s.
1436 3191 1659 3252 Trusen,
1697 3188 2042 3253 Darstellung
2079 3188 2172 3238 der
2207 3189 2334 3238 bibl.
2373 3189 2760 3240 Krankheiten.
2793 3207 2846 3256 p.
2876 3193 2994 3241 179.
3027 3207 3066 3239 s.

584 3274 840 3338 Fridrich‚
879 3290 974 3326 zur
1007 3275 1177 3326 Bibel.
1214 3276 1415 3325 Nnmb.
1456 3277 1605 3328 1848.
1644 3276 1688 3337 1,
1715 3277 1832 3326 283.
1871 3275 2090 3337 Stroud,
2129 3290 2164 3324 a
2197 3277 2416 3326 treatise
2455 3292 2524 3326 on
2563 3276 2654 3326 the
2677 3277 2884 3342 physic.
2909 3293 3064 3328 cause

586 3363 647 3412 of
676 3362 766 3412 the
803 3362 963 3412 death
1002 3362 1061 3412 of
1093 3361 1281 3413 Christ.
1337 3362 1509 3412 Lond.
1548 3363 1700 3412 1847.
1737 3379 1790 3427 p.
1819 3365 1935 3411 379.
1962 3376 2003 3414 s.
2059 3363 2354 3426 Loenartz,
2404 3362 2470 3412 de
2513 3361 2711 3412 sudore
2757 3364 3064 3429 sanguineo.

585 3451 718 3500 Bon.
756 3450 904 3500 1850.
958 3449 1022 3498 Id
1081 3465 1207 3500 vero
1263 3449 1331 3498 ab
1380 3448 1623 3499 inaudita
1669 3449 1864 3498 Christi
1923 3449 2120 3513 agonia
2165 3450 2453 3513 contigisse
2505 3463 2548 3498 s.
2595 3449 2774 3499 Lucas
2809 3450 3065 3514 significat

587 3539 671 3598 22,
697 3537 777 3585 44.
820 3535 985 3596 „Cum
1011 3535 1259 3586 videlicet
1284 3551 1375 3584 cor
1399 3537 1830 3585 contremisceret
1865 3541 1920 3585 et
1951 3549 2076 3585 ossa
2099 3535 2350 3596 similiter,
2389 3550 2453 3585 ac
2479 3551 2570 3586 cor
2593 3537 2828 3600 speciem
2852 3536 3064 3586 haberet

586 3623 928 3688 liquescentis
964 3624 1019 3671 in
1053 3627 1291 3672 ventrem
1330 3637 1509 3684 cerae,
1566 3627 1625 3671 ut
1676 3623 1928 3672 sciremus
1977 3622 2190 3670 Patrem
2235 3621 2470 3671 voluisse
2515 3622 2674 3671 etiam
2721 3623 2776 3670 in
2812 3622 3064 3672 eiusmodi

587 3709 1018 3775 perpessionibus
1054 3707 1250 3757 Filium
1286 3722 1439 3757 suum
1474 3723 1599 3758 vere
1634 3713 1850 3774 propter
1872 3723 1970 3758 nos
1999 3709 2216 3771 versari,
2262 3724 2400 3759 neve
2425 3709 2719 3758 diceremus
2754 3708 2916 3772 illum,
2953 3725 3064 3758 cum

586 3795 687 3845 Dei
725 3795 891 3844 Filius
930 3799 1087 3857 esset,
1124 3810 1231 3844 non
1267 3795 1522 3856 sensisse,
1560 3809 1698 3859 quae
1735 3795 1784 3844 ei
1816 3795 2019 3845 inflicta
2053 3799 2190 3857 sunt,
2229 3809 2472 3860 quaeque
2507 3796 2559 3844 ei
2594 3794 2950 3846 acciderunt.-
2987 3795 3064 3844 Ita

588 3881 711 3932 olim
746 3881 853 3930 iam
890 3881 1042 3931 divus
1067 3881 1329 3944 Justinus,
1356 3879 1551 3946 dialog.
1590 3897 1636 3930 c.
1662 3881 1931 3946 Tryphon.
1968 3897 2019 3930 n.
2049 3883 2163 3931 103.
2202 3898 2253 3946 p.
2281 3882 2400 3932 355.
2435 3882 2550 3930 Nec
2585 3882 2663 3930 sic
2699 3881 2890 3946 quodsi
2923 3881 3062 3930 salva

588 3969 845 4035 dig-nitate
883 3969 1065 4018 divina
1100 3967 1308 4018 Christo
1346 3967 1495 4017 licuit
1527 3969 1700 4033 ipsam
1747 3973 1966 4018 mortem
2013 3968 2216 4031 subire3
2265 3967 2451 4018 eadem
2498 3967 2729 4034 dignitas
2780 3967 2959 4017 divina
3001 3983 3062 4015 ne.

587 4055 713 4121 quid
760 4055 949 4106 exinde
1000 4055 1297 4105 detrimenti
1342 4055 1568 4119 ceperit,
1625 4054 1768 4120 quod
1813 4056 1994 4105 mortis
2038 4056 2294 4120 impetum
2329 4054 2573 4116 sentiret,
2624 4055 2917 4104 verendum
2971 4063 3060 4103 cst.

586 4141 729 4192 Nihil
763 4142 901 4191 enim
927 4157 1121 4204 eorum,
1160 4155 1298 4206 quae
1334 4140 1599 4190 humanae
1634 4147 1858 4191 naturae
1895 4142 2232 4204 conveniunt,
2271 4156 2306 4190 a
2340 4156 2397 4190 se
2435 4140 2672 4190 alienum
2711 4157 2830 4192 esse
2867 4142 3062 4206 putavit

586 4230 771 4290 Jesus,
824 4229 1171 4293 omnibusque
1208 4229 1365 4278 sortis
1401 4227 1666 4278 hnmanae
1712 4227 1890 4291 malis,
1949 4227 2296 4278 incommodis
2346 4231 2399 4276 et
2445 4225 2700 4276 molestiis
2737 4229 3062 4284 exercitatus.

586 4314 899 4365 sollicitatus
927 4321 982 4366 ct
1003 4316 1255 4380 fatigatus
1280 4319 1363 4364 est
1378 4319 1515 4366 teste
1531 4314 1792 4380 Apostolo
1818 4314 1888 4364 ad
1907 4313 2074 4364 Hebr.
2100 4314 2148 4375 4,
2179 4314 2260 4364 15.
2285 4313 2360 4364 Ut
2383 4328 2488 4377 qno
2513 4313 2695 4378 plures
2725 4319 2780 4364 et
2803 4314 3062 4379 graviores

586 4403 702 4467 ipse
736 4416 1021 4467 perpessus
1060 4406 1141 4452 est
1176 4402 1531 4464 calamitates,
1580 4417 1644 4451 eo
1689 4401 1900 4452 facilius
1948 4417 2103 4466 opem
2149 4400 2284 4450 ferre
2331 4400 2500 4464 possit
2548 4399 2857 4451 mortalium
2891 4401 3062 4466 generi

587 4489 738 4538 varia
772 4489 984 4537 miseria
1019 4503 1219 4553 presso.
1258 4487 1336 4538 Id.
1374 4488 1537 4538 Hebr.
1577 4491 1625 4550 2,
1651 4489 1700 4538 8.
1756 4488 1908 4537 Haec
1959 4487 2153 4538 Christi
2203 4487 2399 4537 orantis
2445 4501 2656 4551 pugna,
2695 4485 2830 4536 haec
2865 4487 3058 4552 agonia,

588 4574 730 4624 unde
766 4574 1047 4638 sanguinei
1088 4573 1294 4622 sudoris
1343 4575 1507 4638 origo.
