3267 5259
613 432 741 497 252
1360 446 1552 489 Dedecus
1582 446 1946 498 Disqnisitionum
1973 446 2326 499 theologicarum.

601 625 684 696 X,
742 630 841 683 35.
890 646 947 701 p.
1000 630 1141 684 294.
1188 627 1244 683 J.
1293 628 1619 699 GretseruS,
1671 629 1741 685 de
1785 650 1830 686 s.
1879 646 2050 685 cruce
2094 628 2146 699 1,
2199 632 2300 686 22.
2347 648 2402 703 p.
2455 632 2556 685 34.
2625 628 2972 699 Menochius,
3011 630 3066 685 de

602 730 905 806 republica
956 729 1379 789 Hebraeorum.
1446 732 1619 803 VIII,
1673 736 1730 789 2.
1777 752 1836 807 p.
1889 736 2031 790 739.
2093 732 2384 809 Sylveira,
2439 750 2648 790 comm.
2696 732 2762 790 in
2807 739 2950 791 text.
2995 754 3068 791 ev.

602 834 669 893 T.
718 834 788 892 V.
836 834 877 892 l.
927 834 1104 905 VIII,
1157 840 1213 893 5.
1262 856 1318 911 p.
1369 840 1514 893 425.
1566 840 1668 893 26.
1715 834 1776 893 S.
1823 836 2160 907 Bar-radius,
2209 836 2428 894 Comm.
2475 838 2542 894 in
2587 854 2748 895 conc.
2803 836 2940 907 VII,
2985 841 3064 893 12.

605 960 661 1015 p.
714 942 858 997 342.
908 939 1165 1013 Langen,
1236 940 1274 997 l.
1322 960 1373 997 o.
1421 960 1477 1015 p.
1530 944 1707 1010 305.;
1773 939 1875 1017 qui
1937 940 2438 1011 animadvertunt,
2487 942 2784 999 neminem
2831 940 3062 1016 reperiri,

606 1044 709 1120 qui
740 1044 933 1100 dicere
966 1062 1137 1101 ausus
1182 1052 1296 1101 est:
1344 1042 1577 1101 nullum
1624 1062 1884 1122 unquam
1931 1043 2027 1101 vel
2073 1045 2352 1102 vestitum
2395 1044 2492 1101 vel
2537 1046 2800 1119 tegmine
2827 1045 3066 1121 quopiam

606 1148 763 1205 circa
806 1152 1002 1223 partes
1046 1149 1381 1206 secretiores
1426 1154 1694 1225 opertum
1752 1166 1927 1223 penes
1972 1147 2264 1206 Romanos
2322 1150 2388 1207 in
2433 1167 2662 1206 crucem
2711 1155 2906 1206 actum
2945 1146 3069 1205 esse?

612 1252 943 1325 Vestigium
1005 1252 1183 1309 huius
1244 1252 1365 1311 veli
1427 1256 1623 1311 exstat
1685 1253 1750 1309 in
1809 1258 2008 1310 vetere
2051 1272 2292 1311 nummo
2337 1272 2514 1311 aureo
2557 1254 2899 1327 graecanjco
2939 1252 3064 1328 apud

608 1356 895 1432 Lipsium‚
958 1356 1021 1413 in
1082 1362 1204 1415 not.
1268 1358 1340 1415 ad
1401 1358 1439 1415 l.
1506 1357 1591 1414 11.
1655 1358 1726 1413 de
1771 1376 1960 1413 cruce.
2007 1376 2066 1433 p.
2119 1362 2262 1435 682.
2325 1358 2383 1415 d.
2453 1358 2816 1436 Aquisgrani
2875 1376 3067 1414 summa
3169 1409 3176 1418 .

604 1460 983 1519 veneratione
1028 1461 1244 1519 colitur
1288 1461 1537 1519 linteum
1582 1468 1962 1533 asservatum,
2011 1480 2125 1539 quo
2155 1462 2421 1520 Christus
2469 1464 2536 1519 in
2567 1462 2832 1537 tegendis
2863 1480 3063 1537 oooper-

606 1569 701 1621 tus
768 1564 903 1622 fuit..
968 1564 1056 1622 cf.
1104 1565 1185 1623 Η.
1232 1566 1293 1623 ο.
1342 1565 1535 1637 mosa,
1602 1546 2058 1639 geschichtliohe
2111 1566 2514 1624 Nachrichoen
2581 1571 2642 1625 ιι.
2691 1568 2750 1625 d.
2797 1568 3070 1623 Amasene:

609 1667 1068 1742 Heiligthiimer.
1116 1670 1303 1727 Bonn.
1358 1673 1543 1727 1858.
1577 1690 1634 1745 p.
1686 1674 1831 1727 322.
1877 1690 1923 1727 s.
2011 1670 2148 1727 Jam
2199 1689 2338 1727 vero
2393 1670 2672 1729 credibile
2718 1690 2838 1730 non
2881 1676 2962 1728 est
3001 1676 3068 1727 tot

603 1790 893 1831 annorum
924 1773 1207 1831 centuriis
1242 1772 1509 1831 fidelium
1551 1775 1621 1832 de
1667 1774 1776 1831 hoc
1804 1773 1990 1831 linteo
2019 1773 2519 1832 existimationem
2547 1794 2586 1833 a
2611 1794 2756 1833 vero
2787 1778 3070 1833 aberrasse.

602 1876 870 1954 Denique
914 1880 1167 1953 probant
1210 1880 1269 1935 id
1316 1878 1543 1936 laudati
1588 1880 1902 1953 scriptores
1947 1898 1996 1935 e.
2043 1897 2120 1934 ex
2165 1877 2520 1937 revelatione
2566 1880 2624 1937 b.
2671 1879 2973 1953 Brigittae,
3015 1879 3072 1935 de

602 1981 731 2039 vita
774 1986 834 2039 et
876 2002 1023 2057 pass.
1072 1982 1126 2039 J.
1174 1980 1237 2040 C.
1285 2001 1333 2040 c.
1390 1987 1487 2040 16.
1536 1982 1624 2040 ed.
1673 1982 1920 2040 Heuser.
1969 1982 2088 2039 Col.
2143 1987 2300 2040 1851
2355 2003 2412 2058 Ρ.
2466 1988 2608 2041 160.
2695 1983 2928 2041 Similia
2979 1984 3068 2039 ha-

602 2087 819 2144 bentur
863 2085 927 2142 in
975 2088 1047 2145 A.
1096 2086 1449 2144 Catharinae
1492 2086 1850 2163 Emmerich,
1913 2088 2014 2145 das
2077 2088 2292 2144 bittere
2335 2086 2556 2144 Leiden
2617 2106 2824 2145 unsers
2889 2087 3066 2145 Herm

600 2191 657 2248 J.
704 2190 767 2248 O.
816 2190 1012 2247 Sulzb.
1068 2194 1251 2248 1837.
1300 2211 1358 2266 Ρ.
1411 2196 1553 2249 259.
1602 2189 1889 2254 Quamvis
1933 2192 2080 2249 bene
2125 2192 2350 2248 attendi
2381 2192 2606 2263 debeat,
2653 2194 2729 2249 ad
2761 2193 2908 2250 illud
2937 2191 3066 2268 quod

604 2295 673 2351 de
717 2294 811 2353 his
856 2315 901 2351 s.
952 2294 1267 2352 mulierum
1314 2294 1773 2353 revelationibus
1813 2294 1887 2351 D.
1923 2295 2371 2370 Papebrochius,
2419 2294 2480 2352 S.
2511 2296 2568 2352 J.
2599 2315 2632 2352 e
2661 2304 2830 2354 coetu
2859 2295 3072 2353 Bollan-

604 2399 795 2469 diano,
843 2400 906 2456 in
952 2418 1143 2457 exam.
1192 2399 1552 2475 praeambul.
1600 2400 1928 2457 sebastiani
1977 2418 2014 2455 a
2057 2399 2115 2456 S.
2163 2398 2352 2456 Paulo
2397 2406 2509 2457 art.
2543 2399 2696 2457 XX.
2743 2419 2805 2457 n.
2841 2405 2895 2457 1.
2941 2410 3076 2456 recte

604 2504 859 2561 monuit:
909 2504 992 2572 ,in
1038 2503 1256 2561 talibus
1300 2503 1455 2561 nihil
1510 2524 1629 2561 esse
1675 2503 1972 2579 praesidii,
2037 2504 2110 2560 ad
2169 2506 2536 2580 quaestiones
2599 2524 2748 2579 pure
2790 2503 3074 2562 historicas

602 2626 705 2665 seu
748 2626 943 2665 sacrae
987 2606 1141 2679 illae,
1190 2628 1293 2665 seu
1322 2608 1598 2683 profanae
1634 2608 1774 2680 sint,
1811 2608 2198 2677 dirimendas3
2247 2608 2490 2685 proinde
2521 2608 2678 2665 nihil
2709 2608 2852 2685 ipsis
2879 2606 3078 2665 sanctis

603 2713 853 2782 detrahi,
904 2730 1037 2769 cum
1080 2711 1292 2770 talium
1334 2713 1555 2771 veritas
1602 2712 1756 2770 citra
1799 2712 1972 2770 illum
2017 2714 2088 2770 ad
2134 2712 2290 2789 ipsas
2335 2720 2680 2789 respectum,
2731 2717 2972 2771 vocatur
3023 2712 3076 2768 in

606 2819 1079 2887 controversiam,
1128 2816 1367 2875 aliunde
1396 2818 1700 2892 probanda
1729 2816 1826 2876 vel
1855 2816 2252 2875 infirmanda!
2301 2820 2454 2875 Acta
2483 2818 2836 2875 Sanctorum
2861 2816 3078 2875 Bollan-

606 2920 782 2978 diana
834 2920 1153 2979 vindicata.
1221 2926 1406 2980 Antv.
1475 2926 1549 2978 17
1560 2926 1660 2979 55.
1731 2941 1787 2997 Ρ.
1839 2926 1983 2979 609.
2073 2920 2220 2980 Cum
2277 2922 2478 2999 itaque
2531 2940 2722 2999 neque
2765 2921 3080 2979 testimonis

605 3024 912 3097 Veterum,
977 3044 1163 3103 neque
1222 3024 1600 3100 crucifigendi
1657 3027 2010 3084 consuetudo
2067 3026 2460 3084 omnimodam
2519 3028 2740 3103 absque
2795 3024 2913 3083 ullo
2965 3023 3078 3079 velo

606 3130 933 3188 nuditatem
964 3128 1256 3200 evincant,
1306 3130 1629 3206 pictoribus
1671 3131 1914 3188 minime
1956 3148 2386 3189 succensemus:
2433 3132 2538 3208 qui
2583 3130 2890 3188 Christum
2933 3147 3080 3187 renes

478 3258 490 3271 ·
606 3234 789 3293 linteo
833 3239 1163 3295 contectum
1207 3234 1520 3309 effingunt.

816 3340 1159 3417 Sequitur
1218 3340 1662 3416 disceptatio
1715 3340 1795 3397 de
1858 3338 2234 3399 clavorum
2293 3338 2678 3397 affixione.
2769 3338 3080 3397 cruciarios

610 3443 924 3522 aliquando
1000 3444 1243 3502 funibus
1318 3448 1553 3501 tantum
1619 3445 1926 3503 adstrictos
1985 3442 2048 3501 in
2109 3462 2278 3501 cruce
2339 3444 2678 3520 pependisse
2692 3488 2705 3514 ,
2776 3444 3080 3519 probarunt

608 3546 860 3623 Lipsius,
895 3550 965 3605 de
996 3566 1165 3606 cruce
1196 3548 1283 3619 ΙΙ,
1314 3554 1371 3606 8.
1396 3568 1455 3623 Ρ.
1484 3552 1627 3606 660.
1661 3553 1721 3606 et
1749 3549 1808 3606 J.
1835 3548 2156 3618 Gretserus‚
2191 3546 2247 3605 d.
2273 3567 2324 3606 e.
2351 3548 2403 3618 Ι,
2437 3552 2535 3605 19.
2569 3568 2627 3623 Ρ.
2658 3552 2792 3617 28.;
2839 3546 3079 3622 plerum-

611 3670 723 3727 que
766 3658 962 3710 tamen
1008 3652 1190 3712 clavis
1220 3651 1398 3710 fiebat
1427 3651 1756 3711 crucifixio.
1804 3653 1903 3710 Ita
1931 3671 2160 3730 quoque
2191 3670 2324 3709 cum
2353 3652 2590 3710 Christo
2619 3652 2873 3710 Domino
2902 3662 3082 3708 actum

607 3762 712 3814 est.
760 3755 929 3813 Unde
972 3756 1031 3813 S.
1079 3756 1328 3815 Thomas
1374 3757 1790 3815 resurrectioni
1836 3756 2160 3814 dominicae
2205 3774 2503 3815 assensum
2545 3757 2808 3815 nondum
2839 3774 3079 3813 accomo-

610 3862 754 3919 dans
799 3850 1053 3919 dicebat}
1102 3862 1238 3931 ,nisi
1283 3862 1486 3919 videro
1526 3864 1591 3917 in
1639 3861 1910 3919 manibus
1939 3861 2064 3918 eius
2093 3860 2354 3918 fixuram
2391 3860 2714 3931 clavorum,
2763 3866 2822 3917 et
2865 3861 3084 3917 mittam

608 3966 863 4040 digitum
914 3985 1110 4023 meum
1158 3967 1223 4022 in
1268 3964 1459 4023 locum
1504 3964 1838 4037 clavorum,
1903 3984 2024 4023 non
2082 3965 2356 4022 credam!
2417 3964 2630 4021 Joann.
2683 3968 2784 4033 20,
2835 3970 2932 4021 25.
3019 3962 3082 4018 Id

607 4072 849 4145 negavit
890 4070 959 4127 E.
1008 4070 1078 4128 G.
1125 4070 1343 4127 Paulus
1387 4074 1448 4127 et
1488 4070 1563 4127 D.
1610 4070 1870 4140 Strauss,
1920 4088 2168 4147 quorum
2213 4075 2560 4143 argumenta
2604 4068 2908 4127 subtiliter
2947 4086 3082 4123 exa·

608 4177 864 4233 minavit
922 4180 1096 4252 atque
1158 4174 1375 4232 eximie
1438 4174 1724 4232 refutavit
1777 4174 1834 4231 J.
1883 4173 1951 4231 L.
2008 4173 2168 4247 Hug,
2229 4172 2511 4230 zeitschr.
2555 4172 2600 4230 f.
2633 4173 2692 4230 d.
2725 4173 2796 4231 G.
2828 4174 2884 4229 d.
2915 4172 3083 4227 Erzb.

608 4278 804 4337 Freib.
853 4279 977 4349 ΙΙΙ,
1030 4282 1172 4336 168.
1220 4298 1266 4336 s.
1314 4278 1385 4349 V,
1440 4282 1581 4336 102.
1628 4298 1705 4348 s.;
1754 4278 1966 4355 quibus
2009 4278 2276 4335 addenda
2316 4281 2458 4334 sunt
2499 4277 2682 4334 etiam
2728 4296 2872 4353 quae
2899 4276 3086 4332 docuit

609 4382 921 4454 Friedlieb‚
972 4384 1152 4440 Arch.
1198 4384 1256 4440 d.
1304 4382 1716 4457 Leidengesch.
1763 4401 1820 4458 p.
1873 4384 2014 4438 144.
2061 4402 2108 4437 s.
2155 4386 2216 4438 et
2259 4380 2516 4453 Langen,
2565 4380 2608 4438 l.
2655 4399 2706 4438 c.
2753 4401 2811 4455 p.
2857 4383 2998 4437 313.
3041 4398 3084 4432 s.

610 4487 793 4544 Porro
836 4488 989 4563 quod
1034 4486 1107 4544 ad
1152 4487 1345 4544 clavos
1390 4488 1623 4557 attinet,
1681 4486 1898 4561 passim
1943 4486 2238 4543 habentur
2279 4484 2502 4543 multae
2544 4490 2774 4543 veteres
2815 4484 3090 4557 imagines

608 4589 645 4649 J
647 4608 748 4647 esu
792 4590 1063 4647 crucifixi
1109 4596 1361 4671 quatuor
1405 4589 1605 4649 clavis.
1654 4589 1742 4648 Cf.
1789 4590 1876 4648 St.
1923 4590 2155 4665 Bor-gia,
2204 4590 2274 4647 de
2317 4588 2502 4648 Gruce
2549 4590 2836 4648 Vaticana
2887 4606 3089 4646 comm.
