3267 5259
653 454 884 506 XCVIII
1484 468 1730 520 Apparatus
1757 469 1977 511 nistorico
1990 492 2042 499 —
2058 468 2311 511 Chi-unicus.

658 671 710 708 a.
763 654 863 707 67.
917 652 978 707 et
1031 652 1134 707 68.
1179 650 1461 724 scriptam
1510 648 1793 706 habemus
1844 648 2151 724 epistolam
2204 668 2250 706 s.
2286 648 2504 720 Judae,
2562 656 2721 708 certe
2775 656 2975 708 autem
3016 659 3127 709 ante

659 754 955 812 excidium
1001 752 1164 811 urbis
1206 753 1548 811 Jerusalem.
1612 752 1832 831 Liquet
1860 753 1919 811 id
1952 770 2003 808 α.
2036 772 2111 810 ex
2158 752 2470 812 collatione
2500 756 2846 829 argumenti
2879 756 3127 831 epistolae

657 858 822 916 Petri
865 858 1203 933 posterioris
1249 864 1306 916 et
1349 858 1668 917 catholicae
1714 878 1757 914 s.
1791 857 1828 913 J
1832 858 1996 915 udae.
2060 857 2388 937 Utramque
2434 860 2747 935 epistolam
2801 879 2927 918 non
2970 860 3127 918 solum

658 962 899 1020 consilio
929 967 989 1019 et
1032 968 1409 1037 argument03
1459 964 1556 1020 sed
1603 964 1784 1020 etiam
1830 963 2101 1033 dictione,
2154 961 2351 1019 allatis
2384 963 2687 1039 exemplis,
2738 966 2864 1021 imo
2908 964 3127 1038 sing-ulis

659 1067 856 1125 verbis
902 1068 1160 1124 maxime
1191 1086 1525 1141 congruere,
1577 1066 1843 1124 fatentur
1887 1086 2103 1137 omnes,
2148 1086 2325 1143 penes
2356 1086 2499 1146 quos
2528 1068 2642 1126 hac
2670 1068 2743 1125 de
2773 1088 2839 1126 re
2872 1068 3127 1125 iudicium

657 1175 761 1229 est.
823 1171 1076 1231 Omnino
1115 1171 1298 1229 statui
1340 1172 1510 1229 debet
1553 1172 1731 1229 unius
1774 1173 2135 1246 scriptorem,
2183 1171 2431 1229 alterius
2468 1172 2757 1248 scriptum
2804 1191 2945 1230 cum
2982 1192 3125 1229 suum

661 1280 948 1348 exararet,
1005 1281 1142 1334 ante
1193 1276 1386 1334 oculos
1435 1276 1709 1334 habuisse
1736 1273 1772 1333 ¹.
1848 1275 2003 1333 Sunt
2055 1277 2312 1335 rationes
2362 1277 2689 1352 permultae
2734 1282 2798 1333 et
2842 1278 3127 1334 admodum

659 1400 883 1455 graves,
917 1401 991 1439 ex
1023 1385 1237 1439 natura
1265 1386 1325 1439 et
1353 1380 1546 1438 indole
1576 1381 1884 1458 utriusque
1916 1380 2193 1455 epistolae
2224 1381 2384 1439 inter
2411 1402 2472 1439 se
2510 1386 2849 1457 comparata
2880 1386 3124 1457 repeten-

659 1486 782 1556 dae,
817 1504 964 1563 quae
993 1486 1050 1543 d.
1080 1485 1117 1542 J
1119 1486 1294 1542 udam
1332 1485 1534 1543 literas
1563 1506 1608 1542 s.
1642 1483 1805 1542 Petri
1836 1488 1973 1542 ante
2004 1484 2197 1543 oculos
2226 1485 2499 1544 habuisse
2528 1487 2787 1561 probant
2804 1483 2848 1543 ².
2908 1486 3127 1543 Gravis·

660 1588 872 1647 simum
921 1589 1098 1647 huius
1141 1591 1463 1647 sententiae
1509 1593 1923 1664 argumentum
1970 1588 2106 1647 inde
2136 1590 2379 1665 petitur,
2432 1592 2587 1669 quod
2616 1611 2665 1647 s.
2699 1592 2915 1647 Petrus
2944 1609 3127 1666 pravos

661 1694 920 1751 doctores
963 1695 1133 1751 sistat
1175 1693 1364 1753 veluti
1412 1696 1516 1771 qui
1560 1714 1784 1752 errores
1833 1696 2161 1765 seminant3
2210 1696 2267 1753 (1.
2300 1696 2338 1753 J
2339 1697 2483 1753 udas
2513 1700 2714 1753 autem
2744 1716 2838 1753 eos
2874 1701 3129 1773 tanquam

662 1798 807 1855 tales
837 1799 1140 1870 describat,
1175 1800 1278 1877 qui
1309 1818 1584 1874 perversa
1613 1819 1719 1856 sua
1748 1798 1965 1874 placita
1994 1800 2113 1856 iam
2158 1799 2443 1857 latissime
2486 1799 2881 1874 divulgarunt
2901 1798 2945 1858 ³.
3004 1798 3127 1855 Cum

661 1901 821 1959 enim
867 1903 1150 1959 haeretici
1195 1902 1308 1971 illi,
1357 1908 1562 1961 contra
1590 1922 1733 1980 quos
1778 1908 2002 1977 pugnat
2044 1924 2091 1961 S.
2124 1904 2350 1976 Petrus,
2400 1924 2520 1961 sese
2560 1904 2681 1961 iam
2712 1904 2831 1961 late
2862 1904 3131 1961 diffunde-

661 2010 811 2077 rent,
860 2007 914 2063 d.
948 2007 1129 2064 Judas
1175 2008 1246 2063 ad
1293 2007 1697 2064 cohortandos
1719 2006 2098 2079 Christianos,
2152 2027 2293 2086 quos
2340 2010 2414 2067 ad
2452 2008 2627 2066 fidem
2674 2009 2799 2084 ipse
2842 2008 3129 2072 convertit,

661 2110 860 2167 literas
890 2111 1029 2169 dare
1073 2110 1351 2169 decrevit.
1413 2110 1591 2169 Lecta
1638 2110 1835 2189 itaque
1878 2132 1925 2169 S.
1958 2112 2120 2169 Petri
2168 2112 2429 2188 epistola,
2481 2116 2543 2171 in
2590 2112 2913 2189 apostolica
2956 2112 3129 2168 humi-

661 2213 832 2271 litate
877 2214 1206 2289 perspexit:
1263 2233 1323 2270 se
1370 2214 1542 2290 plura
1593 2215 1947 2293 melioraque
1992 2216 2248 2274 scribere
2292 2237 2411 2275 non
2456 2237 2617 2292 posse
2638 2215 2681 2275 ⁴.
2746 2213 2800 2286 β.
2850 2217 3131 2274 S.-Judam

663 2316 1009 2392 Apostolum
1040 2324 1175 2375 ante
1205 2318 1502 2375 excidium
1530 2318 1566 2377 J
1569 2320 2026 2396 erosolymarum
2066 2322 2378 2398 scripsisse,
2427 2322 2585 2379 haud
2617 2340 2927 2398 perperam
2976 2322 3129 2377 infer-

663 2426 794 2479 tur:
830 2441 904 2478 ex
935 2421 1218 2497 exemplis
1251 2420 1545 2481 vindictae
1577 2423 1815 2480 divinae
1858 2425 1923 2481 in
1953 2424 2165 2500 impios
2185 2424 2228 2483 ⁵.
2292 2426 2355 2489 Si
2396 2427 2555 2483 enim
2596 2430 2729 2501 post
2776 2425 2991 2483 ultima
3028 2425 3129 2481 fata

663 2524 828 2583 urbis
872 2526 1194 2584 Jerusalem
1239 2528 1578 2602 scripsisset,
1627 2526 1787 2585 inter
1831 2527 1952 2586 alia
1979 2529 2090 2585 hoc
2120 2530 2507 2587 novissimum
2552 2529 2939 2607 omniumque
2968 2529 3129 2585 maxi-

665 2650 846 2701 mum,
897 2636 957 2688 et
1001 2632 1074 2689 ab
1107 2632 1230 2706 ipso
1261 2631 1493 2689 Christo
1536 2632 1707 2689 toties
1752 2633 2069 2691 incredulis
2106 2632 2143 2689 J
2146 2633 2345 2691 udaeis
2390 2634 2771 2709 praedictum,
2822 2632 3129 2707 exemplum

663 2734 728 2791 in
781 2735 1036 2792 medium
1091 2736 1349 2811 proferre
1398 2756 1514 2793 non
1574 2736 1862 2795 omisisset
1882 2737 1923 2793 ⁶.
2004 2737 2331 2801 Quominus
2391 2738 2643 2816 denique
2706 2758 2841 2795 cum
2908 2731 3131 2812 ἀκριβείᾳ

667 3011 727 3045 ex
770 2996 962 3059 quibus
999 2995 1243 3044 versibus
1281 2996 1518 3059 sequitur
1541 2994 1854 3060 Apostolum
1892 3000 2015 3060 post
2037 2994 2251 3044 vincula
2276 2995 2445 3059 prima
2468 2992 2829 3059 Evangelium
2858 3010 2957 3059 per
2981 2994 3133 3043 orbem

665 3086 919 3131 terrarum
953 3081 1341 3131 disseminasse.
1393 3081 1656 3141 Quoniam
1683 3082 1732 3143 4,
1760 3084 1843 3131 21.
1898 3080 2233 3129 Timotheum
2259 3086 2427 3145 rogat,
2455 3085 2513 3129 ut
2536 3080 2754 3129 festinet
2784 3085 2910 3129 ante
2936 3080 3132 3128 hiemem

665 3170 864 3230 venire,
899 3168 1026 3218 inde
1063 3167 1376 3217 sumendum
1403 3170 1502 3217 crit
1531 3170 1770 3233 tempore
1806 3169 2046 3217 autumni
2072 3170 2155 3217 66.
2184 3168 2232 3217 (1.
2270 3167 2497 3217 Paulum
2534 3166 2677 3216 hanc
2714 3166 2999 3231 epistolam
3030 3165 3131 3215 scri-

665 3257 852 3321 psisse.
892 3254 971 3305 Cf.
997 3255 1048 3305 J.
1071 3255 1120 3304 d.
1146 3255 1309 3317 Bosii,
1339 3270 1509 3304 exerc.
1538 3255 1606 3304 ad
1631 3254 1701 3303 ΙΙ.
1728 3254 1861 3303 Tim.
1888 3256 1937 3315 2,
1965 3256 2050 3303 22.
2087 3253 2215 3303 Intr.
2243 3256 2299 3303 iu
2324 3254 2443 3303 Not.
2472 3253 2662 3318 Script.
2690 3252 2774 3302 ed.
2800 3252 3010 3302 W'alch.
3034 3250 3133 3300 add.

664 3342 786 3392 Jen.
815 3344 967 3392 1723.
1005 3358 1056 3407 p.
1083 3342 1200 3392 508.
1249 3342 1312 3391 A.
1337 3341 1576 3407 Bispiug‚
1603 3340 1756 3389 Erkl.
1784 3340 1833 3389 d.
1864 3339 1912 3389 (1.
1940 3340 2371 3390 Pastoralbriefe.
2408 3341 2605 3389 Mflnst.
2636 3342 2789 3397 1855.
2824 3356 2879 3404 p.
2904 3342 3020 3390 232.
3043 3354 3079 3387 s.

877 3404 1035 3494 ¹)'*Cf.
1073 3428 1199 3479 Jud.
1239 3430 1319 3478 17.
1361 3428 1442 3477 18.
1479 3433 1534 3477 et
1567 3427 1641 3477 11.
1679 3428 1793 3477 Pet.
1830 3430 1879 3489 3,
1918 3428 1968 3476 3.
2039 3426 2081 3493 2)
2116 3426 2332 3492 Triplex
2380 3426 2570 3476 modus
2620 3426 2976 3492 explicandae
3009 3426 3127 3474 illius

665 3516 1072 3567 convenientiae
1107 3517 1245 3565 inter
1274 3514 1346 3563 11.
1371 3514 1422 3563 d.
1447 3516 1608 3577 Petri,
1646 3515 1978 3581 potissimum
2004 3530 2049 3563 c.
2076 3515 2124 3563 2.
2156 3530 2207 3578 p.
2234 3515 2285 3576 i.‚
2324 3518 2485 3579 atque
2517 3530 2558 3563 s.
2584 3513 2763 3563 Judae
2796 3512 2977 3563 literas
3009 3526 3129 3576 repe-

666 3604 812 3653 ritur.
873 3603 972 3653 Vel
1007 3608 1234 3667 uterque
1270 3619 1312 3652 s.
1339 3603 1565 3667 scriptor
1603 3617 1668 3651 ex
1704 3617 1831 3651 uno
1870 3600 2189 3649 communi
2228 3600 2503 3664 quodam
2540 3600 2726 3649 fonte
2764 3615 2869 3649 sua
2902 3599 3131 3655 hausisse,

667 3690 754 3739 vel
787 3690 992 3740 ,ludas
1036 3690 1396 3751 Petrinum,
1445 3688 1551 3738 vel
1594 3689 1829 3738 Petrus
1876 3687 2091 3736 ,Iudae
2135 3685 2484 3752 epistolam
2521 3690 2645 3735 ante
2682 3684 2873 3737 oculos
2910 3686 3131 3736 haimim

667 3776 932 3827 statuitur.
985 3775 1090 3826 Sed
1115 3776 1252 3825 liber
1274 3775 1432 3825 huius
1459 3776 1665 3840 generis
1693 3775 1985 3824 communis
2010 3788 2284 3839 nunquam
2310 3774 2534 3835 exsfitit3
2566 3772 2799 3838 ideoque
2827 3773 3131 3823 temerarium

670 3868 766 3925 est,
791 3863 990 3914 fontem
1015 3865 1306 3929 assignare,
1333 3862 1485 3911 cuius
1511 3878 1578 3911 ne
1605 3862 1879 3911 minimum
1906 3860 2119 3926 quidem
2144 3860 2289 3926 apud
2312 3860 2533 3910 Veteres
2565 3859 2982 3925 deprehenditur
3000 3858 3130 3907 vesti-

668 3952 829 4016 gium.
866 3949 946 3999 Cf.
967 3950 1032 4000 Ε.
1053 3950 1150 4000 Ad.
1170 3948 1400 4011 Richter,
1423 3949 1488 3998 de
1510 3949 1711 4013 origine
1732 3948 2041 4014 posterioris
2059 3946 2307 3996 Petrinae
2328 3962 2393 3996 ex
2414 3946 2641 4012 epistola
2658 3947 2837 3997 Judae
2856 3943 3131 4011 repetenda.

666 4039 846 4089 Viteb.
874 4040 1025 4089 1810.
1062 4054 1115 4102 p.
1141 4040 1190 4087 3.
1215 4054 1257 4086 s.
1315 4034 1356 4102 3)
1390 4034 1524 4085 Coll.
1551 4034 1622 4097 11,
1650 4037 1699 4097 2,
1728 4036 1880 4084 1-3.
1910 4036 1989 4083 12.
2026 4036 2076 4096 3,
2103 4036 2152 4082 2.
2207 4033 2249 4097 ⁴)
2290 4032 2511 4083 Omissis
2548 4032 2652 4083 illis
2690 4047 2833 4098 quae
2870 4034 3051 4082 Petrus
3082 4044 3130 4077 ex

669 4141 770 4177 sua
805 4139 1038 4191 persona
1073 4124 1301 4184 dixerat,
1353 4122 1472 4172 aliis
1508 4138 1634 4171 vero
1674 4136 1709 4171 a
1743 4138 1786 4172 s.
1812 4122 1971 4171 Petro
2010 4120 2287 4170 obscurius
2336 4118 2491 4169 dictis
2540 4118 2849 4184 explicatis3
2902 4116 3129 4168 nonnulla

668 4214 924 4280 imprimis
949 4212 1132 4263 habito
1159 4214 1408 4275 respectu
1433 4209 1503 4259 ad
1527 4210 1859 4258 narrationes
1896 4206 2261 4257 traditionales
2300 4207 2382 4257 sui
2420 4207 2537 4255 aevi
2568 4206 2790 4268 addidit,
2830 4206 3033 4271 reliqua
3054 4218 3129 4268 pro

670 4307 830 4366 captu
856 4300 1114 4349 lectorum
1135 4297 1398 4347 instruxit.
1438 4296 1480 4361 ⁵)
1503 4296 1655 4357 Quae
1676 4294 1725 4344 d.
1746 4296 1779 4345 J
1786 4295 1917 4345 udas
1937 4312 1986 4343 v·
2012 4295 2166 4344 5-8.
2192 4292 2426 4359 protulit.
2472 4292 2513 4357 θ)
2534 4292 2655 4341 Hoc
2675 4308 2895 4357 quoque
2914 4294 3133 4342 accurate

670 4388 1009 4438 determinari
1055 4386 1264 4451 nequit,
1312 4399 1382 4434 an
1418 4384 1562 4449 prius
1601 4382 1859 4431 acciderit
1892 4381 2109 4447 scriptio
2154 4379 2440 4444 epistolam,
2492 4394 2651 4444 quam
2687 4378 2869 4428 «Iudae
2918 4372 3131 4445 ἀπογόνοι,

669 4480 885 4540 propter
909 4474 1168 4538 originem
1193 4472 1404 4537 generis
1429 4472 1512 4521 sui
1538 4468 1871 4531 Davidieam,
1898 4474 2033 4519 teste
2059 4468 2371 4532 Hegesippo
2396 4466 2541 4529 apud
2565 4466 2861 4515 Eusebium
2888 4465 2955 4513 Η.
2976 4465 3037 4513 Ε.
3054 4460 3130 4518 ΙΠ,

670 4563 754 4611 20.
781 4578 832 4625 p.
854 4561 938 4610 89.
974 4560 1230 4609 Romanis
1255 4558 1492 4622 suspecti
1523 4560 1717 4607 essent.
1768 4555 1992 4606 Constat
2014 4570 2140 4603 vero
2169 4569 2231 4603 ex
2257 4552 2463 4613 TacitO,
2488 4552 2627 4601 Hist.
2646 4552 2712 4614 V,
2736 4554 2783 4601 1.
2808 4568 2862 4616 p.
2883 4552 2999 4600 212.
3032 4544 3129 4597 coll.

669 4646 926 4712 Josepho,
963 4646 1139 4709 Antiq.
1165 4645 1283 4707 XX,
1324 4646 1405 4692 10.
1443 4658 1493 4707 p.
1523 4645 1640 4692 980.
1679 4648 1733 4691 et
1768 4642 1835 4691 de
1871 4640 2013 4691 bello
2040 4640 2131 4691 VI.
2158 4641 2207 4703 4,
2233 4640 2283 4689 8.
2320 4656 2371 4703 p.
2398 4640 2515 4691 387.
2552 4637 2835 4703 Templum
2872 4643 2925 4687 et
2958 4636 3131 4687 Urbem
