<?xml version="1.0" encoding="UTF-8"?>
<!DOCTYPE html PUBLIC "-//W3C//DTD XHTML 1.0 Transitional//EN"
    "http://www.w3.org/TR/xhtml1/DTD/xhtml1-transitional.dtd">
<html xmlns="http://www.w3.org/1999/xhtml" xml:lang="en" lang="en">
 <head>
  <title>
</title>
<meta http-equiv="Content-Type" content="text/html;charset=utf-8" />
  <meta name='ocr-system' content='tesseract 3.04.00' />
  <meta name='ocr-capabilities' content='ocr_page ocr_carea ocr_par ocr_line ocrx_word'/>
</head>
<body>
  <div class='ocr_page' id='page_1' title='image "./historiarevelat00unkngoog_0059.png"; bbox 0 0 3267 5259; ppageno 0'>
   <div class='ocr_carea' id='block_1_1' title="bbox 1144 440 2684 509">
    <p class='ocr_par' dir='ltr' id='par_1_1' title="bbox 1144 440 2684 509">
     <span class='ocr_line' id='line_1_1' title="bbox 1144 440 2684 509; baseline -0.004 -11"><span class='ocrx_word' id='word_1_1' title='bbox 1144 455 1429 498; x_wconf 60' lang='lat' dir='ltr'>antemio</span> <span class='ocrx_word' id='word_1_2' title='bbox 1457 455 1735 509; x_wconf 56' lang='lat' dir='ltr'>Evangelia.</span> <span class='ocrx_word' id='word_1_3' title='bbox 2498 440 2684 492; x_wconf 80' lang='lat' dir='ltr'>XLIII</span> 
     </span>
    </p>
   </div>
   <div class='ocr_carea' id='block_1_2' title="bbox 203 635 2690 2283">
    <p class='ocr_par' dir='ltr' id='par_1_2' title="bbox 203 635 2690 2283">
     <span class='ocr_line' id='line_1_2' title="bbox 205 635 2681 716; baseline 0.002 -26"><span class='ocrx_word' id='word_1_4' title='bbox 205 635 406 692; x_wconf 83' lang='lat' dir='ltr'>Verum</span> <span class='ocrx_word' id='word_1_5' title='bbox 443 639 650 694; x_wconf 84' lang='lat' dir='ltr'>utrum</span> <span class='ocrx_word' id='word_1_6' title='bbox 689 637 758 694; x_wconf 91' lang='lat' dir='ltr'>id</span> <span class='ocrx_word' id='word_1_7' title='bbox 797 636 1110 708; x_wconf 85' lang='lat' dir='ltr'>Januario,</span> <span class='ocrx_word' id='word_1_8' title='bbox 1161 638 1426 714; x_wconf 83' lang='lat' dir='ltr'>proxime</span> <span class='ocrx_word' id='word_1_9' title='bbox 1466 637 1709 695; x_wconf 89' lang='lat' dir='ltr'>initium</span> <span class='ocrx_word' id='word_1_10' title='bbox 1751 637 2069 696; x_wconf 85' lang='lat' dir='ltr'>ministerii</span> <span class='ocrx_word' id='word_1_11' title='bbox 2099 637 2346 696; x_wconf 85' lang='lat' dir='ltr'>Joannis</span> <span class='ocrx_word' id='word_1_12' title='bbox 2384 643 2681 716; x_wconf 88' lang='lat' dir='ltr'>sequente,</span> 
     </span>
     <span class='ocr_line' id='line_1_3' title="bbox 205 739 2683 821; baseline 0 -23"><span class='ocrx_word' id='word_1_13' title='bbox 205 739 404 799; x_wconf 76' lang='lat' dir='ltr'>factum</span> <span class='ocrx_word' id='word_1_14' title='bbox 425 740 545 798; x_wconf 87' lang='lat' dir='ltr'>sit?</span> <span class='ocrx_word' id='word_1_15' title='bbox 572 761 654 800; x_wconf 89' lang='lat' dir='ltr'>an</span> <span class='ocrx_word' id='word_1_16' title='bbox 677 742 870 801; x_wconf 81' lang='lat' dir='ltr'>altero</span> <span class='ocrx_word' id='word_1_17' title='bbox 891 743 1144 810; x_wconf 86' lang='lat' dir='ltr'>demum,</span> <span class='ocrx_word' id='word_1_18' title='bbox 1179 743 1424 800; x_wconf 89' lang='lat' dir='ltr'>minime</span> <span class='ocrx_word' id='word_1_19' title='bbox 1447 741 1711 800; x_wconf 77' lang='lat' dir='ltr'>declarat</span> <span class='ocrx_word' id='word_1_20' title='bbox 1732 762 1777 801; x_wconf 92' lang='lat' dir='ltr'>s.</span> <span class='ocrx_word' id='word_1_21' title='bbox 1804 741 2129 819; x_wconf 74' lang='lat' dir='ltr'>Scriptura.</span> <span class='ocrx_word' id='word_1_22' title='bbox 2162 742 2239 799; x_wconf 89' lang='lat' dir='ltr'>In</span> <span class='ocrx_word' id='word_1_23' title='bbox 2268 743 2523 818; x_wconf 81' lang='lat' dir='ltr'><strong>priorem</strong></span> <span class='ocrx_word' id='word_1_24' title='bbox 2550 742 2683 821; x_wconf 86' lang='lat' dir='ltr'>qui-</span> 
     </span>
     <span class='ocr_line' id='line_1_4' title="bbox 203 845 2683 922; baseline 0.001 -20"><span class='ocrx_word' id='word_1_25' title='bbox 203 845 320 902; x_wconf 88' lang='lat' dir='ltr'>dem</span> <span class='ocrx_word' id='word_1_26' title='bbox 349 850 574 922; x_wconf 81' lang='lat' dir='ltr'>partem</span> <span class='ocrx_word' id='word_1_27' title='bbox 605 865 718 905; x_wconf 88' lang='lat' dir='ltr'>nos</span> <span class='ocrx_word' id='word_1_28' title='bbox 739 850 930 922; x_wconf 78' lang='lat' dir='ltr'>magis</span> <span class='ocrx_word' id='word_1_29' title='bbox 951 847 1323 907; x_wconf 78' lang='lat' dir='ltr'><strong>inclinamus.</strong></span> <span class='ocrx_word' id='word_1_30' title='bbox 1362 847 1518 906; x_wconf 81' lang='lat' dir='ltr'>Nam</span> <span class='ocrx_word' id='word_1_31' title='bbox 1548 866 1683 906; x_wconf 87' lang='lat' dir='ltr'>cum</span> <span class='ocrx_word' id='word_1_32' title='bbox 1706 851 1865 906; x_wconf 85' lang='lat' dir='ltr'>arcte</span> <span class='ocrx_word' id='word_1_33' title='bbox 1888 850 2097 922; x_wconf 78' lang='lat' dir='ltr'>iungat</span> <span class='ocrx_word' id='word_1_34' title='bbox 2117 846 2537 921; x_wconf 79' lang='lat' dir='ltr'>Evangelista¹</span> <span class='ocrx_word' id='word_1_35' title='bbox 2566 850 2683 918; x_wconf 79' lang='lat' dir='ltr'>ini-</span> 
     </span>
     <span class='ocr_line' id='line_1_5' title="bbox 205 950 2686 1030; baseline 0.002 -24"><span class='ocrx_word' id='word_1_36' title='bbox 205 950 342 1008; x_wconf 82' lang='lat' dir='ltr'>tium</span> <span class='ocrx_word' id='word_1_37' title='bbox 365 952 662 1027; x_wconf 84' lang='lat' dir='ltr'>praeconii</span> <span class='ocrx_word' id='word_1_38' title='bbox 695 951 1102 1012; x_wconf 84' lang='lat' dir='ltr'>Praecursoris</span> <span class='ocrx_word' id='word_1_39' title='bbox 1123 961 1183 1011; x_wconf 91' lang='lat' dir='ltr'>et</span> <span class='ocrx_word' id='word_1_40' title='bbox 1207 953 1564 1030; x_wconf 86' lang='lat' dir='ltr'>baptismum</span> <span class='ocrx_word' id='word_1_41' title='bbox 1588 952 1840 1022; x_wconf 81' lang='lat' dir='ltr'>Christi3</span> <span class='ocrx_word' id='word_1_42' title='bbox 1887 955 2153 1030; x_wconf 89' lang='lat' dir='ltr'>sequitur</span> <span class='ocrx_word' id='word_1_43' title='bbox 2185 952 2329 1010; x_wconf 86' lang='lat' dir='ltr'>haec</span> <span class='ocrx_word' id='word_1_44' title='bbox 2360 954 2487 1029; x_wconf 85' lang='lat' dir='ltr'>ipsa</span> <span class='ocrx_word' id='word_1_45' title='bbox 2508 951 2686 1010; x_wconf 86' lang='lat' dir='ltr'>initia</span> 
     </span>
     <span class='ocr_line' id='line_1_6' title="bbox 207 1054 2683 1136; baseline 0.002 -25"><span class='ocrx_word' id='word_1_46' title='bbox 207 1055 366 1112; x_wconf 77' lang='lat' dir='ltr'>fuisse</span> <span class='ocrx_word' id='word_1_47' title='bbox 393 1061 658 1132; x_wconf 86' lang='lat' dir='ltr'>tempore</span> <span class='ocrx_word' id='word_1_48' title='bbox 691 1058 1006 1116; x_wconf 86' lang='lat' dir='ltr'>coniuncta</span> <span class='ocrx_word' id='word_1_49' title='bbox 1017 1054 1061 1116; x_wconf 80' lang='lat'>².</span> <span class='ocrx_word' id='word_1_50' title='bbox 1123 1059 1290 1116; x_wconf 82' lang='lat' dir='ltr'>Adde</span> <span class='ocrx_word' id='word_1_51' title='bbox 1319 1058 1471 1136; x_wconf 89' lang='lat' dir='ltr'>qnod</span> <span class='ocrx_word' id='word_1_52' title='bbox 1503 1078 1549 1116; x_wconf 84' lang='lat' dir='ltr'>s.</span> <span class='ocrx_word' id='word_1_53' title='bbox 1581 1057 1837 1115; x_wconf 86' lang='lat' dir='ltr'>Joannes</span> <span class='ocrx_word' id='word_1_54' title='bbox 1866 1054 2021 1116; x_wconf 80' lang='lat' dir='ltr'>Ev.³</span> <span class='ocrx_word' id='word_1_55' title='bbox 2058 1062 2284 1116; x_wconf 82' lang='lat' dir='ltr'>narret:</span> <span class='ocrx_word' id='word_1_56' title='bbox 2324 1058 2395 1115; x_wconf 89' lang='lat' dir='ltr'>de</span> <span class='ocrx_word' id='word_1_57' title='bbox 2424 1058 2683 1116; x_wconf 81' lang='lat' dir='ltr'>sacerdo-</span> 
     </span>
     <span class='ocr_line' id='line_1_7' title="bbox 205 1160 2689 1241; baseline 0.001 -24"><span class='ocrx_word' id='word_1_58' title='bbox 205 1161 348 1218; x_wconf 82' lang='lat' dir='ltr'>tibus</span> <span class='ocrx_word' id='word_1_59' title='bbox 369 1165 428 1218; x_wconf 88' lang='lat' dir='ltr'>et</span> <span class='ocrx_word' id='word_1_60' title='bbox 457 1160 694 1220; x_wconf 83' lang='lat' dir='ltr'>Levitis</span> <span class='ocrx_word' id='word_1_61' title='bbox 725 1181 764 1220; x_wconf 87' lang='lat' dir='ltr'>a</span> <span class='ocrx_word' id='word_1_62' title='bbox 791 1163 1066 1240; x_wconf 81' lang='lat' dir='ltr'>synedrio</span> <span class='ocrx_word' id='word_1_63' title='bbox 1097 1164 1168 1220; x_wconf 91' lang='lat' dir='ltr'>ad</span> <span class='ocrx_word' id='word_1_64' title='bbox 1199 1162 1526 1239; x_wconf 82' lang='lat' dir='ltr'>Baptistam</span> <span class='ocrx_word' id='word_1_65' title='bbox 1557 1161 1769 1220; x_wconf 82' lang='lat' dir='ltr'>missis.</span> <span class='ocrx_word' id='word_1_66' title='bbox 1832 1161 1995 1220; x_wconf 84' lang='lat' dir='ltr'>Haec</span> <span class='ocrx_word' id='word_1_67' title='bbox 2038 1160 2251 1236; x_wconf 83' lang='lat' dir='ltr'>legatio</span> <span class='ocrx_word' id='word_1_68' title='bbox 2294 1161 2689 1241; x_wconf 75' lang='lat' dir='ltr'>quadraginta</span> 
     </span>
     <span class='ocr_line' id='line_1_8' title="bbox 203 1263 2685 1344; baseline 0.002 -24"><span class='ocrx_word' id='word_1_69' title='bbox 203 1263 394 1322; x_wconf 81' lang='lat' dir='ltr'>saltem</span> <span class='ocrx_word' id='word_1_70' title='bbox 421 1265 632 1324; x_wconf 86' lang='lat' dir='ltr'>diebus</span> <span class='ocrx_word' id='word_1_71' title='bbox 679 1273 814 1344; x_wconf 89' lang='lat' dir='ltr'>post</span> <span class='ocrx_word' id='word_1_72' title='bbox 849 1268 1206 1343; x_wconf 86' lang='lat' dir='ltr'>baptismum</span> <span class='ocrx_word' id='word_1_73' title='bbox 1235 1267 1372 1324; x_wconf 88' lang='lat' dir='ltr'>Jesu</span> <span class='ocrx_word' id='word_1_74' title='bbox 1419 1267 1591 1338; x_wconf 81' lang='lat' dir='ltr'>facta,</span> <span class='ocrx_word' id='word_1_75' title='bbox 1627 1267 1879 1324; x_wconf 83' lang='lat' dir='ltr'>indicat:</span> <span class='ocrx_word' id='word_1_76' title='bbox 1922 1265 1989 1324; x_wconf 90' lang='lat' dir='ltr'>B.</span> <span class='ocrx_word' id='word_1_77' title='bbox 2022 1266 2267 1326; x_wconf 80' lang='lat' dir='ltr'>Joannis</span> <span class='ocrx_word' id='word_1_78' title='bbox 2310 1268 2685 1343; x_wconf 85' lang='lat' dir='ltr'>praeconium</span> 
     </span>
     <span class='ocr_line' id='line_1_9' title="bbox 207 1367 2690 1448; baseline 0.002 -22"><span class='ocrx_word' id='word_1_79' title='bbox 207 1387 312 1426; x_wconf 86' lang='lat' dir='ltr'>non</span> <span class='ocrx_word' id='word_1_80' title='bbox 341 1367 514 1444; x_wconf 79' lang='lat' dir='ltr'>longo</span> <span class='ocrx_word' id='word_1_81' title='bbox 544 1371 874 1431; x_wconf 84' lang='lat' dir='ltr'>intervallo</span> <span class='ocrx_word' id='word_1_82' title='bbox 905 1379 1041 1430; x_wconf 73' lang='lat' dir='ltr'>ante</span> <span class='ocrx_word' id='word_1_83' title='bbox 1073 1374 1428 1448; x_wconf 84' lang='lat' dir='ltr'>baptismum</span> <span class='ocrx_word' id='word_1_84' title='bbox 1457 1371 1494 1428; x_wconf 88' lang='lat' dir='ltr'><strong>J</strong></span> <span class='ocrx_word' id='word_1_85' title='bbox 1496 1390 1596 1429; x_wconf 90' lang='lat' dir='ltr'>esu</span> <span class='ocrx_word' id='word_1_86' title='bbox 1628 1373 1861 1447; x_wconf 83' lang='lat' dir='ltr'>cepisse.</span> <span class='ocrx_word' id='word_1_87' title='bbox 1894 1370 2063 1430; x_wconf 83' lang='lat' dir='ltr'>Alias</span> <span class='ocrx_word' id='word_1_88' title='bbox 2093 1372 2308 1447; x_wconf 82' lang='lat' dir='ltr'>legatio</span> <span class='ocrx_word' id='word_1_89' title='bbox 2337 1372 2511 1430; x_wconf 87' lang='lat' dir='ltr'>citius</span> <span class='ocrx_word' id='word_1_90' title='bbox 2534 1371 2690 1430; x_wconf 74' lang='lat' dir='ltr'>facta</span> 
     </span>
     <span class='ocr_line' id='line_1_10' title="bbox 208 1473 2685 1555; baseline 0.001 -24"><span class='ocrx_word' id='word_1_91' title='bbox 208 1481 356 1533; x_wconf 87' lang='lat' dir='ltr'>esset.</span> <span class='ocrx_word' id='word_1_92' title='bbox 379 1473 601 1538; x_wconf 80' lang='lat' dir='ltr'>Quodsi</span> <span class='ocrx_word' id='word_1_93' title='bbox 615 1477 656 1534; x_wconf 86' lang='lat' dir='ltr'><strong>J</strong></span> <span class='ocrx_word' id='word_1_94' title='bbox 657 1496 876 1536; x_wconf 80' lang='lat' dir='ltr'>oannes</span> <span class='ocrx_word' id='word_1_95' title='bbox 894 1478 982 1550; x_wconf 88' lang='grc' dir='ltr'><strong>Β.,</strong></span> <span class='ocrx_word' id='word_1_96' title='bbox 1009 1478 1110 1555; x_wconf 87' lang='lat' dir='ltr'>qui</span> <span class='ocrx_word' id='word_1_97' title='bbox 1134 1496 1236 1534; x_wconf 85' lang='lat' dir='ltr'>sex</span> <span class='ocrx_word' id='word_1_98' title='bbox 1260 1477 1558 1535; x_wconf 85' lang='lat' dir='ltr'>mensibus</span> <span class='ocrx_word' id='word_1_99' title='bbox 1573 1475 1877 1534; x_wconf 75' lang='lat' dir='ltr'>Christum</span> <span class='ocrx_word' id='word_1_100' title='bbox 1902 1482 2089 1534; x_wconf 83' lang='lat' dir='ltr'>aetate</span> <span class='ocrx_word' id='word_1_101' title='bbox 2111 1479 2440 1553; x_wconf 73' lang='lat' dir='ltr'><strong>praecessit,</strong></span> <span class='ocrx_word' id='word_1_102' title='bbox 2464 1483 2535 1535; x_wconf 91' lang='lat' dir='ltr'>ut</span> <span class='ocrx_word' id='word_1_103' title='bbox 2555 1475 2685 1552; x_wconf 90' lang='lat' dir='ltr'>plu-</span> 
     </span>
     <span class='ocr_line' id='line_1_11' title="bbox 205 1579 2683 1657; baseline 0.001 -22"><span class='ocrx_word' id='word_1_104' title='bbox 205 1581 356 1636; x_wconf 82' lang='lat' dir='ltr'>rimis</span> <span class='ocrx_word' id='word_1_105' title='bbox 396 1579 608 1656; x_wconf 82' lang='lat' dir='ltr'>plaoet,</span> <span class='ocrx_word' id='word_1_106' title='bbox 651 1601 788 1642; x_wconf 87' lang='lat' dir='ltr'>cum</span> <span class='ocrx_word' id='word_1_107' title='bbox 827 1583 864 1640; x_wconf 89' lang='lat' dir='ltr'><strong>J</strong></span> <span class='ocrx_word' id='word_1_108' title='bbox 865 1581 994 1641; x_wconf 87' lang='lat' dir='ltr'>unii</span> <span class='ocrx_word' id='word_1_109' title='bbox 1025 1582 1212 1652; x_wconf 83' lang='lat' dir='ltr'>exitu,</span> <span class='ocrx_word' id='word_1_110' title='bbox 1256 1587 1362 1639; x_wconf 91' lang='lat' dir='ltr'>aut</span> <span class='ocrx_word' id='word_1_111' title='bbox 1391 1581 1647 1654; x_wconf 77' lang='lat' dir='ltr'><strong>Augusti</strong></span> <span class='ocrx_word' id='word_1_112' title='bbox 1680 1581 1991 1657; x_wconf 85' lang='lat' dir='ltr'>principio,</span> <span class='ocrx_word' id='word_1_113' title='bbox 2024 1581 2121 1640; x_wconf 79' lang='lat' dir='ltr'>vel</span> <span class='ocrx_word' id='word_1_114' title='bbox 2156 1581 2365 1640; x_wconf 83' lang='lat' dir='ltr'>saltem</span> <span class='ocrx_word' id='word_1_115' title='bbox 2396 1581 2683 1652; x_wconf 83' lang='lat' dir='ltr'>Octobris,</span> 
     </span>
     <span class='ocr_line' id='line_1_12' title="bbox 207 1684 2687 1762; baseline 0.001 -21"><span class='ocrx_word' id='word_1_116' title='bbox 207 1701 344 1742; x_wconf 87' lang='lat' dir='ltr'>anno</span> <span class='ocrx_word' id='word_1_117' title='bbox 371 1685 446 1743; x_wconf 85' lang='lat' dir='ltr'>ab</span> <span class='ocrx_word' id='word_1_118' title='bbox 471 1691 612 1745; x_wconf 87' lang='lat' dir='ltr'>ortu</span> <span class='ocrx_word' id='word_1_119' title='bbox 635 1689 765 1748; x_wconf 83' lang='lat' dir='ltr'>e&#39;ms</span> <span class='ocrx_word' id='word_1_120' title='bbox 787 1689 1030 1746; x_wconf 87' lang='lat' dir='ltr'>ineunte</span> <span class='ocrx_word' id='word_1_121' title='bbox 1051 1688 1363 1757; x_wconf 84' lang='lat' dir='ltr'>tricesimo,</span> <span class='ocrx_word' id='word_1_122' title='bbox 1389 1684 1464 1744; x_wconf 88' lang='lat' dir='ltr'>U.</span> <span class='ocrx_word' id='word_1_123' title='bbox 1483 1685 1546 1743; x_wconf 85' lang='lat' dir='ltr'>C.</span> <span class='ocrx_word' id='word_1_124' title='bbox 1579 1689 1721 1745; x_wconf 79' lang='lat'><strong>779.</strong></span> <span class='ocrx_word' id='word_1_125' title='bbox 1748 1686 1981 1762; x_wconf 85' lang='lat' dir='ltr'>prodire</span> <span class='ocrx_word' id='word_1_126' title='bbox 2003 1705 2069 1744; x_wconf 84' lang='lat' dir='ltr'>ac</span> <span class='ocrx_word' id='word_1_127' title='bbox 2100 1687 2289 1744; x_wconf 86' lang='lat' dir='ltr'>dicere</span> <span class='ocrx_word' id='word_1_128' title='bbox 2310 1687 2383 1744; x_wconf 86' lang='lat' dir='ltr'>ad</span> <span class='ocrx_word' id='word_1_129' title='bbox 2407 1684 2687 1761; x_wconf 88' lang='lat' dir='ltr'>populum</span> 
     </span>
     <span class='ocr_line' id='line_1_13' title="bbox 206 1788 2687 1869; baseline 0.001 -25"><span class='ocrx_word' id='word_1_130' title='bbox 206 1807 426 1848; x_wconf 81' lang='lat' dir='ltr'>exorsus</span> <span class='ocrx_word' id='word_1_131' title='bbox 451 1797 574 1862; x_wconf 86' lang='lat' dir='ltr'>est;</span> <span class='ocrx_word' id='word_1_132' title='bbox 607 1791 790 1867; x_wconf 85' lang='lat' dir='ltr'>legati</span> <span class='ocrx_word' id='word_1_133' title='bbox 821 1793 928 1851; x_wconf 81' lang='lat' dir='ltr'>vix</span> <span class='ocrx_word' id='word_1_134' title='bbox 959 1811 1026 1850; x_wconf 86' lang='lat' dir='ltr'>ac</span> <span class='ocrx_word' id='word_1_135' title='bbox 1055 1809 1128 1848; x_wconf 89' lang='lat' dir='ltr'>ne</span> <span class='ocrx_word' id='word_1_136' title='bbox 1156 1791 1266 1850; x_wconf 82' lang='lat' dir='ltr'>vix</span> <span class='ocrx_word' id='word_1_137' title='bbox 1295 1791 1532 1869; x_wconf 87' lang='lat' dir='ltr'>quidem</span> <span class='ocrx_word' id='word_1_138' title='bbox 1571 1790 1757 1848; x_wconf 87' lang='lat' dir='ltr'>serius</span> <span class='ocrx_word' id='word_1_139' title='bbox 1786 1809 1963 1869; x_wconf 87' lang='lat' dir='ltr'>quam</span> <span class='ocrx_word' id='word_1_140' title='bbox 1999 1794 2141 1848; x_wconf 79' lang='lat'><strong>780.</strong></span> <span class='ocrx_word' id='word_1_141' title='bbox 2160 1788 2247 1848; x_wconf 71' lang='grc' dir='ltr'>ΙΙ.</span> <span class='ocrx_word' id='word_1_142' title='bbox 2280 1789 2342 1850; x_wconf 85' lang='lat' dir='ltr'>C.</span> <span class='ocrx_word' id='word_1_143' title='bbox 2376 1791 2538 1848; x_wconf 86' lang='lat' dir='ltr'>missi</span> <span class='ocrx_word' id='word_1_144' title='bbox 2568 1809 2687 1846; x_wconf 81' lang='lat' dir='ltr'>esse</span> 
     </span>
     <span class='ocr_line' id='line_1_14' title="bbox 207 1895 2686 1976; baseline -0 -23"><span class='ocrx_word' id='word_1_145' title='bbox 207 1903 445 1968; x_wconf 77' lang='lat' dir='ltr'>possunt.</span> <span class='ocrx_word' id='word_1_146' title='bbox 507 1897 674 1972; x_wconf 82' lang='lat' dir='ltr'>Ergo</span> <span class='ocrx_word' id='word_1_147' title='bbox 715 1897 884 1955; x_wconf 85' lang='lat' dir='ltr'>Jesns</span> <span class='ocrx_word' id='word_1_148' title='bbox 924 1915 1152 1976; x_wconf 87' lang='lat' dir='ltr'>quoque</span> <span class='ocrx_word' id='word_1_149' title='bbox 1195 1901 1457 1972; x_wconf 87' lang='lat' dir='ltr'>suscepto</span> <span class='ocrx_word' id='word_1_150' title='bbox 1499 1896 1610 1953; x_wconf 90' lang='lat' dir='ltr'>hoc</span> <span class='ocrx_word' id='word_1_151' title='bbox 1654 1915 1809 1953; x_wconf 85' lang='lat' dir='ltr'>anno</span> <span class='ocrx_word' id='word_1_152' title='bbox 1854 1897 2156 1972; x_wconf 81' lang='lat' dir='ltr'>baptismo,</span> <span class='ocrx_word' id='word_1_153' title='bbox 2200 1895 2411 1954; x_wconf 87' lang='lat' dir='ltr'>deinde</span> <span class='ocrx_word' id='word_1_154' title='bbox 2448 1896 2686 1973; x_wconf 78' lang='lat' dir='ltr'>exsequi</span> 
     </span>
     <span class='ocr_line' id='line_1_15' title="bbox 209 1996 2690 2080; baseline 0.001 -24"><span class='ocrx_word' id='word_1_155' title='bbox 209 1997 386 2073; x_wconf 83' lang='lat' dir='ltr'>palam</span> <span class='ocrx_word' id='word_1_156' title='bbox 408 2001 908 2077; x_wconf 69' lang='lat' dir='ltr'>praedicationem</span> <span class='ocrx_word' id='word_1_157' title='bbox 933 2001 1141 2078; x_wconf 78' lang='lat' dir='ltr'>eepit⁴.</span> <span class='ocrx_word' id='word_1_158' title='bbox 1177 2000 1342 2065; x_wconf 83' lang='lat' dir='ltr'>Quod</span> <span class='ocrx_word' id='word_1_159' title='bbox 1367 2021 1542 2080; x_wconf 84' lang='lat' dir='ltr'>quam</span> <span class='ocrx_word' id='word_1_160' title='bbox 1566 2001 1919 2060; x_wconf 84' lang='lat' dir='ltr'>conveniens</span> <span class='ocrx_word' id='word_1_161' title='bbox 1939 2002 2019 2058; x_wconf 88' lang='lat' dir='ltr'>sit</span> <span class='ocrx_word' id='word_1_162' title='bbox 2042 2002 2370 2058; x_wconf 74' lang='lat' dir='ltr'>narrationi</span> <span class='ocrx_word' id='word_1_163' title='bbox 2394 2019 2438 2056; x_wconf 88' lang='lat' dir='ltr'>s.</span> <span class='ocrx_word' id='word_1_164' title='bbox 2460 2000 2651 2058; x_wconf 85' lang='lat' dir='ltr'>Lucae</span> <span class='ocrx_word' id='word_1_165' title='bbox 2666 1996 2690 2034; x_wconf 84' lang='lat'>⁵</span> 
     </span>
     <span class='ocr_line' id='line_1_16' title="bbox 209 2103 2685 2180; baseline 0.002 -23"><span class='ocrx_word' id='word_1_166' title='bbox 209 2109 395 2178; x_wconf 79' lang='lat' dir='ltr'>suapte</span> <span class='ocrx_word' id='word_1_167' title='bbox 421 2105 815 2180; x_wconf 77' lang='lat' dir='ltr'>intelligitur.</span> <span class='ocrx_word' id='word_1_168' title='bbox 885 2107 1030 2164; x_wconf 68' lang='lat' dir='ltr'>(hun</span> <span class='ocrx_word' id='word_1_169' title='bbox 1075 2107 1233 2165; x_wconf 86' lang='lat' dir='ltr'>enim</span> <span class='ocrx_word' id='word_1_170' title='bbox 1273 2107 1456 2176; x_wconf 84' lang='lat' dir='ltr'>Jesus,</span> <span class='ocrx_word' id='word_1_171' title='bbox 1505 2111 1574 2163; x_wconf 88' lang='lat' dir='ltr'>ut</span> <span class='ocrx_word' id='word_1_172' title='bbox 1618 2105 1897 2176; x_wconf 85' lang='lat' dir='ltr'>vidimus,</span> <span class='ocrx_word' id='word_1_173' title='bbox 1945 2105 2099 2162; x_wconf 85' lang='lat' dir='ltr'>circa</span> <span class='ocrx_word' id='word_1_174' title='bbox 2142 2103 2321 2162; x_wconf 85' lang='lat' dir='ltr'>finem</span> <span class='ocrx_word' id='word_1_175' title='bbox 2362 2104 2507 2162; x_wconf 87' lang='lat' dir='ltr'>anni</span> <span class='ocrx_word' id='word_1_176' title='bbox 2545 2107 2685 2162; x_wconf 74' lang='lat'><strong>749.</strong></span> 
     </span>
     <span class='ocr_line' id='line_1_17' title="bbox 215 2205 2689 2283; baseline 0.001 -21"><span class='ocrx_word' id='word_1_177' title='bbox 215 2205 278 2263; x_wconf 78' lang='lat' dir='ltr'>U.</span> <span class='ocrx_word' id='word_1_178' title='bbox 301 2207 360 2265; x_wconf 85' lang='lat' dir='ltr'>C.</span> <span class='ocrx_word' id='word_1_179' title='bbox 395 2215 570 2268; x_wconf 82' lang='lat' dir='ltr'>natus</span> <span class='ocrx_word' id='word_1_180' title='bbox 593 2210 702 2282; x_wconf 82' lang='lat' dir='ltr'>sit3</span> <span class='ocrx_word' id='word_1_181' title='bbox 753 2211 984 2270; x_wconf 85' lang='lat' dir='ltr'>labente</span> <span class='ocrx_word' id='word_1_182' title='bbox 1018 2230 1172 2269; x_wconf 90' lang='lat' dir='ltr'>anno</span> <span class='ocrx_word' id='word_1_183' title='bbox 1195 2209 1268 2269; x_wconf 88' lang='lat' dir='ltr'>U.</span> <span class='ocrx_word' id='word_1_184' title='bbox 1295 2210 1358 2268; x_wconf 84' lang='lat' dir='ltr'>C.</span> <span class='ocrx_word' id='word_1_185' title='bbox 1390 2215 1532 2269; x_wconf 79' lang='lat'><strong>780.</strong></span> <span class='ocrx_word' id='word_1_186' title='bbox 1565 2227 1789 2268; x_wconf 87' lang='lat' dir='ltr'>annum</span> <span class='ocrx_word' id='word_1_187' title='bbox 1810 2211 2019 2268; x_wconf 83' lang='lat' dir='ltr'>aetatis</span> <span class='ocrx_word' id='word_1_188' title='bbox 2050 2211 2407 2268; x_wconf 84' lang='lat' dir='ltr'>tricesimum</span> <span class='ocrx_word' id='word_1_189' title='bbox 2430 2209 2689 2283; x_wconf 87' lang='lat' dir='ltr'>primum</span> 
     </span>
    </p>
   </div>
   <div class='ocr_carea' id='block_1_3' title="bbox 211 2312 2686 2478">
    <p class='ocr_par' dir='ltr' id='par_1_3' title="bbox 211 2312 2686 2478">
     <span class='ocr_line' id='line_1_18' title="bbox 211 2312 2686 2394; baseline -0.001 -24"><span class='ocrx_word' id='word_1_190' title='bbox 211 2312 376 2384; x_wconf 79' lang='lat' dir='ltr'>egisse</span> <span class='ocrx_word' id='word_1_191' title='bbox 402 2316 706 2390; x_wconf 78' lang='lat' dir='ltr'>putandus</span> <span class='ocrx_word' id='word_1_192' title='bbox 736 2321 847 2386; x_wconf 88' lang='lat' dir='ltr'>est;</span> <span class='ocrx_word' id='word_1_193' title='bbox 891 2316 1044 2374; x_wconf 86' lang='lat' dir='ltr'>unde</span> <span class='ocrx_word' id='word_1_194' title='bbox 1075 2316 1394 2375; x_wconf 75' lang='lat' dir='ltr'>rectissime</span> <span class='ocrx_word' id='word_1_195' title='bbox 1427 2335 1464 2373; x_wconf 86' lang='lat' dir='ltr'>a</span> <span class='ocrx_word' id='word_1_196' title='bbox 1495 2315 1554 2374; x_wconf 81' lang='lat' dir='ltr'>S.</span> <span class='ocrx_word' id='word_1_197' title='bbox 1580 2315 1743 2374; x_wconf 85' lang='lat' dir='ltr'>Luca</span> <span class='ocrx_word' id='word_1_198' title='bbox 1773 2333 2061 2374; x_wconf 88' lang='lat' dir='ltr'>annorum</span> <span class='ocrx_word' id='word_1_199' title='bbox 2094 2315 2321 2394; x_wconf 86' lang='lat' dir='ltr'>,quasi</span> <span class='ocrx_word' id='word_1_200' title='bbox 2353 2312 2686 2387; x_wconf 81' lang='lat' dir='ltr'>triginta‘</span> 
     </span>
     <span class='ocr_line' id='line_1_19' title="bbox 211 2417 606 2478; baseline 0.018 -6"><span class='ocrx_word' id='word_1_201' title='bbox 211 2426 286 2472; x_wconf 78' lang='lat' dir='ltr'>est</span> <span class='ocrx_word' id='word_1_202' title='bbox 315 2425 546 2478; x_wconf 83' lang='lat' dir='ltr'>vocatus</span> <span class='ocrx_word' id='word_1_203' title='bbox 561 2417 606 2478; x_wconf 72' lang='lat'>⁶.</span> 
     </span>
    </p>
   </div>
   <div class='ocr_carea' id='block_1_4' title="bbox 230 2571 606 2584">
    <p class='ocr_par' dir='ltr' id='par_1_4' title="bbox 230 2571 606 2584">
     <span class='ocr_line' id='line_1_20' title="bbox 230 2571 606 2584; baseline 0 2675"><span class='ocrx_word' id='word_1_204' title='bbox 230 2571 606 2584; x_wconf 95' lang='lat' dir='ltr'> </span> 
     </span>
    </p>
   </div>
   <div class='ocr_carea' id='block_1_5' title="bbox 214 2640 2716 4718">
    <p class='ocr_par' dir='ltr' id='par_1_5' title="bbox 214 2640 2716 4718">
     <span class='ocr_line' id='line_1_21' title="bbox 403 2640 2689 2710; baseline -0 -18"><span class='ocrx_word' id='word_1_205' title='bbox 403 2642 442 2706; x_wconf 90' lang='lat'>¹)</span> <span class='ocrx_word' id='word_1_206' title='bbox 481 2645 532 2706; x_wconf 86' lang='grc'>3,</span> <span class='ocrx_word' id='word_1_207' title='bbox 563 2645 611 2694; x_wconf 80' lang='grc'>1.</span> <span class='ocrx_word' id='word_1_208' title='bbox 645 2645 731 2694; x_wconf 81' lang='grc'>23.</span> <span class='ocrx_word' id='word_1_209' title='bbox 805 2643 846 2708; x_wconf 79' lang='lat'>²)</span> <span class='ocrx_word' id='word_1_210' title='bbox 883 2643 1020 2694; x_wconf 79' lang='lat' dir='ltr'>Nam</span> <span class='ocrx_word' id='word_1_211' title='bbox 1059 2643 1114 2692; x_wconf 87' lang='lat' dir='ltr'>id</span> <span class='ocrx_word' id='word_1_212' title='bbox 1151 2641 1364 2710; x_wconf 86' lang='lat' dir='ltr'>quidem</span> <span class='ocrx_word' id='word_1_213' title='bbox 1402 2641 1801 2693; x_wconf 87' lang='lat' dir='ltr'>concedendum</span> <span class='ocrx_word' id='word_1_214' title='bbox 1840 2643 1995 2692; x_wconf 85' lang='lat' dir='ltr'>nobis</span> <span class='ocrx_word' id='word_1_215' title='bbox 2031 2640 2380 2707; x_wconf 76' lang='lat' dir='ltr'>postulamus,</span> <span class='ocrx_word' id='word_1_216' title='bbox 2418 2659 2459 2692; x_wconf 88' lang='lat' dir='ltr'>s.</span> <span class='ocrx_word' id='word_1_217' title='bbox 2486 2643 2689 2692; x_wconf 85' lang='lat' dir='ltr'>Lucam</span> 
     </span>
     <span class='ocr_line' id='line_1_22' title="bbox 214 2728 2689 2797; baseline 0.001 -21"><span class='ocrx_word' id='word_1_218' title='bbox 214 2729 296 2791; x_wconf 86' lang='lat' dir='ltr'>qui</span> <span class='ocrx_word' id='word_1_219' title='bbox 339 2743 454 2779; x_wconf 86' lang='lat' dir='ltr'>eum</span> <span class='ocrx_word' id='word_1_220' title='bbox 502 2730 862 2782; x_wconf 70' lang='lat' dir='ltr'>Historiarum</span> <span class='ocrx_word' id='word_1_221' title='bbox 911 2733 1180 2797; x_wconf 84' lang='lat' dir='ltr'>scriptoris</span> <span class='ocrx_word' id='word_1_222' title='bbox 1227 2732 1570 2781; x_wconf 76' lang='lat' dir='ltr'>accuratione</span> <span class='ocrx_word' id='word_1_223' title='bbox 1613 2745 1699 2781; x_wconf 88' lang='lat' dir='ltr'>res</span> <span class='ocrx_word' id='word_1_224' title='bbox 1734 2728 1957 2791; x_wconf 85' lang='lat' dir='ltr'>indicat,</span> <span class='ocrx_word' id='word_1_225' title='bbox 2012 2743 2103 2780; x_wconf 83' lang='lat' dir='ltr'>eas</span> <span class='ocrx_word' id='word_1_226' title='bbox 2154 2745 2219 2778; x_wconf 83' lang='lat' dir='ltr'>ex</span> <span class='ocrx_word' id='word_1_227' title='bbox 2266 2729 2449 2780; x_wconf 85' lang='lat' dir='ltr'>ordine</span> <span class='ocrx_word' id='word_1_228' title='bbox 2494 2729 2689 2780; x_wconf 81' lang='lat' dir='ltr'>referre</span> 
     </span>
     <span class='ocr_line' id='line_1_23' title="bbox 214 2816 2689 2885; baseline 0.002 -25"><span class='ocrx_word' id='word_1_229' title='bbox 214 2817 520 2867; x_wconf 77' lang='lat' dir='ltr'>censendum</span> <span class='ocrx_word' id='word_1_230' title='bbox 577 2833 724 2882; x_wconf 79' lang='lat' dir='ltr'>esse3</span> <span class='ocrx_word' id='word_1_231' title='bbox 781 2819 882 2869; x_wconf 84' lang='lat' dir='ltr'>nisi</span> <span class='ocrx_word' id='word_1_232' title='bbox 935 2818 1078 2868; x_wconf 80' lang='lat' dir='ltr'>clare</span> <span class='ocrx_word' id='word_1_233' title='bbox 1131 2825 1393 2885; x_wconf 76' lang='lat' dir='ltr'>appareat</span> <span class='ocrx_word' id='word_1_234' title='bbox 1445 2818 1572 2868; x_wconf 83' lang='lat' dir='ltr'>data</span> <span class='ocrx_word' id='word_1_235' title='bbox 1627 2819 1911 2868; x_wconf 78' lang='lat' dir='ltr'>occasione</span> <span class='ocrx_word' id='word_1_236' title='bbox 1966 2830 2259 2882; x_wconf 84' lang='lat' dir='ltr'>occupare,</span> <span class='ocrx_word' id='word_1_237' title='bbox 2316 2816 2399 2866; x_wconf 80' lang='lat' dir='ltr'>vel</span> <span class='ocrx_word' id='word_1_238' title='bbox 2449 2823 2689 2883; x_wconf 87' lang='lat' dir='ltr'>repetere</span> 
     </span>
     <span class='ocr_line' id='line_1_24' title="bbox 215 2902 2689 2972; baseline 0.002 -23"><span class='ocrx_word' id='word_1_239' title='bbox 215 2903 416 2967; x_wconf 81' lang='lat' dir='ltr'>omissa,</span> <span class='ocrx_word' id='word_1_240' title='bbox 461 2921 606 2971; x_wconf 85' lang='lat' dir='ltr'>quae</span> <span class='ocrx_word' id='word_1_241' title='bbox 653 2922 750 2972; x_wconf 86' lang='lat' dir='ltr'>pro</span> <span class='ocrx_word' id='word_1_242' title='bbox 795 2906 1000 2956; x_wconf 81' lang='lat' dir='ltr'>ratione</span> <span class='ocrx_word' id='word_1_243' title='bbox 1047 2907 1300 2971; x_wconf 87' lang='lat' dir='ltr'>temporis</span> <span class='ocrx_word' id='word_1_244' title='bbox 1350 2906 1641 2971; x_wconf 87' lang='lat' dir='ltr'>posterius,</span> <span class='ocrx_word' id='word_1_245' title='bbox 1689 2904 1777 2954; x_wconf 78' lang='lat' dir='ltr'>vel</span> <span class='ocrx_word' id='word_1_246' title='bbox 1824 2906 1973 2970; x_wconf 88' lang='lat' dir='ltr'>prius</span> <span class='ocrx_word' id='word_1_247' title='bbox 2023 2909 2175 2954; x_wconf 83' lang='lat' dir='ltr'>erant</span> <span class='ocrx_word' id='word_1_248' title='bbox 2210 2902 2451 2954; x_wconf 84' lang='lat' dir='ltr'>dicenda.</span> <span class='ocrx_word' id='word_1_249' title='bbox 2508 2904 2570 2955; x_wconf 89' lang='lat' dir='ltr'>V.</span> <span class='ocrx_word' id='word_1_250' title='bbox 2620 2903 2689 2954; x_wconf 83' lang='lat' dir='ltr'>H.</span> 
     </span>
     <span class='ocr_line' id='line_1_25' title="bbox 217 2987 2690 3058; baseline 0.001 -22"><span class='ocrx_word' id='word_1_251' title='bbox 217 2987 270 3037; x_wconf 76' lang='lat' dir='ltr'>N.</span> <span class='ocrx_word' id='word_1_252' title='bbox 293 2989 350 3040; x_wconf 88' lang='lat' dir='ltr'>T.</span> <span class='ocrx_word' id='word_1_253' title='bbox 377 3009 428 3057; x_wconf 87' lang='lat' dir='ltr'>p.</span> <span class='ocrx_word' id='word_1_254' title='bbox 453 2993 577 3044; x_wconf 81' lang='grc'><strong>288.</strong></span> <span class='ocrx_word' id='word_1_255' title='bbox 630 2991 674 3057; x_wconf 82' lang='lat'>⁸)</span> <span class='ocrx_word' id='word_1_256' title='bbox 706 2997 751 3056; x_wconf 91' lang='lat'>1,</span> <span class='ocrx_word' id='word_1_257' title='bbox 782 2996 862 3044; x_wconf 78' lang='lat'>19.</span> <span class='ocrx_word' id='word_1_258' title='bbox 887 3010 929 3044; x_wconf 85' lang='lat' dir='ltr'>s.</span> <span class='ocrx_word' id='word_1_259' title='bbox 979 2994 1020 3058; x_wconf 85' lang='lat'>⁴)</span> <span class='ocrx_word' id='word_1_260' title='bbox 1045 2991 1126 3043; x_wconf 83' lang='lat' dir='ltr'>Cf.</span> <span class='ocrx_word' id='word_1_261' title='bbox 1151 2991 1350 3043; x_wconf 80' lang='lat' dir='ltr'>Joann.</span> <span class='ocrx_word' id='word_1_262' title='bbox 1380 2996 1425 3054; x_wconf 90' lang='lat'>1,</span> <span class='ocrx_word' id='word_1_263' title='bbox 1452 2994 1536 3042; x_wconf 88' lang='grc'>29.</span> <span class='ocrx_word' id='word_1_264' title='bbox 1561 2993 1645 3042; x_wconf 80' lang='grc'>35.</span> <span class='ocrx_word' id='word_1_265' title='bbox 1672 2993 1759 3042; x_wconf 78' lang='grc'>44.</span> <span class='ocrx_word' id='word_1_266' title='bbox 1788 2994 1839 3054; x_wconf 90' lang='grc'>2,</span> <span class='ocrx_word' id='word_1_267' title='bbox 1868 2996 1911 3041; x_wconf 91' lang='lat'>1.</span> <span class='ocrx_word' id='word_1_268' title='bbox 1943 2993 2022 3042; x_wconf 84' lang='grc'>12.</span> <span class='ocrx_word' id='word_1_269' title='bbox 2052 2993 2132 3040; x_wconf 85' lang='grc'>13.</span> <span class='ocrx_word' id='word_1_270' title='bbox 2186 2991 2228 3056; x_wconf 78' lang='lat'>⁶)</span> <span class='ocrx_word' id='word_1_271' title='bbox 2256 2993 2305 3053; x_wconf 87' lang='grc'>3,</span> <span class='ocrx_word' id='word_1_272' title='bbox 2331 2993 2414 3042; x_wconf 88' lang='grc'>23.</span> <span class='ocrx_word' id='word_1_273' title='bbox 2465 2989 2507 3056; x_wconf 83' lang='lat'>⁶)</span> <span class='ocrx_word' id='word_1_274' title='bbox 2532 2990 2690 3042; x_wconf 86' lang='lat' dir='ltr'>Hane</span> 
     </span>
     <span class='ocr_line' id='line_1_26' title="bbox 215 3079 2687 3147; baseline 0 -21"><span class='ocrx_word' id='word_1_275' title='bbox 215 3079 376 3128; x_wconf 82' lang='lat' dir='ltr'>tamen</span> <span class='ocrx_word' id='word_1_276' title='bbox 419 3081 912 3147; x_wconf 78' lang='lat' dir='ltr'>interpretationem</span> <span class='ocrx_word' id='word_1_277' title='bbox 963 3081 1076 3130; x_wconf 77' lang='lat' dir='ltr'>sive</span> <span class='ocrx_word' id='word_1_278' title='bbox 1113 3095 1354 3141; x_wconf 82' lang='lat' dir='ltr'>sensum,</span> <span class='ocrx_word' id='word_1_279' title='bbox 1404 3093 1562 3145; x_wconf 85' lang='lat' dir='ltr'>quem</span> <span class='ocrx_word' id='word_1_280' title='bbox 1597 3080 1765 3130; x_wconf 81' lang='lat' dir='ltr'>verba</span> <span class='ocrx_word' id='word_1_281' title='bbox 1799 3079 1983 3129; x_wconf 83' lang='lat' dir='ltr'>Lucae</span> <span class='ocrx_word' id='word_1_282' title='bbox 2020 3083 2069 3143; x_wconf 82' lang='grc'>3,</span> <span class='ocrx_word' id='word_1_283' title='bbox 2112 3085 2157 3131; x_wconf 90' lang='grc'>1.</span> <span class='ocrx_word' id='word_1_284' title='bbox 2193 3079 2502 3146; x_wconf 82' lang='lat' dir='ltr'>praeferunt</span> <span class='ocrx_word' id='word_1_285' title='bbox 2536 3094 2687 3144; x_wconf 86' lang='lat' dir='ltr'>repu-</span> 
     </span>
     <span class='ocr_line' id='line_1_27' title="bbox 217 3161 2691 3234; baseline 0.001 -22"><span class='ocrx_word' id='word_1_286' title='bbox 217 3161 314 3214; x_wconf 85' lang='lat' dir='ltr'>diat</span> <span class='ocrx_word' id='word_1_287' title='bbox 357 3163 810 3230; x_wconf 83' lang='lat' dir='ltr'>Sanclementius,</span> <span class='ocrx_word' id='word_1_288' title='bbox 859 3167 927 3218; x_wconf 78' lang='lat' dir='ltr'>de</span> <span class='ocrx_word' id='word_1_289' title='bbox 974 3182 1116 3218; x_wconf 81' lang='lat' dir='ltr'>anno</span> <span class='ocrx_word' id='word_1_290' title='bbox 1153 3167 1292 3218; x_wconf 88' lang='lat' dir='ltr'>dom.</span> <span class='ocrx_word' id='word_1_291' title='bbox 1335 3181 1478 3233; x_wconf 84' lang='lat' dir='ltr'>pass.</span> <span class='ocrx_word' id='word_1_292' title='bbox 1517 3181 1689 3217; x_wconf 81' lang='lat' dir='ltr'>exere.</span> <span class='ocrx_word' id='word_1_293' title='bbox 1734 3167 1915 3218; x_wconf 84' lang='lat' dir='ltr'>chron.</span> <span class='ocrx_word' id='word_1_294' title='bbox 1959 3167 2080 3220; x_wconf 85' lang='lat' dir='ltr'>add.</span> <span class='ocrx_word' id='word_1_295' title='bbox 2126 3183 2210 3234; x_wconf 91' lang='lat' dir='ltr'>op.</span> <span class='ocrx_word' id='word_1_296' title='bbox 2246 3167 2315 3218; x_wconf 88' lang='lat' dir='ltr'>de</span> <span class='ocrx_word' id='word_1_297' title='bbox 2354 3167 2493 3233; x_wconf 82' lang='lat' dir='ltr'>vulg.</span> <span class='ocrx_word' id='word_1_298' title='bbox 2532 3178 2691 3216; x_wconf 75' lang='lat' dir='ltr'>aerae</span> 
     </span>
     <span class='ocr_line' id='line_1_28' title="bbox 218 3253 2716 3321; baseline 0.002 -21"><span class='ocrx_word' id='word_1_299' title='bbox 218 3253 574 3306; x_wconf 74' lang='lat' dir='ltr'>emendatione</span> <span class='ocrx_word' id='word_1_300' title='bbox 611 3257 809 3321; x_wconf 71' lang='lat' dir='ltr'>p.*520.</span> <span class='ocrx_word' id='word_1_301' title='bbox 837 3273 878 3306; x_wconf 89' lang='lat' dir='ltr'>s.</span> <span class='ocrx_word' id='word_1_302' title='bbox 915 3257 1036 3306; x_wconf 81' lang='lat'><strong>559.</strong></span> <span class='ocrx_word' id='word_1_303' title='bbox 1061 3271 1132 3320; x_wconf 61' lang='grc' dir='ltr'>ις</span> <span class='ocrx_word' id='word_1_304' title='bbox 1171 3260 1334 3320; x_wconf 86' lang='lat' dir='ltr'>atque</span> <span class='ocrx_word' id='word_1_305' title='bbox 1371 3269 1480 3304; x_wconf 90' lang='lat' dir='ltr'>non</span> <span class='ocrx_word' id='word_1_306' title='bbox 1517 3269 1624 3304; x_wconf 84' lang='lat' dir='ltr'>uno</span> <span class='ocrx_word' id='word_1_307' title='bbox 1665 3261 1975 3318; x_wconf 83' lang='lat' dir='ltr'>argumento</span> <span class='ocrx_word' id='word_1_308' title='bbox 2014 3255 2205 3305; x_wconf 88' lang='lat' dir='ltr'>docere</span> <span class='ocrx_word' id='word_1_309' title='bbox 2244 3254 2445 3306; x_wconf 83' lang='lat' dir='ltr'>studet:</span> <span class='ocrx_word' id='word_1_310' title='bbox 2493 3263 2716 3305; x_wconf 81' lang='lat' dir='ltr'>annum&#39;</span> 
     </span>
     <span class='ocr_line' id='line_1_29' title="bbox 218 3337 2691 3407; baseline 0.002 -21"><span class='ocrx_word' id='word_1_311' title='bbox 218 3337 320 3390; x_wconf 80' lang='lat' dir='ltr'>XV.</span> <span class='ocrx_word' id='word_1_312' title='bbox 374 3341 578 3393; x_wconf 82' lang='lat' dir='ltr'>Tiberii</span> <span class='ocrx_word' id='word_1_313' title='bbox 623 3358 734 3393; x_wconf 89' lang='lat' dir='ltr'>non</span> <span class='ocrx_word' id='word_1_314' title='bbox 783 3343 852 3393; x_wconf 89' lang='lat' dir='ltr'>ad</span> <span class='ocrx_word' id='word_1_315' title='bbox 897 3343 1104 3393; x_wconf 84' lang='lat' dir='ltr'>initium</span> <span class='ocrx_word' id='word_1_316' title='bbox 1153 3343 1430 3392; x_wconf 88' lang='lat' dir='ltr'>ministerii</span> <span class='ocrx_word' id='word_1_317' title='bbox 1477 3341 1733 3403; x_wconf 62' lang='lat' dir='ltr'>hannis,</span> <span class='ocrx_word' id='word_1_318' title='bbox 1780 3357 1889 3392; x_wconf 88' lang='lat' dir='ltr'>non</span> <span class='ocrx_word' id='word_1_319' title='bbox 1937 3341 2007 3392; x_wconf 82' lang='lat' dir='ltr'>ad</span> <span class='ocrx_word' id='word_1_320' title='bbox 2053 3343 2373 3407; x_wconf 86' lang='lat' dir='ltr'>baptismum</span> <span class='ocrx_word' id='word_1_321' title='bbox 2412 3355 2447 3392; x_wconf 87' lang='lat' dir='ltr'>a</span> <span class='ocrx_word' id='word_1_322' title='bbox 2482 3340 2691 3391; x_wconf 87' lang='lat' dir='ltr'>Christo</span> 
     </span>
     <span class='ocr_line' id='line_1_30' title="bbox 217 3426 2691 3497; baseline 0.001 -23"><span class='ocrx_word' id='word_1_323' title='bbox 217 3426 266 3474; x_wconf 88' lang='lat' dir='ltr'>in</span> <span class='ocrx_word' id='word_1_324' title='bbox 304 3427 540 3481; x_wconf 79' lang='lat' dir='ltr'>Jordane</span> <span class='ocrx_word' id='word_1_325' title='bbox 587 3437 922 3497; x_wconf 77' lang='lat' dir='ltr'>susceptnm3</span> <span class='ocrx_word' id='word_1_326' title='bbox 975 3429 1070 3480; x_wconf 88' lang='lat' dir='ltr'>sed</span> <span class='ocrx_word' id='word_1_327' title='bbox 1125 3429 1194 3480; x_wconf 82' lang='lat' dir='ltr'>ad</span> <span class='ocrx_word' id='word_1_328' title='bbox 1246 3431 1416 3495; x_wconf 85' lang='lat' dir='ltr'>ipsius</span> <span class='ocrx_word' id='word_1_329' title='bbox 1462 3431 1729 3495; x_wconf 72' lang='lat' dir='ltr'>passionis</span> <span class='ocrx_word' id='word_1_330' title='bbox 1774 3435 1825 3478; x_wconf 86' lang='lat' dir='ltr'>et</span> <span class='ocrx_word' id='word_1_331' title='bbox 1880 3427 2237 3480; x_wconf 76' lang='lat' dir='ltr'>crucifixionis</span> <span class='ocrx_word' id='word_1_332' title='bbox 2284 3435 2519 3495; x_wconf 73' lang='lat' dir='ltr'>tempus,</span> <span class='ocrx_word' id='word_1_333' title='bbox 2572 3430 2691 3493; x_wconf 90' lang='lat' dir='ltr'>ipso</span> 
     </span>
     <span class='ocr_line' id='line_1_31' title="bbox 219 3511 2693 3584; baseline -0.002 -16"><span class='ocrx_word' id='word_1_334' title='bbox 219 3511 552 3582; x_wconf 74' lang='lat' dir='ltr'>Evangelista</span> <span class='ocrx_word' id='word_1_335' title='bbox 597 3515 734 3567; x_wconf 85' lang='lat' dir='ltr'>duce</span> <span class='ocrx_word' id='word_1_336' title='bbox 783 3523 944 3584; x_wconf 73' lang='lat' dir='ltr'>atque</span> <span class='ocrx_word' id='word_1_337' title='bbox 993 3519 1278 3584; x_wconf 80' lang='lat' dir='ltr'>interprete</span> <span class='ocrx_word' id='word_1_338' title='bbox 1323 3532 1442 3566; x_wconf 84' lang='lat' dir='ltr'>esse</span> <span class='ocrx_word' id='word_1_339' title='bbox 1489 3516 1837 3567; x_wconf 81' lang='lat' dir='ltr'>referendum.</span> <span class='ocrx_word' id='word_1_340' title='bbox 1898 3517 1973 3567; x_wconf 90' lang='lat' dir='ltr'>Ut</span> <span class='ocrx_word' id='word_1_341' title='bbox 2016 3521 2194 3567; x_wconf 83' lang='lat' dir='ltr'>autem</span> <span class='ocrx_word' id='word_1_342' title='bbox 2238 3514 2553 3566; x_wconf 78' lang='lat' dir='ltr'>difficultate</span> <span class='ocrx_word' id='word_1_343' title='bbox 2598 3514 2693 3565; x_wconf 87' lang='lat' dir='ltr'>illa</span> 
     </span>
     <span class='ocr_line' id='line_1_32' title="bbox 220 3605 2690 3671; baseline 0 -20"><span class='ocrx_word' id='word_1_344' title='bbox 220 3615 270 3649; x_wconf 78' lang='lat' dir='ltr'>se</span> <span class='ocrx_word' id='word_1_345' title='bbox 309 3607 554 3666; x_wconf 82' lang='lat' dir='ltr'>extricet,</span> <span class='ocrx_word' id='word_1_346' title='bbox 605 3619 746 3671; x_wconf 84' lang='lat' dir='ltr'>quae</span> <span class='ocrx_word' id='word_1_347' title='bbox 792 3607 894 3671; x_wconf 88' lang='lat' dir='ltr'>ipsi</span> <span class='ocrx_word' id='word_1_348' title='bbox 943 3611 1060 3655; x_wconf 79' lang='lat' dir='ltr'>orta</span> <span class='ocrx_word' id='word_1_349' title='bbox 1103 3611 1185 3655; x_wconf 85' lang='lat' dir='ltr'>est</span> <span class='ocrx_word' id='word_1_350' title='bbox 1231 3607 1300 3656; x_wconf 85' lang='lat' dir='ltr'>ab</span> <span class='ocrx_word' id='word_1_351' title='bbox 1351 3605 1604 3654; x_wconf 86' lang='lat' dir='ltr'>orationis</span> <span class='ocrx_word' id='word_1_352' title='bbox 1653 3609 1905 3654; x_wconf 86' lang='lat' dir='ltr'>contextu</span> <span class='ocrx_word' id='word_1_353' title='bbox 1954 3619 2095 3666; x_wconf 83' lang='lat' dir='ltr'>„non</span> <span class='ocrx_word' id='word_1_354' title='bbox 2145 3606 2454 3670; x_wconf 82' lang='lat' dir='ltr'>inprospere</span> <span class='ocrx_word' id='word_1_355' title='bbox 2496 3607 2557 3652; x_wconf 90' lang='lat' dir='ltr'>ut</span> <span class='ocrx_word' id='word_1_356' title='bbox 2591 3617 2690 3669; x_wconf 77' lang='lat' dir='ltr'>ego</span> 
     </span>
     <span class='ocr_line' id='line_1_33' title="bbox 223 3688 2693 3759; baseline 0.001 -22"><span class='ocrx_word' id='word_1_357' title='bbox 223 3688 430 3754; x_wconf 83' lang='lat' dir='ltr'>quidem,</span> <span class='ocrx_word' id='word_1_358' title='bbox 468 3692 613 3755; x_wconf 89' lang='lat' dir='ltr'>dicit,</span> <span class='ocrx_word' id='word_1_359' title='bbox 655 3693 910 3755; x_wconf 85' lang='lat' dir='ltr'>existimo,</span> <span class='ocrx_word' id='word_1_360' title='bbox 949 3692 1004 3742; x_wconf 92' lang='lat' dir='ltr'>id</span> <span class='ocrx_word' id='word_1_361' title='bbox 1041 3693 1256 3759; x_wconf 80' lang='lat' dir='ltr'>assequi</span> <span class='ocrx_word' id='word_1_362' title='bbox 1294 3691 1422 3742; x_wconf 88' lang='lat' dir='ltr'>licet</span> <span class='ocrx_word' id='word_1_363' title='bbox 1455 3707 1564 3742; x_wconf 86' lang='lat' dir='ltr'>uno</span> <span class='ocrx_word' id='word_1_364' title='bbox 1611 3692 1889 3742; x_wconf 87' lang='lat' dir='ltr'>interiecto</span> <span class='ocrx_word' id='word_1_365' title='bbox 1926 3695 2127 3758; x_wconf 87' lang='lat' dir='ltr'>puncto</span> <span class='ocrx_word' id='word_1_366' title='bbox 2163 3693 2302 3742; x_wconf 86' lang='lat' dir='ltr'>inter</span> <span class='ocrx_word' id='word_1_367' title='bbox 2336 3693 2501 3742; x_wconf 82' lang='lat' dir='ltr'>verba</span> <span class='ocrx_word' id='word_1_368' title='bbox 2536 3690 2693 3741; x_wconf 76' lang='lat' dir='ltr'>Anna</span> 
     </span>
     <span class='ocr_line' id='line_1_34' title="bbox 223 3775 2692 3846; baseline 0.001 -22"><span class='ocrx_word' id='word_1_369' title='bbox 223 3779 268 3824; x_wconf 87' lang='lat' dir='ltr'>et</span> <span class='ocrx_word' id='word_1_370' title='bbox 309 3775 537 3846; x_wconf 77' lang='lat' dir='ltr'>caipha,</span> <span class='ocrx_word' id='word_1_371' title='bbox 585 3785 640 3830; x_wconf 89' lang='lat' dir='ltr'>et</span> <span class='ocrx_word' id='word_1_372' title='bbox 685 3779 1122 3846; x_wconf 83' lang='lat' dir='ltr'>subsequentium</span> <span class='ocrx_word' id='word_1_373' title='bbox 1166 3779 1366 3829; x_wconf 78' lang='lat' dir='ltr'>sactum</span> <span class='ocrx_word' id='word_1_374' title='bbox 1415 3784 1498 3830; x_wconf 82' lang='lat' dir='ltr'>est</span> <span class='ocrx_word' id='word_1_375' title='bbox 1541 3778 1801 3841; x_wconf 84' lang='lat' dir='ltr'>Verbum,</span> <span class='ocrx_word' id='word_1_376' title='bbox 1848 3793 1953 3844; x_wconf 87' lang='lat' dir='ltr'>quo</span> <span class='ocrx_word' id='word_1_377' title='bbox 2000 3780 2177 3844; x_wconf 84' lang='lat' dir='ltr'>posito</span> <span class='ocrx_word' id='word_1_378' title='bbox 2224 3778 2497 3830; x_wconf 85' lang='lat' dir='ltr'>dissidium</span> <span class='ocrx_word' id='word_1_379' title='bbox 2536 3791 2692 3828; x_wconf 87' lang='lat' dir='ltr'>omne</span> 
     </span>
     <span class='ocr_line' id='line_1_35' title="bbox 223 3864 2691 3931; baseline 0 -17"><span class='ocrx_word' id='word_1_380' title='bbox 223 3868 562 3931; x_wconf 81' lang='lat' dir='ltr'>componitur,</span> <span class='ocrx_word' id='word_1_381' title='bbox 611 3867 866 3917; x_wconf 81' lang='lat' dir='ltr'>orationis</span> <span class='ocrx_word' id='word_1_382' title='bbox 914 3881 1085 3917; x_wconf 86' lang='lat' dir='ltr'>nexus</span> <span class='ocrx_word' id='word_1_383' title='bbox 1129 3865 1436 3931; x_wconf 86' lang='lat' dir='ltr'>nitidusque</span> <span class='ocrx_word' id='word_1_384' title='bbox 1486 3866 1602 3916; x_wconf 82' lang='lat' dir='ltr'>eius</span> <span class='ocrx_word' id='word_1_385' title='bbox 1651 3881 1841 3916; x_wconf 85' lang='lat' dir='ltr'>sensus</span> <span class='ocrx_word' id='word_1_386' title='bbox 1880 3871 1933 3916; x_wconf 82' lang='lat' dir='ltr'>et</span> <span class='ocrx_word' id='word_1_387' title='bbox 1968 3866 2098 3916; x_wconf 89' lang='lat' dir='ltr'>ordo</span> <span class='ocrx_word' id='word_1_388' title='bbox 2134 3867 2473 3918; x_wconf 77' lang='lat' dir='ltr'>restituimr.“</span> <span class='ocrx_word' id='word_1_389' title='bbox 2535 3864 2691 3926; x_wconf 81' lang='lat' dir='ltr'>Quod</span> 
     </span>
     <span class='ocr_line' id='line_1_36' title="bbox 226 3951 2693 4019; baseline -0 -16"><span class='ocrx_word' id='word_1_390' title='bbox 226 3959 500 4016; x_wconf 77' lang='lat' dir='ltr'>opportune</span> <span class='ocrx_word' id='word_1_391' title='bbox 545 3971 588 4004; x_wconf 90' lang='lat' dir='ltr'>s.</span> <span class='ocrx_word' id='word_1_392' title='bbox 623 3953 804 4004; x_wconf 86' lang='lat' dir='ltr'>Lucas</span> <span class='ocrx_word' id='word_1_393' title='bbox 851 3953 1097 4016; x_wconf 82' lang='lat' dir='ltr'>dixisset,</span> <span class='ocrx_word' id='word_1_394' title='bbox 1145 3968 1252 4019; x_wconf 86' lang='lat' dir='ltr'>quo</span> <span class='ocrx_word' id='word_1_395' title='bbox 1290 3967 1432 4003; x_wconf 85' lang='lat' dir='ltr'>anno</span> <span class='ocrx_word' id='word_1_396' title='bbox 1471 3951 1715 4004; x_wconf 85' lang='lat' dir='ltr'>Christus</span> <span class='ocrx_word' id='word_1_397' title='bbox 1750 3959 1988 4003; x_wconf 86' lang='lat' dir='ltr'>mortuus</span> <span class='ocrx_word' id='word_1_398' title='bbox 2025 3955 2116 4016; x_wconf 85' lang='lat' dir='ltr'>sit,</span> <span class='ocrx_word' id='word_1_399' title='bbox 2167 3953 2536 4016; x_wconf 76' lang='lat' dir='ltr'>concedimus3</span> <span class='ocrx_word' id='word_1_400' title='bbox 2582 3965 2693 4002; x_wconf 89' lang='lat' dir='ltr'>non</span> 
     </span>
     <span class='ocr_line' id='line_1_37' title="bbox 221 4039 2689 4107; baseline 0 -21"><span class='ocrx_word' id='word_1_401' title='bbox 221 4041 376 4090; x_wconf 61' lang='lat' dir='ltr'>nmen</span> <span class='ocrx_word' id='word_1_402' title='bbox 411 4043 736 4104; x_wconf 79' lang='lat' dir='ltr'>necessario,</span> <span class='ocrx_word' id='word_1_403' title='bbox 773 4057 895 4092; x_wconf 88' lang='lat' dir='ltr'>cum</span> <span class='ocrx_word' id='word_1_404' title='bbox 931 4055 1106 4107; x_wconf 86' lang='lat' dir='ltr'>neque</span> <span class='ocrx_word' id='word_1_405' title='bbox 1145 4042 1308 4091; x_wconf 87' lang='lat' dir='ltr'>ceteri</span> <span class='ocrx_word' id='word_1_406' title='bbox 1343 4039 1725 4107; x_wconf 79' lang='lat' dir='ltr'>Evangelistae</span> <span class='ocrx_word' id='word_1_407' title='bbox 1762 4039 1817 4090; x_wconf 89' lang='lat' dir='ltr'>id</span> <span class='ocrx_word' id='word_1_408' title='bbox 1853 4039 2097 4090; x_wconf 84' lang='lat' dir='ltr'>dixerint.</span> <span class='ocrx_word' id='word_1_409' title='bbox 2145 4040 2245 4090; x_wconf 78' lang='lat' dir='ltr'>Ast</span> <span class='ocrx_word' id='word_1_410' title='bbox 2276 4041 2689 4106; x_wconf 84' lang='lat' dir='ltr'>inopportunum</span> 
     </span>
     <span class='ocr_line' id='line_1_38' title="bbox 223 4121 2691 4195; baseline 0.001 -22"><span class='ocrx_word' id='word_1_411' title='bbox 223 4121 388 4178; x_wconf 74' lang='lat' dir='ltr'>fuisset</span> <span class='ocrx_word' id='word_1_412' title='bbox 429 4143 594 4195; x_wconf 82' lang='lat' dir='ltr'>qnam</span> <span class='ocrx_word' id='word_1_413' title='bbox 629 4130 881 4194; x_wconf 67' lang='lat' dir='ltr'>maxime,</span> <span class='ocrx_word' id='word_1_414' title='bbox 929 4128 984 4178; x_wconf 85' lang='lat' dir='ltr'>id</span> <span class='ocrx_word' id='word_1_415' title='bbox 1033 4143 1098 4178; x_wconf 92' lang='lat' dir='ltr'>eo</span> <span class='ocrx_word' id='word_1_416' title='bbox 1148 4127 1270 4178; x_wconf 87' lang='lat' dir='ltr'>loco</span> <span class='ocrx_word' id='word_1_417' title='bbox 1320 4128 1522 4190; x_wconf 84' lang='lat' dir='ltr'>dicere,</span> <span class='ocrx_word' id='word_1_418' title='bbox 1567 4128 1665 4178; x_wconf 88' lang='lat' dir='ltr'>ubi</span> <span class='ocrx_word' id='word_1_419' title='bbox 1699 4125 1795 4177; x_wconf 87' lang='lat' dir='ltr'>illa</span> <span class='ocrx_word' id='word_1_420' title='bbox 1828 4127 2116 4190; x_wconf 77' lang='lat' dir='ltr'>referebat,</span> <span class='ocrx_word' id='word_1_421' title='bbox 2166 4142 2307 4192; x_wconf 85' lang='lat' dir='ltr'>quae</span> <span class='ocrx_word' id='word_1_422' title='bbox 2342 4125 2691 4193; x_wconf 78' lang='lat' dir='ltr'>quadriennio</span> 
     </span>
     <span class='ocr_line' id='line_1_39' title="bbox 223 4213 2691 4282; baseline -0 -19"><span class='ocrx_word' id='word_1_423' title='bbox 223 4219 330 4263; x_wconf 70' lang='lat' dir='ltr'>ante</span> <span class='ocrx_word' id='word_1_424' title='bbox 361 4220 516 4282; x_wconf 77' lang='lat' dir='ltr'>gesta</span> <span class='ocrx_word' id='word_1_425' title='bbox 549 4215 768 4265; x_wconf 78' lang='lat' dir='ltr'>suerunt</span> <span class='ocrx_word' id='word_1_426' title='bbox 801 4221 962 4282; x_wconf 84' lang='lat' dir='ltr'>atque</span> <span class='ocrx_word' id='word_1_427' title='bbox 999 4216 1076 4266; x_wconf 89' lang='lat' dir='ltr'>ita</span> <span class='ocrx_word' id='word_1_428' title='bbox 1111 4213 1305 4276; x_wconf 82' lang='lat' dir='ltr'>dicere,</span> <span class='ocrx_word' id='word_1_429' title='bbox 1357 4214 1803 4281; x_wconf 81' lang='lat' dir='ltr'>quemadmodum</span> <span class='ocrx_word' id='word_1_430' title='bbox 1837 4221 1981 4266; x_wconf 87' lang='lat' dir='ltr'>recte</span> <span class='ocrx_word' id='word_1_431' title='bbox 2018 4216 2267 4265; x_wconf 82' lang='lat' dir='ltr'>observat</span> <span class='ocrx_word' id='word_1_432' title='bbox 2306 4213 2578 4274; x_wconf 84' lang='lat' dir='ltr'>Patritius‚</span> <span class='ocrx_word' id='word_1_433' title='bbox 2626 4213 2691 4263; x_wconf 89' lang='lat' dir='ltr'>dc</span> 
     </span>
     <span class='ocr_line' id='line_1_40' title="bbox 225 4285 2691 4370; baseline 0.001 -22"><span class='ocrx_word' id='word_1_434' title='bbox 225 4298 407 4368; x_wconf 65' lang='grc' dir='ltr'><strong>Ιίνιιις.</strong></span> <span class='ocrx_word' id='word_1_435' title='bbox 441 4301 565 4366; x_wconf 85' lang='lat' dir='ltr'>vn,</span> <span class='ocrx_word' id='word_1_436' title='bbox 604 4305 688 4354; x_wconf 78' lang='grc'>39.</span> <span class='ocrx_word' id='word_1_437' title='bbox 725 4319 776 4370; x_wconf 89' lang='lat' dir='ltr'>p.</span> <span class='ocrx_word' id='word_1_438' title='bbox 816 4305 898 4354; x_wconf 79' lang='lat'>48.</span> <span class='ocrx_word' id='word_1_439' title='bbox 951 4309 1012 4354; x_wconf 86' lang='lat' dir='ltr'>ut</span> <span class='ocrx_word' id='word_1_440' title='bbox 1059 4319 1159 4353; x_wconf 86' lang='lat' dir='ltr'>nec</span> <span class='ocrx_word' id='word_1_441' title='bbox 1209 4301 1446 4370; x_wconf 81' lang='lat' dir='ltr'>Oedipus</span> <span class='ocrx_word' id='word_1_442' title='bbox 1493 4304 1807 4366; x_wconf 87' lang='lat' dir='ltr'>coniiceret,</span> <span class='ocrx_word' id='word_1_443' title='bbox 1859 4285 1979 4354; x_wconf 64' lang='lat' dir='ltr'>eum</span> <span class='ocrx_word' id='word_1_444' title='bbox 2027 4301 2175 4367; x_wconf 86' lang='lat' dir='ltr'>loqui</span> <span class='ocrx_word' id='word_1_445' title='bbox 2212 4301 2279 4351; x_wconf 88' lang='lat' dir='ltr'>de</span> <span class='ocrx_word' id='word_1_446' title='bbox 2315 4315 2459 4352; x_wconf 82' lang='lat' dir='ltr'>anno</span> <span class='ocrx_word' id='word_1_447' title='bbox 2496 4299 2691 4350; x_wconf 87' lang='lat' dir='ltr'>Christi</span> 
     </span>
     <span class='ocr_line' id='line_1_41' title="bbox 224 4389 2689 4457; baseline 0.001 -21"><span class='ocrx_word' id='word_1_448' title='bbox 224 4401 466 4452; x_wconf 73' lang='lat' dir='ltr'>supremo.</span> <span class='ocrx_word' id='word_1_449' title='bbox 538 4389 788 4441; x_wconf 82' lang='lat' dir='ltr'>Adhibito</span> <span class='ocrx_word' id='word_1_450' title='bbox 839 4395 1068 4457; x_wconf 84' lang='lat' dir='ltr'>puncto;</span> <span class='ocrx_word' id='word_1_451' title='bbox 1124 4391 1266 4456; x_wconf 88' lang='lat' dir='ltr'>qnod</span> <span class='ocrx_word' id='word_1_452' title='bbox 1321 4389 1745 4441; x_wconf 84' lang='lat' dir='ltr'>Sanclementius</span> <span class='ocrx_word' id='word_1_453' title='bbox 1800 4391 2143 4455; x_wconf 80' lang='lat' dir='ltr'>excogitavit,</span> <span class='ocrx_word' id='word_1_454' title='bbox 2202 4390 2409 4440; x_wconf 88' lang='lat' dir='ltr'>initium</span> <span class='ocrx_word' id='word_1_455' title='bbox 2465 4403 2583 4455; x_wconf 84' lang='lat' dir='ltr'>cap.</span> <span class='ocrx_word' id='word_1_456' title='bbox 2641 4389 2689 4438; x_wconf 89' lang='grc'><strong>3.</strong></span> 
     </span>
     <span class='ocr_line' id='line_1_42' title="bbox 227 4474 2690 4544; baseline 0.002 -23"><span class='ocrx_word' id='word_1_457' title='bbox 227 4489 260 4522; x_wconf 80' lang='lat' dir='ltr'>s.</span> <span class='ocrx_word' id='word_1_458' title='bbox 280 4474 454 4528; x_wconf 80' lang='lat' dir='ltr'>Lucae</span> <span class='ocrx_word' id='word_1_459' title='bbox 491 4483 698 4528; x_wconf 81' lang='lat' dir='ltr'>careret</span> <span class='ocrx_word' id='word_1_460' title='bbox 734 4480 922 4543; x_wconf 81' lang='lat' dir='ltr'>verb03</span> <span class='ocrx_word' id='word_1_461' title='bbox 957 4493 1060 4528; x_wconf 88' lang='lat' dir='ltr'>nec</span> <span class='ocrx_word' id='word_1_462' title='bbox 1097 4485 1238 4529; x_wconf 86' lang='lat' dir='ltr'>esset</span> <span class='ocrx_word' id='word_1_463' title='bbox 1271 4479 1374 4528; x_wconf 84' lang='lat' dir='ltr'>nisi</span> <span class='ocrx_word' id='word_1_464' title='bbox 1409 4477 1598 4529; x_wconf 84' lang='lat' dir='ltr'>titulus</span> <span class='ocrx_word' id='word_1_465' title='bbox 1636 4493 1846 4541; x_wconf 86' lang='lat' dir='ltr'>eorum,</span> <span class='ocrx_word' id='word_1_466' title='bbox 1898 4491 2039 4544; x_wconf 87' lang='lat' dir='ltr'>quae</span> <span class='ocrx_word' id='word_1_467' title='bbox 2075 4477 2235 4543; x_wconf 80' lang='lat' dir='ltr'>longe</span> <span class='ocrx_word' id='word_1_468' title='bbox 2270 4477 2455 4544; x_wconf 87' lang='lat' dir='ltr'>procul</span> <span class='ocrx_word' id='word_1_469' title='bbox 2493 4477 2549 4526; x_wconf 85' lang='lat' dir='ltr'>in</span> <span class='ocrx_word' id='word_1_470' title='bbox 2585 4475 2690 4526; x_wconf 74' lang='lat' dir='ltr'>tine</span> 
     </span>
     <span class='ocr_line' id='line_1_43' title="bbox 225 4557 2689 4629; baseline 0.001 -20"><span class='ocrx_word' id='word_1_471' title='bbox 225 4557 326 4612; x_wconf 85' lang='lat' dir='ltr'>libri</span> <span class='ocrx_word' id='word_1_472' title='bbox 371 4565 548 4629; x_wconf 82' lang='lat' dir='ltr'>posita</span> <span class='ocrx_word' id='word_1_473' title='bbox 594 4564 854 4629; x_wconf 76' lang='lat' dir='ltr'>leguntur.</span> <span class='ocrx_word' id='word_1_474' title='bbox 919 4566 1119 4616; x_wconf 85' lang='lat' dir='ltr'>Verum</span> <span class='ocrx_word' id='word_1_475' title='bbox 1164 4571 1218 4616; x_wconf 89' lang='lat' dir='ltr'>et</span> <span class='ocrx_word' id='word_1_476' title='bbox 1263 4565 1514 4615; x_wconf 84' lang='lat' dir='ltr'>Pontium</span> <span class='ocrx_word' id='word_1_477' title='bbox 1557 4565 1789 4615; x_wconf 81' lang='lat' dir='ltr'>Pilatum</span> <span class='ocrx_word' id='word_1_478' title='bbox 1836 4564 1905 4615; x_wconf 82' lang='lat' dir='ltr'>ad</span> <span class='ocrx_word' id='word_1_479' title='bbox 1952 4563 2073 4614; x_wconf 81' lang='lat' dir='ltr'>illas</span> <span class='ocrx_word' id='word_1_480' title='bbox 2120 4566 2364 4629; x_wconf 80' lang='lat' dir='ltr'>regiones</span> <span class='ocrx_word' id='word_1_481' title='bbox 2410 4579 2517 4615; x_wconf 86' lang='lat' dir='ltr'>non</span> <span class='ocrx_word' id='word_1_482' title='bbox 2564 4568 2689 4612; x_wconf 83' lang='lat' dir='ltr'>ante</span> 
     </span>
     <span class='ocr_line' id='line_1_44' title="bbox 228 4650 2691 4718; baseline 0.001 -19"><span class='ocrx_word' id='word_1_483' title='bbox 228 4657 462 4701; x_wconf 74' lang='lat' dir='ltr'>aestatem</span> <span class='ocrx_word' id='word_1_484' title='bbox 508 4652 572 4703; x_wconf 77' lang='lat' dir='ltr'>A.</span> <span class='ocrx_word' id='word_1_485' title='bbox 617 4652 682 4704; x_wconf 86' lang='lat' dir='ltr'>U.</span> <span class='ocrx_word' id='word_1_486' title='bbox 728 4653 843 4704; x_wconf 75' lang='lat'><strong>⁷7⁹.</strong></span> <span class='ocrx_word' id='word_1_487' title='bbox 891 4653 1121 4718; x_wconf 81' lang='lat' dir='ltr'>venisse,</span> <span class='ocrx_word' id='word_1_488' title='bbox 1170 4653 1393 4704; x_wconf 82' lang='lat' dir='ltr'>inferius</span> <span class='ocrx_word' id='word_1_489' title='bbox 1449 4652 1765 4704; x_wconf 79' lang='lat' dir='ltr'>videbimus.</span> <span class='ocrx_word' id='word_1_490' title='bbox 1838 4651 1945 4704; x_wconf 79' lang='lat' dir='ltr'>Sed</span> <span class='ocrx_word' id='word_1_491' title='bbox 1994 4653 2154 4703; x_wconf 84' lang='lat' dir='ltr'>etiam</span> <span class='ocrx_word' id='word_1_492' title='bbox 2208 4650 2561 4704; x_wconf 83' lang='lat' dir='ltr'>examinanda</span> <span class='ocrx_word' id='word_1_493' title='bbox 2610 4657 2691 4704; x_wconf 82' lang='lat' dir='ltr'>est</span> 
     </span>
    </p>
   </div>
  </div>
 </body>
</html>
