3267 5259
568 388 699 454 374
1308 402 1423 443 nist.
1454 400 1561 443 Rev.
1590 400 1681 442 div.
1711 400 1880 443 Ροτὶοᾱ.
1909 400 1963 441 11.
1985 412 2080 451 cap.
2109 398 2306 451 prinum.

570 576 943 644 perditissima.
1016 576 1223 639 Quodsi
1275 592 1317 627 s.
1355 578 1557 628 Paulus
1612 576 1700 627 vel
1754 576 1971 642 aliquod
2024 575 2292 625 hominum
2345 590 2538 640 genus,
2594 575 2682 625 vel
2733 576 3038 640 impietatem

568 678 825 715 summam
870 662 1169 729 significare
1206 664 1481 730 cupiebat,
1528 664 1781 714 monendi
1817 666 1970 713 erant
2004 662 2255 724 lectores,
2297 678 2362 711 ne
2399 661 2466 711 de
2501 661 2780 711 individuo
2822 661 3037 727 quodam

570 753 883 815 cogitarent.
945 768 990 800 c.
1028 748 1317 801 Attendere
1355 754 1565 817 oportet
1601 750 1670 800 ad
1708 750 1828 799 loca
1867 748 1918 799 S.
1956 749 2008 799 S.
2046 750 2111 799 U.
2147 748 2208 797 F.
2248 748 2656 814 descriptionem
2707 764 2880 797 rerum
2914 749 3037 796 futu-

570 852 746 887 rarum
802 837 1131 899 exhibentia,
1194 852 1417 903 quorum
1479 837 1614 887 ratio
1677 840 1980 887 contextum
2035 836 2280 901 Apostoli
2334 835 2600 885 illustrare
2653 836 2850 885 valeat.
2921 834 3040 883 Sunt

570 928 747 974 autem
772 940 954 973 eorum
976 924 1231 991 imprimis
1256 926 1395 975 Dan.
1416 926 1464 985 8,
1488 926 1569 974 12.
1590 926 1674 975 23.
1695 940 1736 974 s.
1777 926 1860 986 11,
1881 926 1964 973 30.
1983 937 2025 972 s.
2067 924 2148 983 12,
2171 924 2218 973 1.
2239 938 2280 971 s.
2318 938 2364 972 c.
2385 938 2431 971 c.
2451 921 2640 972 Matth.
2665 924 2750 971 24.
2789 922 2948 972 Marc.
2969 926 3040 971 13.

570 1012 705 1059 Luc.
734 1013 815 1059 21.
852 1010 1127 1077 multaque
1164 1026 1260 1076 per
1296 1009 1550 1077 epistolas
1568 1015 1630 1060 et
1653 1010 2033 1076 Apocalypsin!
2069 1026 2113 1061 s.
2137 1009 2366 1060 Joannis
2403 1009 2610 1072 diffusa,
2651 1010 2844 1075 quibus
2880 1010 3040 1059 Evan-

574 1097 791 1163 gelistes
848 1112 890 1147 s.
932 1096 1087 1146 Pauli
1142 1098 1434 1149 sententias
1490 1098 1644 1162 quasi
1699 1098 2076 1148 commentario
2132 1096 2361 1147 donasse
2409 1096 2635 1146 videtur.
2696 1096 2882 1145 Priora
2927 1098 3040 1161 quin

571 1184 858 1251 Apostolus
898 1186 1204 1249 respexerit,
1244 1186 1332 1233 vix
1370 1182 1603 1233 dubitari
1640 1186 1850 1250 poterit.
1911 1183 1974 1233 In
2011 1188 2219 1249 promtu
2247 1182 2458 1248 quidem
2496 1188 2578 1232 est
2611 1198 2752 1248 quae
2787 1183 2820 1231 1.
2848 1199 2892 1232 c.
2919 1184 3039 1233 Dan.

569 1271 861 1333 habentur,
908 1286 1015 1321 non
1060 1286 1278 1336 prorsus
1326 1270 1511 1321 eadem
1558 1285 1675 1320 esse
1714 1286 1834 1319 cum
1880 1270 2147 1321 Paulinis:
2194 1284 2378 1319 verum
2413 1274 2566 1319 tanta
2599 1270 2742 1319 inter
2783 1272 3040 1335 utriusque

570 1358 739 1408 verba
792 1359 1052 1423 reperitur
1106 1357 1371 1423 analogia,
1426 1363 1487 1407 ut
1539 1357 1624 1407 vel
1679 1358 2001 1423 imaginibus
2054 1357 2346 1407 Danielicis
2398 1356 2670 1423 loquatur.
2749 1356 3042 1407 Orationem

572 1444 773 1495 Christi
812 1444 1261 1509 eschatologicam
1298 1445 1468 1495 Paulo
1512 1446 1780 1511 cognitam
1818 1445 2008 1507 fuisse,
2055 1444 2126 1494 ad
2160 1458 2388 1510 eamque
2423 1444 2693 1494 reflexisse
2729 1443 3042 1509 Apostolum,

572 1532 769 1583 docent
788 1546 870 1582 res
892 1535 944 1581 et
963 1532 1142 1581 verba.
1182 1531 1516 1597 Quamquam
1538 1533 1678 1581 enim
1699 1530 1938 1581 Christus
1957 1532 2012 1581 in
2032 1530 2135 1581 hoc
2159 1546 2402 1581 sermone
2426 1530 2558 1580 nihil
2585 1530 2650 1581 de
2675 1546 2802 1581 uno
2829 1530 3042 1597 quodam

572 1620 767 1685 insigni
816 1618 1200 1669 adversario
1249 1634 1363 1669 suo
1408 1617 1701 1685 aliquando
1745 1618 2020 1686 prodituro
2063 1616 2411 1685 praedixerit,
2457 1618 2579 1668 coll.
2617 1618 2806 1668 Matth.
2843 1621 2936 1681 24,
2971 1620 3045 1667 24.

574 1712 751 1756 tamen
787 1706 888 1756 nisi
914 1706 993 1757 vis
1020 1706 1189 1756 omnis
1229 1705 1359 1756 locis
1396 1705 1670 1771 parallelis
1707 1705 2026 1770 denegetur3
2065 1704 2442 1757 assumendum
2475 1705 2545 1755 ad
2581 1706 2840 1757 orationis
2865 1704 3042 1755 Christi

574 1794 781 1855 seriem,
820 1792 998 1859 quoad
1034 1808 1132 1858 per
1168 1794 1334 1844 verba
1365 1798 1678 1859 ceterasque
1723 1807 1808 1843 res
1843 1792 2070 1854 licuerit,
2115 1795 2172 1842 in
2209 1793 2645 1859 interpretatione
2682 1792 2733 1843 h.
2771 1792 2806 1842 L
2843 1793 3044 1858 respici-

577 1878 771 1929 endum
809 1894 944 1930 esse.
994 1878 1046 1928 S.
1074 1879 1275 1928 Paulus
1313 1880 1569 1945 imprimis
1607 1880 1956 1929 attentionem
1992 1879 2548 1931 Thessalonicensium
2578 1879 2648 1929 ad
2673 1880 3048 1945 apparitionem

580 1966 699 2028 „reti
740 1962 1101 2034 Ἄντιχρίστου“
1150 1964 1377 2031 dirigere
1419 1964 1606 2016 voluit.
1668 1964 2004 2017 Intellexisse
2040 1965 2379 2031 Apostolum,
2427 1982 2546 2015 cum
2585 1966 2652 2015 de
2687 1965 2901 2016 homine
2935 1982 2977 2015 τ.
3009 1960 3046 2013 ἆ.

573 2054 855 2114 scriberet,
913 2054 1007 2119 qui
1048 2054 1287 2119 proxime
1333 2052 1682 2118 praecederet
1725 2049 1994 2119 παρουσίαν
2038 2054 2280 2115 Domini,
2329 2053 2479 2103 illum
2528 2068 2688 2118 quem
2736 2053 2789 2102 d.
2823 2052 3050 2103 Joannes

574 2145 733 2190 vocat
768 2133 1148 2208 „e'zvttyfmow‘
1192 2138 1339 2190 haud
1388 2138 1549 2189 dubie
1584 2139 1942 2189 concedimus.
2003 2140 2140 2191 Coll.
2178 2140 2220 2190 Ι.
2254 2139 2344 2193 Jo.
2379 2142 2436 2201 2,
2475 2140 2556 2191 18.
2603 2140 2774 2205 Apoc-
2810 2142 2904 2202 13,
2939 2142 2982 2189 7.
3013 2157 3048 2189 s.

577 2228 665 2289 17,
704 2229 785 2277 14.
821 2242 861 2276 s.
915 2228 1004 2288 19,
1044 2228 1125 2276 19.
1160 2242 1201 2276 s.
1260 2226 1467 2277 Nomen
1507 2225 1816 2276 Antichristi
1863 2242 1928 2275 ex
1963 2226 2200 2291 generali
2237 2228 2480 2289 notione,
2527 2242 2638 2293 qua
2673 2232 2961 2291 usurpatur
2993 2226 3048 2274 de

576 2314 837 2375 omnibus,
878 2314 967 2378 qui
1004 2313 1139 2363 Jesu
1176 2312 1386 2363 Christo
1426 2314 1678 2363 contrarii
1717 2317 1843 2363 sunt
1877 2314 1920 2363 Ι.
1954 2313 2041 2363 Jo.
2079 2316 2128 2376 2,
2163 2316 2246 2363 22.
2293 2315 2340 2375 4,
2379 2316 2426 2365 3.
2464 2313 2534 2363 IL
2571 2330 2624 2362 v.
2661 2314 2708 2363 7.
2747 2312 3047 2371 derivatum,

575 2402 788 2466 proprie
824 2416 867 2449 κ.
907 2416 941 2449 ε.
982 2400 1307 2465 assignatum
1344 2406 1427 2451 est
1462 2401 1535 2449 ei:
1575 2401 1667 2467 qui
1701 2401 1758 2451 in
1793 2398 1900 2449 fine
1937 2400 2118 2450 mundi
2155 2416 2317 2465 super
2351 2414 2551 2461 omnes,
2591 2401 2686 2466 qui
2723 2406 2848 2451 aute
2885 2402 3046 2466 ipsum

574 2487 786 2549 fuerint,
826 2485 1037 2537 Christo
1074 2488 1295 2553 eiusque
1333 2488 1658 2553 sequacibus
1695 2490 1994 2539 contrarius
2033 2493 2115 2539 est
2147 2487 2373 2537 futurus.
2433 2486 2514 2537 Cf.
2557 2487 2804 2549 Calm0ti,
2855 2487 3047 2539 dissert.

574 2574 641 2624 de
677 2573 1001 2625 Antichristo
1038 2592 1089 2640 p.
1128 2576 1247 2624 410.
1309 2574 1593 2625 Hominem
1628 2576 1684 2625 in
1723 2592 1828 2642 quo
1867 2581 1921 2627 et
1955 2590 2050 2641 per
2087 2590 2246 2641 quem
2291 2574 2526 2625 malitiae
2571 2589 2702 2625 suae
2739 2576 2846 2624 vim
2885 2579 3048 2625 exeret

574 2660 825 2724 daemon,
873 2663 963 2727 qui
1013 2666 1067 2711 et
1111 2662 1227 2726 ipse
1271 2661 1480 2713 futurus
1527 2667 1610 2713 est
1653 2664 1912 2713 maximus
1964 2666 2217 2728 peccator
2263 2666 2318 2711 et
2362 2664 2420 2711 in
2463 2662 2810 2729 gravissimos
2856 2676 3048 2712 errores

575 2762 735 2812 quam
770 2748 1025 2815 plurimos
1061 2746 1394 2810 inducturus,
1432 2754 1594 2815 atque
1632 2763 1666 2799 a
1701 2764 1759 2799 se
1788 2749 2040 2815 deceptos
2079 2754 2300 2800 aeterna
2334 2749 2630 2816 perditione
2669 2766 2852 2800 secum
2889 2750 3050 2799 tabet

574 2836 629 2883 in
665 2835 945 2885 infernum.
1004 2834 1092 2885 Ita
1128 2832 1180 2884 S.
1215 2835 1577 2901 Augustinus,
1624 2851 1708 2901 ep.
1747 2838 1862 2887 199.
1909 2836 1978 2886 ad
2013 2836 2344 2901 Hesychium
2389 2836 2454 2886 de
2499 2835 2606 2886 fine
2651 2836 2856 2887 saeculi
2891 2854 2941 2887 u.
2979 2839 3049 2885 11.

576 2938 627 2987 p.
668 2923 782 2971 746.
842 2920 895 2971 S.
928 2922 1126 2973 Joann.
1164 2922 1558 2985 Damascenus,
1608 2922 1674 2973 de
1711 2922 1816 2973 fide
1853 2923 1986 2973 orth-
2021 2924 2072 2985 4,
2107 2926 2190 2975 26.
2228 2940 2283 2990 p.
2315 2926 2433 2975 800.
2493 2924 2696 2985 Quodsi
2743 2924 2880 2975 haec
2919 2928 3050 2973 recte

576 3008 849 3073 disputata
872 3014 1011 3071 sunt,
1040 3024 1149 3059 non
1172 3008 1335 3075 plane
1359 3010 1672 3076 impervium
1701 3011 1800 3059 erit
1823 3010 2161 3076 aliquatenus
2187 3011 2448 3076 suspicari
2471 3010 2600 3076 quid
2619 3011 2720 3061 sibi
2745 3010 2896 3071 velit,
2919 3009 3050 3077 quod

576 3110 734 3160 porro
774 3095 849 3145 ait
884 3090 946 3156 „6
982 3092 1259 3164 κατέχων“,
1294 3096 1451 3161 Vulg.
1494 3102 1583 3157 „ut
1622 3097 1714 3162 qui
1750 3101 1897 3147 tenet
1937 3112 2104 3158 nunc,
2143 3101 2373 3148 teneat.“
2433 3097 2722 3148 Verissime
2758 3097 2812 3147 J.
2849 3096 3047 3154 Grimm,

576 3182 668 3231 der
703 3178 923 3250 κατέχων
950 3181 1044 3232 des
1079 3181 1150 3231 H.
1177 3181 1362 3233 Thess.
1388 3182 1476 3232 Br.
1513 3182 1862 3234 Stadtamhof.
1890 3184 2040 3234 1861.
2077 3201 2130 3249 p.
2160 3185 2240 3234 11.
2267 3200 2310 3233 s.
2345 3183 2445 3233 sub
2482 3184 2554 3251 τῷ
2589 3181 2848 3252 κατέχοντι
2881 3182 3046 3235 docuit

574 3268 978 3333 intelligendum
1016 3284 1135 3319 esse
1160 3268 1403 3331 eundem,
1442 3270 1533 3334 qui
1560 3263 1738 3337 ἄνομος
1765 3275 1820 3319 et
1841 3286 1893 3319 v.
1914 3272 1962 3319 3.
2001 3264 2027 3318 ὁ
2053 3264 2303 3336 ἄνθρωπος
2328 3284 2356 3319 τ
2399 3264 2443 3318 ἆ.
2469 3268 2795 3335 appellatur.
2831 3270 3048 3336 Liquido

573 3354 709 3404 haec
745 3355 1027 3421 prophetia
1062 3355 1132 3405 ad
1170 3351 1539 3424 ἐσχατολογίαν,
1578 3355 1647 3405 ad
1683 3356 1924 3407 ultimam
1961 3370 2070 3423 qua
2105 3372 2326 3421 regnum
2351 3356 2548 3407 Christi
2579 3361 2632 3406 et
2663 3355 2868 3407 diaboli
2903 3358 3048 3407 eomi-

576 3445 732 3503 tetur,
770 3456 1003 3507 pugnam
1042 3443 1285 3508 pertinet.
1336 3443 1488 3493 Haec
1524 3448 1702 3493 autem
1728 3443 2026 3494 cuiusmodi
2062 3444 2260 3506 futura,
2299 3459 2562 3509 quemque
2589 3444 2792 3493 exitum
2816 3444 3052 3495 habitura

576 3527 865 3593 Apostolus
912 3530 1171 3594 supremis
1217 3528 1372 3579 lineis
1419 3529 1716 3581 adumbrat.
1779 3526 2094 3597 „Muenspmv
2136 3532 2220 3593 τῆς
2259 3523 2495 3598 &vois-ta&
2538 3530 2596 3581 in
2631 3532 2700 3581 iis
2735 3546 2796 3581 se
2833 3530 3054 3597 explicat

580 3614 989 3681 explicabitque,
1029 3616 1122 3682 qui
1158 3620 1420 3666 vocantur
1455 3614 1539 3677 „oi
1574 3612 1771 3685 ἐργάται
1804 3618 1890 3680 τῆς
1929 3610 2167 3675 ἀδικίας.“
2217 3617 2345 3667 Luc.
2385 3618 2464 3679 13,
2503 3620 2587 3667 27.
2647 3617 2851 3668 Ultima
2885 3624 3050 3667 autem

576 3702 695 3762 ,,τοῦ
734 3694 951 3770 ἀνόμου“
988 3702 1346 3753 manifestatio
1385 3703 1695 3755 absolvetur
1729 3704 2014 3769 impietatis
2053 3705 2416 3755 atrocissimae
2453 3704 2680 3770 quodvis
2727 3710 2970 3755 sanctum
3006 3708 3054 3753 et

576 3786 812 3839 divinum
858 3790 1157 3855 spernentis
1204 3804 1407 3839 summo
1455 3790 1688 3857 quodam
1733 3790 1930 3856 gradu:
1977 3790 2146 3841 multa
2189 3796 2300 3841 arte
2348 3796 2402 3841 et
2435 3792 2632 3841 virtute
2679 3806 2821 3858 quae
2865 3792 3050 3857 decipi-

578 3874 727 3925 endis
775 3876 1029 3925 inserviet
1078 3892 1236 3942 quam
1284 3876 1541 3942 plurimis.
1611 3878 1768 3927 Licet
1813 3882 1992 3928 autem
2037 3891 2234 3943 magua
2279 3882 2408 3928 tunc
2442 3878 2626 3928 futura
2657 3879 2730 3929 sit
2775 3873 3051 3933 ἀποστασία,

576 3962 916 4013 nihilominus
952 3964 1007 4012 in
1042 3963 1134 4013 illo
1172 3964 1333 4014 etiam
1370 3979 1616 4030 supremo
1665 3979 1838 4030 agone
1872 3958 1955 4014 τὸν
1991 3958 2171 4033 ἄνομον
2209 3964 2450 4015 Christus
2487 3966 2792 4032 profligabit
2837 3981 2904 4015 ac
2939 3966 3046 4015 fun-

579 4049 721 4099 ditus
756 4049 959 4115 perdet.
1022 4050 1245 4112 Qualem
1282 4066 1409 4101 vero
1446 4056 1766 4117 potestatem
1800 4051 1872 4102 11.
1907 4054 1956 4114 2,
1985 4053 2035 4101 6.
2072 4053 2564 4111 commemoraverit
2595 4052 2912 4119 Apostolus3
2949 4054 2982 4101 i.
3007 4068 3050 4099 e.

577 4135 831 4202 quidnam
856 4138 926 4186 sit
948 4136 1051 4187 hoc
1076 4137 1218 4202 quod
1256 4136 1506 4199 delineat,
1546 4137 1816 4189 difficilius
1853 4138 2016 4188 dictu.
2066 4137 2338 4188 Permulta
2372 4137 2536 4189 habet
2567 4140 2762 4205 quibus
2799 4154 3050 4189 commen-

576 4222 733 4274 detur
779 4224 987 4290 opinio:
1034 4223 1423 4290 providentiam
1458 4225 1563 4275 Dei
1612 4226 1916 4275 universum
1953 4225 2210 4290 spectari,
2259 4238 2400 4289 quae
2443 4229 2687 4292 tempora
2729 4224 2970 4299 praefigit
3001 4231 3052 4275 et

574 4311 827 4360 terminos
874 4312 1165 4361 constituit.
1242 4310 1346 4361 Sed
1395 4310 1553 4361 finem
1600 4310 1862 4363 faciamus
1911 4312 2151 4375 dicendi,
2202 4312 2426 4363 aliorum
2475 4312 2542 4363 de
2588 4312 2640 4363 h.
2687 4314 2722 4364 1.
2769 4314 3052 4364 sententias

578 4400 825 4446 excutere
860 4397 991 4447 licet
1025 4396 1168 4462 apud
1206 4398 1264 4447 C.
1297 4398 1359 4447 R.
1386 4397 1785 4463 Bellarminum,
1823 4399 1866 4448 Ι.
1905 4404 1940 4449 t.
1977 4400 2027 4448 3.
2074 4398 2257 4449 Contr.
2293 4414 2345 4465 g.
2383 4399 2432 4449 d.
2471 4414 2512 4449 s.
2548 4400 2706 4449 Pont.
2753 4400 2848 4461 111,
2889 4403 2936 4449 1.
2975 4398 3052 4449 ed.

577 4481 693 4547 Ing.
727 4498 779 4547 p.
806 4484 924 4533 329.
970 4483 1033 4533 L.
1070 4484 1139 4533 ab
1174 4481 1397 4534 Alcasar
1431 4483 1482 4534 S.
1508 4484 1579 4547 J.,
1616 4485 1914 4551 Vestigatio
1952 4486 2136 4535 arcani
2171 4500 2360 4536 sensus
2395 4486 2450 4535 in
2485 4486 2656 4552 Apoc.
2697 4485 2864 4552 Lugd-
2905 4488 3053 4535 1618.

576 4572 742 4617 notat.
768 4568 839 4618 11.
861 4570 930 4618 ad
956 4586 1001 4619 c.
1026 4573 1104 4620 14.
1131 4588 1183 4637 p.
1204 4573 1320 4621 538.
1348 4587 1460 4637 seq.
1504 4570 1566 4621 B.
1588 4572 1875 4634 Peterium,
1904 4571 2104 4622 Comm.
2129 4573 2185 4621 in
2211 4572 2350 4623 Dan.
2377 4572 2446 4621 ib.
2471 4573 2679 4623 1691.1.
2703 4576 2782 4623 14.
2807 4590 2855 4637 p.
2875 4574 2992 4623 833.
3011 4588 3050 4620 s.
