3267 5259
560 471 660 522 LX
1387 487 1632 540 Apparatus
1658 486 1875 529 Historice
1896 510 1947 519 -
1960 487 2211 530 Chi-unicus.

562 667 936 727 monimentis
959 665 996 726 ¹.
1046 669 1140 726 Ad
1164 669 1316 726 Acta
1340 669 1521 726 Pilati
1547 673 1869 746 provocant
1888 669 2273 726 vetustissimi
2300 669 2361 726 S.
2382 669 2445 726 P.
2472 673 2532 726 et
2555 669 2613 726 S,
2638 669 2710 726 E.
2726 665 2753 706 ²
2774 672 2837 726 et
2858 669 2929 725 de
2952 668 3055 725 his

560 773 920 831 adversarios
943 773 1326 848 interpellant
1346 771 1387 832 ³.
1421 773 1639 832 Utrum
1660 793 1832 832 vero:
1864 794 1917 832 a.
1942 773 2066 844 illa,
2094 773 2330 852 quaein
2351 773 2515 831 Actis
2538 772 2722 830 Pilati
2744 772 3049 830 exstitisse

560 878 854 947 dicuntur,
888 877 1066 934 etiam
1088 897 1226 936 vere
1249 877 1473 936 fuerint
1503 878 1795 952 evulgata,
1827 879 1979 936 sicut
2008 883 2177 936 erant
2205 879 2492 954 descripta
2520 879 2583 936 in
2609 877 3055 936 commentariis

559 984 722 1040 iussu
765 982 947 1040 Pilati
991 982 1028 1039 J
1029 983 1368 1061 erosolymis
1399 983 1586 1054 factis,
1636 989 1697 1040 et
1740 984 1813 1040 ad
1859 985 2269 1059 imperatorem
2315 981 2543 1041 missis?
2596 983 2826 1040 Deinde
2868 985 2928 1040 b.
2971 1002 3053 1040 an

558 1087 850 1162 ipsissima
879 1088 1161 1145 censenda
1181 1091 1318 1158 sint,
1352 1107 1500 1166 quae
1531 1089 1763 1146 Veteres
1788 1089 1847 1146 S.
1873 1088 1939 1146 P.
1965 1093 2025 1146 et-
2046 1088 2104 1146 S.
2129 1089 2199 1146 E.
2224 1087 2503 1146 laudant?
2534 1108 2613 1146 an
2634 1089 2873 1162 integra
2894 1106 2941 1145 c.
2972 1089 3051 1146 ad

560 1211 661 1250 nos
683 1212 865 1271 usque
894 1193 1288 1270 pervenerint,
1334 1193 1432 1251 vel
1463 1193 1636 1268 longa
1664 1193 2023 1251 saeculorum
2054 1193 2201 1251 serie
2236 1193 2559 1269 plurimum
2603 1193 2782 1250 faecis
2814 1199 3051 1250 eontra-

560 1295 804 1355 xerint?
852 1299 915 1354 in
946 1298 1282 1376 quaestione
1313 1299 1568 1375 positum
1597 1305 1702 1357 est.
1768 1299 2103 1356 Verisimile
2143 1299 2451 1356 admodum
2490 1297 2731 1356 videtur
2762 1301 3055 1356 Actorum

558 1403 916 1460 sincerorum
955 1421 1012 1482 q.
1060 1403 1114 1460 d.
1165 1403 1345 1460 Pilati
1395 1406 1669 1462 notitiam
1713 1405 2043 1481 pervenisse
2074 1404 2147 1461 ad
2178 1403 2541 1461 Christianos
2586 1423 2693 1478 per
2722 1403 2986 1481 aliquem
3018 1423 3052 1460 e

559 1506 869 1564 Caesarum
899 1508 1218 1578 ministris;
1251 1509 1354 1588 qui
1387 1510 1458 1566 ad
1490 1509 1790 1567 Christum
1820 1527 2148 1579 eonversnS,
2183 1501 2329 1587 q'uae
2361 1509 2484 1584 ipse
2505 1509 2725 1565 scrinia
2748 1511 3051 1581 Augusto·

559 1631 692 1669 rum
725 1617 979 1670 tractans
1011 1614 1398 1690 comperisset,
1433 1614 1705 1672 fidelibus
1736 1616 2023 1684 narravit,
2058 1615 2211 1672 unde
2243 1614 2451 1670 deinde
2480 1613 2670 1670 literis
2701 1612 3051 1686 consignata

557 1723 713 1775 sunt.
777 1718 910 1776 Huc
951 1718 1166 1776 accidit
1203 1720 1354 1797 quod
1385 1719 1586 1794 magni
1619 1724 1708 1777 est
1734 1719 2099 1778 faciendum:
2149 1719 2547 1776 Maximinum
2588 1715 3053 1794 imperatorem·¹

559 1821 675 1880 alia
706 1825 858 1882 Acta
899 1823 1274 1900 blasphemiis
1302 1826 1368 1882 in
1399 1823 1762 1882 Salvatorem
1806 1830 2071 1882 nostrum
2117 1825 2333 1881 referta
2373 1822 2701 1899 opposuisse
2738 1823 2815 1879 iis
2834 1867 2848 1893 ,
2898 1841 3051 1899 quae

561 1927 884 1985 Christiani
936 1929 1226 2003 legebant.
1302 1930 1434 1987 Non
1491 1935 1685 1988 tamen
1738 1929 2076 1987 inficiamur
2126 1929 2401 2007 quosdam
2456 1929 2715 1985 eiusdem
2766 1927 3053 2002 temporis

557 2032 850 2104 homines,
895 2035 996 2111 qui
1037 2035 1283 2109 pessimo
1324 2035 1564 2092 consilio
1610 2055 1657 2092 s.
1700 2034 1995 2110 Apostolis
2040 2034 2285 2111 aliisque
2328 2033 2548 2109 scripta
2589 2036 3049 2108 supposuerunt,

557 2155 682 2194 rem
727 2138 1029 2196 scribendo
1075 2139 1430 2217 dicendoque
1479 2139 1860 2215 amplificasse
1901 2144 1959 2197 et
2004 2138 2375 2196 adulterasse.
2452 2137 2553 2195 Ita
2596 2139 2749 2194 Acta
2796 2135 3053 2194 conficta

559 2241 743 2300 Pilati
773 2244 1172 2318 producebant
1201 2245 1388 2302 errori
1430 2265 1531 2302 suo
1569 2245 1816 2302 tutando
1860 2245 2139 2302 haeretici
2187 2242 3049 2309 Tessarescaedecatitae;

555 2348 652 2404 sed
705 2367 854 2427 qnae
907 2367 1074 2407 nemo
1134 2349 1433 2407 dubitavit
1491 2369 1610 2407 esse
1662 2349 1843 2419 falsa3
1907 2349 2123 2407 idcirco
2176 2354 2235 2406 et
2284 2369 2329 2405 s.
2376 2347 2749 2422 Epiphanius
2800 2346 2875 2404 ad
2928 2345 3053 2402 alia

557 2453 892 2510 eorumdem
922 2455 1204 2510 Actorum
1243 2453 1605 2529 exemplaria
1648 2459 1942 2530 provocat,
1994 2473 2142 2532 quae
2190 2452 2439 2512 invenit.
2499 2452 2632 2510 Jam
2680 2471 2824 2510 vero
2869 2469 3052 2528 quae

557 2557 640 2614 ad
686 2577 810 2615 nos
856 2563 1347 2634 pervenerant
1392 2561 1570 2616 Acta
1615 2557 1909 2630 Pilati5,
1944 2558 2082 2616 licet.
2110 2559 2339 2634 saepius
2368 2561 2625 2626 mutata3
2660 2558 2735 2614 ab
2780 2557 2857 2613 iis
2894 2557 3051 2614 forte

769 2767 806 2829 ¹)
847 2763 928 2814 Cf.
964 2765 1205 2827 Eusebii,
1243 2767 1313 2816 H.
1351 2767 1413 2815 Ε.
1453 2767 1544 2828 ΙΧ,
1572 2767 1620 2816 5.
1661 2783 1709 2831 p.
1748 2768 1866 2816 350.
1904 2770 2065 2830 atque
2103 2765 2171 2815 ad
2209 2765 2342 2815 haec
2380 2769 2559 2814 notam
2596 2763 2805 2814 Valesii
2842 2781 2893 2829 p.
2928 2765 3049 2813 184.

557 2853 600 2918 ²)
628 2851 710 2902 Ad
733 2853 1058 2902 Antoninum
1083 2854 1252 2904 Pium.
1309 2853 1350 2919 ³)
1379 2853 1430 2904 S.
1457 2853 1538 2902 Ju
1551 2855 1791 2915 atinus,
1830 2853 1929 2919 Ap.
1954 2853 1995 2914 1,
2017 2855 2100 2902 35.
2126 2869 2177 2918 p.
2199 2854 2283 2902 90.
2320 2851 2809 2913 Tertullianus,
2848 2849 3049 2916 Apolo-

558 2941 719 3006 getici
739 2955 784 2989 c.
805 2942 888 2989 21.
909 2955 959 3004 p.
981 2941 1064 2990 89.
1092 2938 1210 2990 coll.
1232 2955 1277 2990 c.
1298 2943 1344 2990 5.
1366 2957 1417 3006 p.
1439 2942 1522 2990 62.
1565 2939 1883 2990 Tertulliani
1906 2941 2276 2990 auctoritatem
2301 2939 2403 2988 hac
2426 2940 2482 2988 in
2507 2955 2563 2988 re
2592 2938 2805 3004 quidem
2834 2939 3049 2988 elevare

557 3026 730 3076 voluit
763 3027 1117 3091 Tanaquillus
1149 3027 1341 3089 Faber,
1369 3028 1519 3092 epist.
1546 3027 1614 3089 11,
1646 3029 1727 3076 12.
1766 3028 2101 3088 coniecturis,
2140 3041 2275 3092 quas
2312 3027 2523 3092 repetiit
2548 3025 2657 3090 Sig.
2682 3025 3047 3091 Havercamp,

557 3114 668 3162 suis
698 3113 766 3163 ad
791 3113 1108 3162 Tertulliani
1132 3112 1536 3179 Apologeticum
1561 3116 1718 3175 notis,
1758 3113 1839 3163 ed.
1864 3113 2034 3179 Lugd.
2072 3113 2190 3163 Bat.
2220 3115 2370 3163 1718.
2398 3130 2448 3178 p.
2475 3115 2557 3163 57.
2585 3114 2698 3175 58.;
2738 3128 2923 3161 verum
2951 3127 3048 3178 pro

559 3213 659 3250 sua
695 3199 912 3250 levitate
953 3199 1165 3250 easdem
1208 3199 1367 3250 facile
1407 3200 1634 3250 difflavit
1680 3199 1885 3250 Natalis
1928 3200 2242 3263 Alexander,
2282 3201 2418 3249 Hist.
2448 3200 2509 3248 Ε.
2546 3199 2615 3262 11,
2648 3201 2697 3248 9.
2746 3199 2833 3248 De
2874 3199 3047 3250 Testi-

556 3287 732 3346 monio
772 3287 1010 3338 eiusdem
1045 3287 1482 3350 Tertulliani,
1523 3287 1803 3354 Apologet.
1828 3305 1879 3337 n.
1907 3289 1955 3338 5.
1982 3292 2036 3337 et
2058 3289 2141 3337 21.
2180 3305 2231 3352 p.
2259 3289 2341 3338 62.
2370 3291 2425 3337 et
2446 3303 2499 3352 p.
2524 3289 2609 3338 90.
2648 3288 2795 3337 circa
2830 3288 3045 3338 relatio-

559 3389 680 3424 nem
716 3374 877 3424 Pilati
913 3374 982 3424 ad
1019 3375 1290 3425 Tiberium
1327 3381 1380 3425 et
1416 3376 1614 3426 Tiberii
1652 3375 1722 3425 ad
1759 3380 2001 3426 senatum
2039 3375 2105 3424 de
2142 3373 2354 3425 Christo
2401 3376 2539 3425 inter
2575 3375 2723 3424 Deos
2760 3375 3044 3426 referendo

560 3461 806 3510 videatur
841 3461 1161 3527 Lumper,
1209 3462 1450 3512 Historia
1485 3462 1557 3512 th.
1595 3477 1669 3512 cr.
1708 3461 1773 3512 de
1818 3463 1932 3512 vita
1976 3464 2186 3528 scriptis
2229 3468 2391 3529 atque
2435 3464 2677 3513 doctrina
2727 3461 2781 3512 S.
2820 3463 3042 3513 Patrum

560 3549 693 3613 Aug.
729 3547 888 3598 Vind.
930 3551 1078 3599 1789.
1127 3549 1214 3612 VI,
1255 3551 1371 3599 701.
1431 3549 1482 3599 J.
1522 3548 1584 3598 G.
1621 3549 1673 3599 J.
1712 3551 1969 3612 Braun‚
2020 3549 2085 3598 de
2134 3549 2339 3598 Tiberii
2386 3549 2653 3599 Christum
2700 3551 2757 3598 in
2822 3549 3045 3600 deorum

559 3649 834 3686 numerum
882 3635 1145 3685 referendi
1191 3636 1431 3686 consilio.
1487 3637 1658 3685 Bonn.
1699 3637 1848 3685 1834.
1910 3636 2181 3686 Eusebius
2198 3674 2211 3698 ,
2262 3636 2399 3686 Hist.
2444 3635 2594 3685 Eecl.
2636 3637 2715 3698 ΙΙ,
2764 3639 2813 3685 2.
2863 3653 2917 3702 p.
2960 3638 3043 3686 46.

555 3720 871 3772 Tertulliani
905 3721 1080 3772 locum
1118 3738 1309 3788 graece
1345 3724 1725 3788 interpretatus
1762 3728 1870 3774 est:
1913 3729 2075 3789 atque
2112 3722 2270 3773 huius
2308 3723 2473 3772 verba
2508 3726 2759 3787 repetunt
2784 3723 3043 3785 Zonaras,

557 3807 858 3872 Cedrenus,
906 3810 1238 3876 Nicephorus
1286 3814 1340 3860 et
1384 3810 1475 3860 alii
1521 3812 1785 3875 iuniores3
1842 3827 2067 3876 quorum
2114 3810 2237 3860 loca
2282 3825 2400 3860 cum
2444 3811 2549 3861 nisi
2602 3811 2772 3860 verba
2818 3809 3045 3861 Eusebii

554 3897 743 3946 leviter
787 3898 1062 3946 immutata
1107 3897 1342 3947 referant
1385 3897 1691 3948 adscribere
1735 3897 1865 3947 nihil
1916 3899 2121 3948 attinet.
2182 3899 2267 3947 De
2302 3898 2451 3947 Actis
2486 3911 2521 3947 a
2554 3896 2731 3947 Pilato
2778 3897 2851 3947 ad
2870 3898 3041 3958 ,Tibe-

555 3985 689 4034 rium
726 3985 916 4046 missis,
955 4000 1250 4034 sermonem
1288 4001 1352 4034 ex
1387 3983 1645 4034 incidenti
1680 3985 1910 4034 faciunt:
1948 3999 1987 4032 s.
2020 3985 2459 4050 Epiphanius,
2494 3984 2640 4034 haer.
2666 3985 2729 4047 L,
2758 3985 2805 4035 1.
2843 4002 2896 4051 p.
2924 3987 3040 4034 420.

555 4087 597 4122 s.
622 4071 922 4122 Joannes
963 4071 1491 4136 Chrysostomus,
1528 4073 1586 4121 in
1620 4087 1703 4137 ep.
1728 4072 1796 4122 11.
1823 4071 1892 4121 ad
1931 4070 2049 4122 Cor.
2074 4071 2213 4121 hom.
2240 4073 2432 4135 XXVI,
2458 4073 2507 4122 4.
2532 4073 2599 4135 X,
2624 4073 2743 4122 624.
2792 4073 3041 4123 Paulus

557 4157 884 4222 Orosius,
921 4159 1059 4208 Hist.
1098 4157 1217 4222 VII,
1255 4161 1304 4208 4.
1349 4159 1432 4208 ed.
1472 4159 1650 4223 Sigeb.
1686 4158 2039 4222 Havercamp.
2076 4158 2250 4223 Lugd.
2288 4159 2404 4210 Bat.
2446 4161 2595 4210 1738.
2632 4176 2683 4224 p.
2722 4159 2843 4209 459.
2882 4165 3043 4225 atque

556 4245 607 4295 S.
631 4245 843 4312 Grego
859 4248 994 4296 rius
1020 4247 1183 4311 episc.
1208 4246 1643 4308 Turonensis,
1670 4245 1807 4295 Hist.
1828 4245 2021 4294 Franc.
2040 4244 2083 4307 I,
2104 4247 2188 4295 23.
2215 4245 2298 4296 ed..
2318 4245 2439 4296 Lut.
2460 4247 2580 4296 Par.
2602 4247 2753 4296 1699.
2774 4263 2827 4312 p.
2850 4249 2933 4297 19.
2968 4247 3044 4296 Ut

555 4333 690 4384 adeo
717 4333 968 4383 audiendi
993 4348 1100 4383 non
1125 4333 1246 4395 sint,
1274 4334 1366 4398 qui
1389 4333 1472 4384 his
1495 4333 1813 4382 testimoniis
1838 4331 1994 4382 fidem
2020 4332 2305 4398 denegant.
2364 4333 2405 4398 ⁴)
2432 4333 2592 4382 Teste
2616 4333 2873 4396 Eusebio,
2902 4333 3041 4384 Hist.

553 4421 619 4471 E.
645 4421 738 4484 IX,
767 4423 816 4472 5.
854 4427 908 4471 et
940 4423 986 4470 7.
1011 4437 1063 4486 p.
1089 4422 1206 4471 350.
1234 4423 1352 4471 522.
1427 4420 1468 4488 ⁵)
1505 4420 1669 4470 Edita
1703 4420 1990 4486 multisque
2026 4420 2490 4470 observationibus
2524 4419 2797 4470 illustrata
2831 4436 2866 4470 a
2900 4421 2953 4471 J.
2978 4422 3041 4471 A.

553 4509 820 4572 Fabricio,
847 4511 902 4558 in
930 4508 1127 4558 Codice
1153 4509 1458 4574 apocrypho
1482 4509 1545 4558 N.
1566 4509 1627 4558 T.
1650 4509 1844 4558 Hamb.
1866 4509 2016 4558 1719.
2042 4508 2085 4558 Ι.
2108 4525 2157 4574 p.
2180 4510 2297 4558 314.
2318 4523 2360 4558 s.
2385 4505 2484 4568 111,
2504 4509 2622 4557 455.
2648 4523 2691 4559 s.
2715 4511 2871 4560 novis
2898 4511 3040 4559 curis

556 4595 808 4660 evulgata
832 4611 865 4646 a
889 4596 939 4645 J.
967 4595 1027 4645 C.
1047 4595 1219 4658 Thilo,
1247 4595 1377 4645 Cod.
1406 4611 1659 4661 apocryp.
1688 4595 1826 4644 Novi
1850 4595 2194 4644 Testamenti.
2220 4595 2367 4660 Lips.
2396 4595 2546 4644 1832.
2572 4595 2616 4656 1,
2642 4596 2762 4646 487.
2782 4613 2827 4647 s.
2852 4597 2969 4647 803.
2996 4612 3039 4647 s.

556 4689 608 4734 et
645 4683 704 4734 C.
741 4682 1108 4744 Tisehendorf,
1145 4683 1354 4748 Evang.
1393 4698 1644 4748 apocryp.
1682 4681 1829 4748 Lips.
1860 4683 2008 4732 1853.
2036 4682 2169 4748 prol.
2201 4698 2254 4747 p.
2282 4684 2363 4732 70.
2390 4697 2432 4732 s.
2470 4698 2521 4748 p.
2547 4684 2665 4733 203.
2692 4698 2734 4734 s.
2770 4699 2825 4749 p.
2850 4686 2969 4735 411.
2996 4700 3038 4734 s.
