3267 5259
562 354 691 419 340
1306 367 1423 407 nist.
1454 366 1559 406 Rev.
1590 366 1680 406 div.
1711 365 1878 407 Period.
1909 365 1962 406 11.
1985 376 2080 417 cap.
2109 365 2308 416 primum.

560 546 852 604 Ecclesiae
894 546 1168 603 habebat.
1231 545 1268 602 J
1269 546 1623 623 erosolymas
1663 564 1796 603 cum
1839 545 2170 621 pertigisset
2205 546 2544 603 societatem
2585 563 2724 602 cum
2770 544 3046 620 Apostolis

566 652 843 721 initurus,
888 652 1180 727 principio
1222 652 1361 709 adeo
1403 670 1520 709 non
1560 650 1838 721 obtinuit,
1885 654 1952 707 ut
1989 650 2170 707 etiam
2208 654 2432 706 metum
2464 651 2696 706 cunctis
2729 650 2988 706 iniiceret
3011 647 3046 705 ¹.

564 756 779 813 Verum
834 756 1017 813 Paulo
1068 762 1295 829 praesto
1346 756 1465 813 fuit
1515 754 1814 811 Barnabas
1833 750 1876 825 ⁶²,
1933 774 1968 811 a
2019 774 2134 831 quo
2186 754 2256 811 de
2309 774 2373 811 re
2425 754 2832 811 conversionis
2883 755 3046 829 probe

560 860 777 929 edocti;
820 860 1073 917 Paulum
1110 860 1374 916 lubentes
1417 861 1479 915 in
1522 860 1856 916 societatem
1889 864 2248 933 receperunt,
2295 876 2542 935 eumque
2583 856 2862 915 fidelibus
2904 876 3048 914 com·

562 966 933 1035 mendarunt,
982 970 1051 1021 ut
1095 964 1275 1020 libere
1314 982 1447 1021 cum
1496 963 1569 1019 iis
1616 967 1968 1019 versaretur.
2027 963 2231 1039 Neque
2271 967 2470 1019 tamen
2513 963 2619 1019 diu
2659 962 2763 1019 hic
2805 967 3052 1019 moratus

563 1074 674 1139 est,
731 1075 860 1145 post
911 1068 1033 1125 dies
1084 1069 1241 1124 enim
1289 1068 1625 1145 quindecim
1647 1054 1653 1059 ”
1679 1086 1811 1123 cum
1856 1066 2064 1123 Judaei
2119 1066 2483 1123 Hellenistae
2535 1068 2790 1123 minime
2845 1068 3050 1123 ferrent

571 1173 821 1231 Paulum
846 1177 1016 1231 tanta
1037 1172 1341 1229 alacritate
1364 1172 1740 1228 disseminare
1771 1170 1988 1227 Christi
2022 1169 2216 1227 fidem.
2265 1169 2346 1227 Ut
2369 1169 2794 1246 Apostolorum
2819 1170 3050 1227 ultimus

567 1282 844 1353 tempore,
886 1276 1083 1334 labore
1114 1278 1339 1352 primus
1368 1276 1693 1346 videretur,
1730 1274 1892 1332 illius
1923 1293 2120 1332 necem
2152 1274 2610 1331 meditabantur.
2663 1274 2834 1332 Hinc
2865 1276 3050 1332 Caesa·

564 1400 723 1439 ream
752 1383 952 1438 virum
982 1382 1297 1439 subducere
1328 1380 1613 1457 fratribus
1657 1381 1850 1437 visum
1889 1384 1991 1449 est,
2037 1379 2288 1456 indeque
2328 1398 2466 1436 mox
2511 1378 2768 1437 Tarsum
2811 1380 3054 1455 patriam

564 1504 730 1543 suam
770 1486 1094 1560 navigavit,
1141 1487 1307 1544 brevi
1340 1504 1375 1543 a
1404 1484 1679 1543 Barnaba
1715 1484 2086 1541 arcessendus
2125 1460 2542 1551 Antiochiam;
2591 1484 2696 1542 ubi
2731 1486 3052 1542 coniunctis

564 1592 755 1666 operis
785 1590 1085 1648 Christum
1114 1586 1610 1647 annunciatum&
1660 1589 1806 1646 Cum
1837 1587 1928 1645 illi
1961 1594 2200 1661 agerent
2227 1588 2264 1644 J
2265 1587 2626 1664 erosolymis,
2661 1608 2733 1646 eo
2763 1598 3046 1647 venerunt

565 1695 789 1773 aliquot
818 1696 1151 1771 prophetae,
1187 1695 1249 1751 in
1284 1694 1497 1771 quibus
1527 1700 1656 1751 erat
1685 1694 1956 1767 Agabus3
1993 1694 2040 1749 is
2071 1692 2367 1768 praedixit
2398 1692 2616 1749 famem
2647 1696 3052 1767 gravissimam

565 1801 629 1857 in
662 1804 783 1857 toto
814 1806 1110 1857 terrarum
1139 1799 1295 1867 orbe,
1330 1816 1477 1876 quae
1510 1799 1724 1855 accidit
1752 1798 2002 1855 durante
2043 1796 2275 1854 Claudii
2317 1798 2586 1873 imperio.
2655 1796 2829 1855 Unde
2869 1797 3058 1854 fideles

566 1905 923 1963 Antiocheni
965 1905 1035 1962 de
1074 1905 1320 1979 penuria
1357 1904 1473 1961 ista
1508 1902 1763 1962 «Iudaeae
1805 1901 2147 1961 incubitum
2185 1902 2416 1973 moniti,
2463 1900 2742 1960 collectas
2781 1904 2850 1959 in
2881 1904 3057 1961 subsi-

567 2010 730 2067 dium
762 2026 1083 2085 pauperum
1116 2008 1509 2085 eleemosynas
1540 2026 1647 2082 per
1675 2006 1930 2064 Paulum
1953 2011 2014 2064 et
2035 2006 2369 2064 Barnabam
2399 2007 2692 2064 miserunt
2714 2008 2788 2064 ad
2813 2010 3060 2065 seniores

568 2114 861 2171 Ecclesiae
908 2112 1496 2189 Hierosolymitanae.
1560 2110 1727 2174 Quod
1774 2130 1906 2168 cum
1950 2111 2330 2187 perfecissent
2369 2112 2588 2169 reversi
2637 2118 2798 2183 sunt,
2850 2121 2910 2169 et
2953 2132 3062 2169 una

566 2238 759 2275 secum
811 2219 1186 2276 adduxerunt
1236 2216 1520 2276 «Ioannem
1576 2222 1954 2291 cognomento
2005 2216 2271 2273 Marcum
2293 2213 2336 2273 ⁴.
2421 2216 2658 2274 Accidit
2711 2222 2949 2287 autem,
3003 2226 3062 2273 ut

565 2322 689 2380 illis
732 2324 1036 2380 orantibus
1067 2328 1127 2379 et
1155 2321 1559 2380 ieiunantibus
1589 2340 1710 2379 vox
1747 2320 2002 2397 Spiritus
2033 2320 2090 2378 S.
2125 2320 2329 2378 audita
2357 2320 2559 2391 fuerit,
2605 2340 2728 2399 qua
2757 2321 2984 2379 Paulus
3011 2329 3062 2378 et

566 2427 867 2485 Barnabas
920 2428 993 2483 ad
1056 2427 1509 2503 praedicandum
1569 2424 1842 2499 gentibus
1909 2424 2302 2498 Evangelium
2360 2427 2622 2501 separari
2685 2426 3060 2485 iubebantur.

567 2529 735 2593 Quod
766 2532 1108 2589 mandatum
1138 2532 1312 2589 ceteri
1346 2531 1419 2587 ad
1449 2532 1690 2587 iteratas
1719 2548 1914 2606 preces
1941 2531 2224 2598 conversi,
2259 2529 2638 2606 impositione
2667 2550 2960 2589 manuum
2993 2533 3062 2588 iis

568 2637 965 2693 iniunxerunt
984 2632 1026 2693 ⁵.
1058 2634 1189 2692 Hac
1210 2636 1362 2693 forte
1386 2640 1575 2693 aetate
1604 2639 1856 2710 raptus
1887 2638 1996 2691 est
2025 2634 2106 2691 ad
2139 2634 2438 2691 tertium
2469 2634 2748 2693 coelum
2771 2635 3064 2701 Paulus;

568 2759 641 2797 ne
683 2740 1026 2814 magnitudo
1056 2744 1253 2797 autem
1284 2738 1713 2797 revelationum
1753 2737 2096 2814 Apostolum
2143 2737 2480 2809 extolleret,
2527 2740 2701 2797 datus
2743 2747 2836 2798 est·
2873 2742 2926 2797 ei
2965 2743 3066 2797 sti-

570 2842 766 2900 mulus
796 2842 961 2901 carni
991 2843 1233 2913 infixus,
1268 2842 1575 2917 angelus
1604 2848 1930 2913 satanae,
1964 2842 2064 2919 qui
2098 2842 2358 2918 colaphis
2387 2862 2521 2899 eum
2552 2844 2844 2901 caederet.

774 3014 1026 3081 Diqressio
1062 3014 1132 3065 ad
1168 3014 1275 3065 loca
1310 3030 1379 3082 ep.
1422 3014 1497 3066 IL
1542 3014 1647 3065 Cor.
1677 3014 1752 3072 12,
1785 3012 1931 3063 1—5.
1971 3012 2030 3063 de
2065 3018 2222 3081 raptu
2259 3013 2309 3064 S.
2343 3012 2506 3064 Pauli
2541 3015 2595 3063 in
2634 3014 2830 3065 coelum
2865 3022 2912 3066 et
2943 3034 2982 3067 v.
3027 3016 3066 3061 7.

568 3101 627 3153 de
662 3100 837 3168 anyelo
871 3106 1092 3153 satanae.
1145 3098 1277 3149 Cum
1312 3100 1429 3165 ipse
1454 3099 1746 3164 Apostolus
1771 3113 1828 3148 se
1854 3099 2058 3147 nescire
2096 3098 2424 3163 profiteatur,
2463 3100 2738 3163 quomodo
2767 3101 2841 3150 ad
2863 3102 3070 3151 tertium

570 3202 739 3252 usque
778 3186 983 3236 coelum
1022 3191 1205 3253 raptus
1243 3187 1425 3250 fuerit3
1474 3202 1582 3235 non
1620 3201 1756 3250 opus
1793 3190 1876 3235 est
1912 3200 2032 3233 cum
2079 3186 2266 3235 otiosis
2312 3185 2701 3250 interpretibus
2747 3187 3068 3253 investigare

569 3273 783 3323 modum
838 3279 893 3323 et
946 3274 1241 3339 explicare,
1303 3272 1447 3338 quod
1502 3274 1582 3322 vir
1636 3276 1818 3322 tantus
1875 3275 1970 3321 aut
2027 3273 2314 3337 ignorarit,
2377 3278 2471 3321 aut
2524 3273 2768 3338 ignorari
2831 3274 3070 3324 voluerit.

573 3358 771 3409 Rideat
794 3359 1068 3409 Lucianus
1095 3359 1129 3409 1.
1156 3376 1198 3410 s.
1226 3376 1271 3409 c.
1297 3377 1347 3425 p.
1376 3362 1493 3410 330.
1520 3377 1562 3409 s.
1594 3360 1790 3426 impius
1816 3358 1905 3407 ille
1932 3358 2114 3423 Syrus,
2153 3360 2376 3424 eiusque
2403 3366 2586 3409 nostro
2612 3374 2756 3410 aevo
2797 3376 3070 3427 sequaces.

782 3518 821 3583 ¹)
857 3517 1132 3568 Advenam
1169 3517 1471 3579 horrebant,
1511 3516 1656 3581 quod
1691 3517 1794 3567 sibi
1829 3532 1938 3566 non
1973 3516 2361 3581 persuaderent
2401 3515 2550 3565 illum
2589 3532 2624 3566 a
2663 3519 2898 3583 pristino
2935 3522 3070 3569 vitae

570 3606 812 3656 instituto
850 3604 1175 3654 discessisse.
1239 3602 1279 3669 ²)
1317 3603 1597 3654 Barnabas
1639 3632 1700 3639 —
1741 3604 1790 3653 d.
1819 3622 1868 3669 q.
1896 3602 2203 3665 LUIImann,
2241 3604 2296 3652 in
2329 3618 2454 3653 ann.
2481 3604 2632 3653 stud.
2661 3620 2713 3654 u.
2755 3607 2898 3655 Krit.
2927 3608 3070 3657 1828.

570 3708 621 3757 p.
648 3693 765 3741 377.
795 3706 837 3741 s.
882 3690 942 3741 C.
967 3690 1017 3741 J.
1044 3690 1252 3754 Hefele‚
1291 3690 1341 3739 d.
1370 3689 1797 3741 Sendschreiben
1833 3690 1882 3740 d.
1920 3690 1981 3739 A.
2019 3688 2316 3741 Barnabas.
2365 3690 2502 3739 Tssb.
2547 3692 2699 3741 1840.
2737 3709 2794 3757 p.
2823 3694 2873 3742 6.
2901 3710 2944 3743 s.
2991 3694 3070 3742 Ei.

573 3776 653 3827 ed.
680 3777 741 3827 P.
768 3778 827 3828 P.
852 3779 1039 3843 Apost.
1065 3794 1149 3843 op.
1179 3776 1261 3827 ed.
1290 3778 1381 3826 IV.
1407 3777 1478 3826 ib.
1507 3779 1659 3827 1855.
1685 3794 1738 3843 p.
1765 3777 1883 3827 VII.
1911 3794 1952 3827 s.
1979 3804 2044 3813 —-
2071 3793 2191 3826 cum
2227 3778 2404 3843 ipsum
2441 3778 2510 3827 ad
2533 3778 2831 3843 Apostolos
2859 3780 3070 3829 Petrum

572 3870 627 3915 et
669 3864 935 3915 Jacobum
983 3863 1316 3926 deduxisset,
1362 3866 1551 3930 paucis
1600 3865 1874 3930 exposuit:
1922 3870 1982 3913 ut
2017 3864 2083 3914 de
2131 3863 2282 3913 coelo
2327 3862 2524 3914 Christi
2571 3880 2708 3915 voce
2755 3874 3072 3931 prostratus,

572 3957 632 4002 ut
656 3953 771 4001 eius
796 3958 1019 4017 aspectu
1045 3966 1350 4013 conversus,
1390 3955 1451 4001 ut
1473 3950 1646 4000 oculis
1679 3952 1899 4001 orbatus
1936 3952 2108 4001 visum
2146 3952 2422 4016 receperit,
2462 3965 2528 4001 ac
2553 3952 2770 4002 demum
2809 3960 3071 4019 purgante

572 4038 719 4089 unda
754 4045 973 4089 renatus
1011 4037 1142 4088 Jesu
1181 4054 1373 4087 nomen
1410 4038 1668 4089 Damasci
1703 4038 2059 4087 annunciarit.
2135 4036 2175 4101 ³)
2214 4038 2320 4087 Per
2363 4054 2526 4087 unum
2565 4052 2786 4088 annum.
2861 4042 2906 4103 ⁴)
2945 4040 3070 4089 Bar·

573 4126 748 4175 nahae
794 4120 999 4192 ἀνὲψιον.
1062 4124 1378 4174 Antiochiae
1426 4130 1636 4189 praeter
1683 4140 1774 4173 eos
1813 4126 1950 4174 inter
1985 4124 2274 4189 prophetas
2313 4130 2368 4174 et
2401 4125 2650 4175 doctores
2701 4125 3072 4176 habebantur:

575 4210 755 4262 Simon
779 4212 957 4278 Niger,
991 4212 1193 4261 Lucius
1221 4212 1543 4278 Cyrenensis
1570 4216 1622 4261 et
1647 4212 1931 4274 Manahen‚
1959 4213 2050 4276 qui
2084 4212 2260 4262 fuerat
2281 4226 2394 4261 una
2417 4212 2680 4263 educatus
2707 4229 2830 4263 cum
2855 4213 3074 4263 Herode

574 4298 883 4349 'Petrai-cha.
958 4300 999 4365 ⁵)
1038 4298 1106 4348 11.
1135 4299 1257 4349 Cor.
1286 4302 1365 4361 11,
1392 4300 1475 4348 32.
1503 4300 1584 4349 33.
1638 4297 1756 4349 Gal.
1787 4302 1832 4361 1,
1862 4301 1942 4349 17.
1969 4314 2011 4349 s.
2060 4299 2177 4349 Act.
2212 4300 2260 4361 9,
2298 4301 2384 4349 26.
2417 4316 2461 4349 s.
2513 4303 2592 4361 11,
2623 4302 2708 4351 25.
2745 4316 2788 4351 s.
2843 4302 2928 4363 13,
2961 4304 3008 4351 1.
3035 4318 3074 4351 s.

576 4383 697 4434 coll.
734 4384 852 4436 Gal.
893 4389 939 4447 1,
977 4389 1024 4435 1.
1073 4384 1136 4435 L.
1173 4384 1560 4451 Baumgarten‚
1609 4385 1676 4435 de
1711 4385 1882 4436 Paulo
1927 4387 2164 4451 gentium
2199 4386 2476 4451 Apostolo.
2525 4386 2652 4436 Hal.
2691 4389 2844 4437 1745.
2903 4386 2972 4437 F.
3011 4388 3076 4437 E.

575 4470 857 4533 Wilmsen,
909 4471 973 4521 de
1020 4474 1286 4537 sapientia
1324 4472 1518 4523 Christi
1564 4474 1620 4522 in
1667 4472 1940 4539 seligendo
1988 4472 2059 4522 ad
2094 4473 2280 4538 Apost.
2319 4478 2462 4539 gent.
2501 4488 2696 4524 munus
2731 4474 2904 4523 Paulo
2947 4490 3076 4524 con·

576 4558 781 4622 spicua.
820 4558 943 4607 Hal.
987 4562 1134 4609 1756.
1187 4559 1421 4621 ΟεΙΙατὶἱ,
1460 4560 1527 4609 de
1564 4559 1734 4610 Paulo
1772 4566 1912 4625 gent.
1950 4559 2136 4625 Apost.
2175 4560 2372 4609 Witeb.
2412 4562 2563 4611 1776.

3221 4178 3223 4207 4
