3267 5259
556 408 685 473 352
1288 421 1404 463 mut.
1436 421 1543 464 Rev.
1571 420 1662 462 div.
1691 420 1860 462 Period.
1890 421 1945 463 11.
1965 432 2062 472 cap.
2091 422 2292 472 prinum.

558 595 967 680 susciperent
1008 594 1213 679 Legis
1259 597 1501 660 veteris
1545 595 1854 660 institutis
1901 594 2356 659 subderentur.
2439 593 2910 659 Contradicere
2955 594 3045 657 alii

556 706 1115 772 Antiochenorum
1184 730 1450 774 causam
1520 706 1978 773 defendentes,
2055 706 2386 794 Expensis
2451 710 2794 793 utriusque
2861 708 3048 794 partis

558 822 905 884 momentis
948 820 1185 885 Petrus
1245 823 1439 885 totius
1502 820 1762 885 concilii
1823 808 2134 907 princeps
2179 842 2479 905 surgere,
2541 831 2608 885 et
2674 822 3050 884 sententiam

568 932 787 997 dicere
837 935 1089 1019 coepit:
1160 934 1381 997 divina
1424 933 1842 1020 providentia
1885 934 2134 998 factum
2182 956 2354 1017 esse,
2411 946 2486 999 ut
2541 933 2796 999 Gentes
2843 933 3048 998 crede-

558 1057 739 1127 rent3
806 1044 963 1110 nihil
1010 1069 1153 1111 esse
1200 1046 1378 1133 quod
1426 1045 1585 1111 dent
1630 1069 1934 1133 operam,
1998 1058 2072 1111 ut
2117 1070 2278 1111 onus
2323 1046 2527 1131 Legis
2575 1046 2886 1127 ethnicis,
2953 1048 3048 1131 qui

560 1158 645 1221 ad
691 1157 1021 1223 Christum
1066 1170 1607 1225 converterentur
1651 1162 2026 1245 imponatur
2051 1164 2088 1224 ¹.
2165 1158 2354 1224 Tunc
2419 1182 2568 1224 cum
2628 1158 2810 1223 hunc
2855 1161 3046 1222 virum

559 1274 803 1358 pietate
864 1294 1135 1357 gravem
1196 1283 1263 1337 et
1306 1276 1694 1338 auctoritate
1741 1275 2020 1359 primum
2067 1272 2458 1336 audiverant
2502 1272 2868 1353 dicentem,
2929 1274 3048 1335 uni-

560 1408 753 1450 versa
798 1385 971 1451 siluit
1008 1385 1352 1452 multitudo
1374 1388 1420 1449 ².
1466 1387 1618 1451 Hoc
1665 1386 1918 1451 silentio
1965 1385 2209 1451 Paulus
2255 1396 2324 1450 et
2367 1385 2714 1450 Barnabas
2761 1388 2866 1450 usi
2899 1396 3048 1465 sunt,

560 1508 633 1561 ut
678 1509 1061 1564 enarrarent
1102 1500 1268 1562 mira
1312 1498 1515 1582 facta,
1575 1498 1969 1585 felicemque
2025 1520 2433 1581 successum,
2496 1520 2666 1583 quae
2713 1498 2904 1564 Deus
2946 1521 3050 1584 per

562 1611 737 1695 ipsos
782 1613 953 1676 inter
997 1622 1227 1696 gentes
1276 1611 1607 1695 edidisset,
1655 1635 1818 1698 quas
1859 1612 1944 1676 ad
1973 1610 2342 1676 Ecclesiam
2391 1610 2848 1675 traduxissent
2889 1610 3048 1675 nullo

567 1745 767 1787 onere
824 1723 1027 1809 Legis
1091 1746 1202 1789 eas
1262 1734 1633 1809 gravantes
1727 1724 1858 1789 Ubi
1926 1736 1994 1789 et
2049 1723 2140 1788 illi
2201 1725 2668 1789 conticuissent
2729 1726 3046 1810 animique

562 1836 695 1899 iam
738 1836 869 1900 iam
914 1838 981 1899 in
1044 1837 1342 1901 favorem
1388 1836 1707 1902 libertatis
1755 1836 2162 1902 ethnicorum
2217 1836 2668 1919 flecterentur,
2730 1838 3050 1923 peroravit

560 1947 873 2014 Jacobus.
956 1949 1137 2013 Petri
1196 1972 1565 2016 sermonem
1628 1950 1711 2014 de
1771 1952 2120 2015 vocatione
2180 1951 2478 2034 gentium
2537 1950 2629 2013 ait
2689 1949 3050 2013 confirmari

565 2060 776 2125 effatis
808 2061 1295 2148 prophetarum.
1318 2066 1360 2128 3.
1426 2060 1615 2142 Quae
1651 2084 1800 2127 cum
1829 2064 1920 2125 ita
1951 2064 2097 2144 sint,
2130 2084 2260 2126 non
2294 2062 2574 2148 amplius
2604 2064 2878 2147 negotia
2921 2084 3050 2126 esse

565 2173 955 2239 facessenda
1000 2174 1382 2260 gentilibus,
1442 2177 1553 2261 qui
1600 2175 1686 2240 ad
1733 2174 2059 2241 Christum
2107 2184 2609 2257 convertuntur3
2673 2174 2796 2239 sed
2840 2186 3050 2239 tamen

566 2288 911 2372 quominus
944 2288 1375 2354 offensionem
1420 2288 1785 2374 praebeant
1839 2287 2148 2353 fratribus
2193 2290 2325 2352 suis
2362 2287 3050 2368 Judaeo-Christianis,

563 2527 745 2589 tando,
782 2528 878 2579 sed
915 2532 1119 2578 tantum
1156 2527 1423 2578 audiendo
1461 2531 1517 2577 et
1548 2542 1660 2578 non
1696 2526 2088 2577 reclamando.“
2147 2526 2226 2576 Cf.
2254 2543 2302 2577 e.
2329 2526 2490 2577 vind.
2514 2533 2553 2577 t.
2577 2527 2647 2577 11.
2677 2528 2748 2577 ad
2773 2544 2818 2577 c.
2845 2528 2988 2577 XVI.
3011 2542 3050 2575 c.

561 2614 643 2665 ed.
672 2616 733 2677 V,
761 2617 880 2665 313.

772 2702 809 2765 ¹)
850 2702 901 2752 S.
928 2701 1145 2751 Petrum
1182 2701 1411 2751 Concilii
1446 2703 1599 2751 istius
1635 2702 1801 2751 fuisse
1839 2701 2138 2767 praesidem
2175 2700 2372 2751 docent
2417 2701 2712 2765 Catholici;
2767 2701 2866 2752 sed
2903 2703 3052 2752 etiam

562 2805 625 2838 ex
661 2790 743 2850 iis,
781 2789 871 2853 qui
906 2787 1187 2839 Ecclesiae
1224 2794 1439 2839 nostrae
1477 2804 1634 2839 sacra
1671 2804 1778 2837 non
1827 2792 2140 2852 sequuntur,
2190 2787 2292 2836 viri
2341 2787 2484 2837 docti
2531 2786 2852 2837 concedunt.
2909 2788 2972 2837 E.
3007 2804 3052 2853 g.

561 2874 939 2935 Casaubonus,
991 2890 1162 2924 exerc.
1208 2874 1359 2936 XVI,
1405 2876 1520 2924 151.
1572 2892 1623 2940 p.
1664 2877 1780 2925 670.
1837 2873 1889 2924 S.
1933 2874 2206 2939 Basnage,
2251 2874 2442 2924 Annal.
2487 2874 2556 2923 ad
2593 2876 2677 2935 50,
2717 2877 2804 2924 20.
2851 2892 2905 2939 p.
2943 2876 3050 2923 600.

560 2960 793 3027 Surgens
832 2960 881 3011 d.
918 2962 1135 3011 Petrus:
1190 2963 1327 3013 scire
1365 2976 1547 3012 omnes
1585 2963 1678 3026 qui
1714 2961 1940 3011 aderant
1973 2977 2034 3011 se
2068 2962 2174 3010 iam
2213 2962 2304 3011 diu
2341 2965 2468 3011 ante
2513 2976 2621 3011 non
2659 2966 2874 3011 tantum
2913 2976 3050 3011 man-

560 3048 741 3099 datum
797 3048 1067 3113 accepisse
1117 3048 1184 3097 de
1230 3049 1593 3113 praedicando
1644 3048 1930 3115 gentilibus
1979 3048 2304 3114 Evangeli03
2362 3048 2458 3098 sed
2507 3054 2562 3098 et
2607 3048 2754 3099 facto
2799 3048 3052 3099 didicisse

559 3134 956 3185 incircumcisos
980 3140 1135 3200 aptos
1160 3150 1279 3185 esse
1304 3136 1373 3185 ad
1400 3136 1790 3201 assequendam
1813 3134 2057 3196 salutem,
2093 3135 2251 3185 modo
2279 3134 2438 3185 fidem
2467 3134 2814 3186 christianam
2851 3138 3050 3186 sincero

561 3220 721 3273 corde
776 3221 1237 3287 amplecterentur.
1302 3220 1434 3273 Cum
1490 3222 1642 3272 Deus
1689 3222 2033 3273 concedendo
2089 3223 2474 3272 incircumcisis
2519 3250 2584 3260 —
2633 3222 2889 3273 Cornelio
2942 3240 3050 3273 cum

561 3310 671 3359 suis
726 3336 787 3344 ——
827 3324 996 3374 aeque
1044 3324 1109 3358 ac
1157 3310 1481 3359 circumcisis
1526 3309 1852 3360 miraculosa
1901 3309 2044 3361 dona
2091 3310 2317 3375 Spiritus
2365 3308 2549 3359 Sancti
2595 3310 2733 3360 adeo
2787 3312 3054 3361 evidenter

560 3395 872 3447 testificatus
910 3397 1003 3445 sit:
1040 3394 1145 3445 fide
1184 3395 1396 3445 Christo
1434 3395 1621 3446 habita
1656 3396 1836 3446 salvos
1872 3397 2073 3459 factos;
2115 3395 2410 3445 cave-ndum
2449 3410 2566 3447 esse
2603 3413 2670 3446 ne
2710 3396 2912 3447 Christi
2937 3398 3052 3447 fide-

559 3482 701 3533 libus
737 3484 1100 3547 imponeretur
1134 3484 1331 3548 iugum,
1371 3484 1457 3533 cui
1493 3484 1715 3534 ferendo
1753 3488 1806 3533 et
1839 3485 2028 3549 proavi
2065 3483 2394 3533 Judaeorum
2433 3489 2488 3533 et
2521 3483 2598 3532 illi
2635 3486 2738 3549 ipsi
2777 3487 2867 3534 vix
2905 3500 3050 3551 pares

560 3570 752 3619 forent.
815 3568 1014 3619 Gentes
1052 3568 1161 3619 alia
1196 3568 1265 3618 ad
1301 3571 1527 3619 salutem
1564 3572 1655 3620 via
1692 3571 1812 3619 duci
1849 3570 2021 3632 velle,
2078 3584 2236 3634 quam
2275 3584 2343 3618 ea
2378 3584 2538 3634 quarn
2573 3570 2724 3619 Deus
2764 3573 3052 3621 animorum

562 3656 795 3706 omnium
842 3660 1108 3707 scrutator
1164 3656 1443 3707 manifeste
1493 3657 1773 3722 probaret,
1824 3657 2172 3719 tantumdem⁸
2207 3670 2326 3705 esse
2375 3671 2440 3705 ac
2487 3657 2662 3706 Deum
2713 3660 3049 3709 exacerbare.

562 3742 696 3792 Coll.
724 3744 811 3793 ΡΒ.
840 3744 921 3805 77,
951 3744 1031 3793 17.
1061 3744 1141 3793 18.
1168 3744 1251 3792 41.
1288 3744 1403 3792 Nec
1428 3758 1573 3805 sane,
1614 3744 1756 3809 quod
1783 3744 2080 3793 circumcisi
2113 3748 2306 3803 essent,
2345 3743 2440 3795 sed
2465 3760 2562 3809 pcr
2587 3746 2818 3809 gratiam
2847 3747 3050 3797 Domini

560 3828 611 3879 J.
641 3828 700 3879 C.
726 3829 1283 3879 Judaeo-christianos
1309 3830 1586 3880 eredentes
1618 3846 1676 3881 se
1703 3830 1991 3896 aliquando
2018 3830 2244 3905 salutem
2269 3834 2539 3880 aeternam
2567 3833 2846 3897 consequi,
2879 3848 3048 3898 quem·

563 3915 847 3965 admodum
886 3921 939 3965 et
972 3922 1154 3983 patres
1193 3932 1375 3966 eorum
1412 3916 1638 3967 salutem
1677 3918 1950 3967 consecuti
1987 3934 2094 3967 non
2132 3922 2278 3979 sunt,
2329 3918 2430 3966 nisi
2469 3934 2565 3983 per
2598 3919 2792 3968 merita
2829 3920 3048 3970 Messias

562 4004 788 4052 venturi.
827 4003 943 4053 Act.
972 4005 1053 4065 15,
1083 4006 1267 4053 7-11.
1295 4003 1417 4053 coll.
1442 4006 1491 4065 4,
1521 4006 1602 4053 12.
1634 4004 1787 4054 Rom.
1813 4008 1862 4065 5,
1891 4006 1972 4053 18.
2012 4004 2463 4053 Constitutionum
2490 4006 2718 4069 apostol.
2743 4006 2840 4055 VI.
2871 4008 2948 4057 12.
2975 4005 3050 4055 ed.

564 4090 733 4140 Cotel.
762 4108 811 4157 p.
840 4092 957 4141 544.
996 4106 1035 4141 s.
1066 4092 1253 4141 Petrus
1292 4092 1648 4142 introducitur
1681 4094 1799 4143 fuse
1838 4106 2093 4142 enarrans
2133 4106 2271 4156 quae
2307 4093 2364 4141 in
2401 4092 2556 4141 domo
2594 4097 2648 4141 et
2686 4093 2895 4143 familia
2931 4094 3046 4143 Cor-

562 4178 688 4227 nelii
726 4178 1048 4228 acciderant.
1086 4178 1198 4227 Nec
1235 4178 1539 4229 dubitamus
1570 4179 1885 4245 Apostolum
1923 4180 2232 4244 exposuisse
2262 4178 2529 4244 quomodo
2558 4194 2593 4228 a
2615 4180 2735 4229 Deo
2763 4182 2836 4231 ad
2861 4180 3048 4230 Corne—

561 4264 691 4313 lium
727 4266 917 4315 missus
956 4266 1129 4328 fuerit,
1168 4269 1223 4315 et
1259 4280 1397 4331 quae
1435 4268 1812 4331 sequebantur.
1852 4265 1904 4315 S.
1931 4266 2110 4315 Lucas
2135 4281 2252 4314 cum
2280 4265 2347 4315 de
2371 4265 2456 4315 his
2483 4282 2546 4315 ex
2569 4268 2820 4316 instituto
2848 4267 3048 4317 locutus

564 4351 768 4413 fuisset,
809 4366 875 4401 ea
910 4358 1151 4417 repetere
1187 4352 1237 4401 h.
1276 4352 1311 4402 l.
1350 4367 1810 4417 supervacaneum
1852 4351 2017 4402 duxit.
2079 4352 2120 4417 2)
2159 4351 2234 4402 Ut
2268 4356 2432 4417 poeta
2476 4354 2644 4401 canit:
2665 4388 2822 4403 .....
2870 4354 3047 4410 Silent,

564 4443 619 4487 et
654 4440 875 4489 arrectis
913 4439 1133 4489 auribus
1159 4438 1400 4501 adstant;
1438 4438 1537 4489 Ille
1562 4440 1699 4505 regit
1723 4438 1878 4489 dictis
1911 4439 2116 4488 animos
2142 4444 2194 4487 et
2217 4443 2441 4503 pectora
2473 4438 2685 4489 mulcet.
2743 4439 2788 4500 ³)
2829 4440 3046 4489 Unicum

565 4524 738 4574 adfert
782 4531 970 4577 testem
1019 4526 1297 4589 Amosum,
1344 4526 1401 4588 9,
1444 4530 1523 4576 11.
1564 4529 1646 4576 12.
1695 4543 1758 4576 eo
1807 4525 1948 4591 quod
1995 4525 2174 4590 plnres
2223 4524 2423 4575 addere
2470 4536 2690 4575 necesse
2739 4541 2848 4575 non
2899 4532 3047 4575 esset.

564 4613 627 4663 v.
666 4612 735 4663 H.
772 4613 835 4663 R.
873 4614 941 4662 D.
982 4614 1043 4662 v,
1082 4613 1143 4662 T.
1182 4630 1233 4679 p.
1272 4614 1391 4663 358.
