3267 5259
1203 402 1434 444 Harmonia
1459 403 1804 454 nvngoliomn.
2637 389 2735 439 XV

475 577 554 628 13.
619 577 670 629 S.
714 578 989 645 Ama-otini
1045 579 1106 630 de
1165 578 1552 647 Evanqeliorum
1609 580 1739 630 inter
1796 597 1843 632 se
1900 579 2137 631 relatione
2194 582 2434 632 sementia
2484 580 2740 650 probatur.

260 662 652 729 Cognationem
687 663 1102 728 Evangeliorum
1139 665 1440 714 interiorem
1487 665 1643 715 nobis
1685 666 1881 730 optime
1918 665 2185 730 explicare
2224 667 2365 716 visus
2404 671 2485 715 est
2518 666 2741 716 Praesul

255 749 654 816 Hipponensis,
701 749 766 800 de
811 749 1088 801 Consensu
1135 751 1466 824 Evangelist.
1510 751 1554 800 Ι.
1589 753 1638 814 2,
1674 753 1725 801 4.
1772 769 1823 818 p.
1858 753 1906 802 3.
1954 753 2010 802 in
2046 751 2179 802 haec
2214 753 2408 802 verba:
2458 753 2742 814 „Quamvis

257 836 456 902 singuli
501 853 658 888 suum
695 837 978 902 quemdam
1021 838 1272 888 narrandi
1319 838 1554 889 ordinem
1591 839 1829 889 tenuisse
1866 839 2173 902 videantur,
2220 855 2327 890 non
2369 845 2545 890 tamen
2582 855 2742 890 unus-

258 925 486 989 quisque
537 939 722 974 eorum
769 924 918 974 velut
963 924 1182 975 alterius
1230 925 1600 991 praecedentis
1647 927 1865 990 ignarus
1908 927 2144 977 voluisse
2190 927 2421 976 scribere
2470 929 2742 992 reperitur,

257 1010 346 1059 vel
384 1013 638 1076 ignorata
671 1013 1113 1077 praetermisisse,
1153 1027 1290 1077 quae
1327 1014 1604 1078 scripsisse
1641 1013 1779 1062 alius
1814 1013 2107 1078 invenitur3
2155 1013 2249 1063 sed
2286 1015 2425 1064 sicut
2458 1015 2743 1079 unicuique

257 1099 580 1163 inspiratum
617 1103 714 1159 est,
753 1113 860 1148 non
891 1099 1210 1164 superfluam
1235 1100 1318 1148 sui
1342 1099 1542 1149 laboris
1580 1100 2007 1165 cooperationem
2046 1099 2334 1150 adiunxit.“
2386 1101 2559 1150 Huius
2582 1102 2744 1167 igitur

259 1183 316 1232 S.
329 1184 504 1234 Patris
527 1186 760 1250 vestigia
782 1187 950 1234 secuti
978 1184 1223 1236 dicimus:
1249 1202 1290 1236 s.
1303 1185 1542 1236 Marcum
1563 1188 1997 1236 commentarium
2016 1186 2402 1252 Evangelicum
2430 1203 2472 1237 s.
2486 1187 2743 1238 Matthaei

257 1273 476 1322 novisse
503 1301 570 1308 —
597 1273 674 1322 sic
711 1277 968 1333 statuere,
1017 1278 1076 1322 ut
1111 1272 1318 1338 aliquos
1366 1273 1536 1322 solum
1583 1274 1946 1324 nominemus:
1982 1273 2043 1324 F.
2084 1272 2276 1336 Seiler,
2314 1274 2381 1324 de
2418 1279 2654 1340 tempore
2692 1281 2746 1324 et

259 1357 446 1408 ordine
485 1374 594 1424 quo
630 1361 734 1408 tria
767 1359 1067 1424 Evangelia
1101 1361 1284 1426 priora
1317 1361 1516 1425 scripta
1551 1361 1673 1409 sint.
1710 1360 1752 1409 Ι.
1788 1359 1858 1410 II.
1892 1359 2113 1425 Erlang.
2151 1362 2301 1411 1806.
2329 1363 2377 1410 6.
2428 1362 2570 1426 Ηης,
2600 1362 2741 1414 Einl.

260 1447 314 1494 in
351 1445 404 1494 d.
443 1443 712 1495 Schriften
749 1446 800 1496 d.
825 1447 890 1495 N.
916 1447 976 1496 T.
1004 1447 1139 1496 Tflb.
1169 1447 1319 1496 1826.
1345 1447 1427 1496 ed.
1453 1449 1502 1496 3.
1527 1447 1598 1509 H,
1627 1449 1743 1496 107.
1772 1461 1812 1495 s.
1860 1447 1923 1496 F.
1948 1448 2015 1498 X.
2040 1447 2362 1513 Reithmayr‚
2388 1447 2531 1498 Einl.
2568 1449 2623 1498 in
2659 1448 2744 1498 die

263 1546 382 1580 can.
417 1531 632 1582 Bflcher
665 1532 715 1582 d.
749 1549 802 1582 n.
839 1533 901 1582 B.
935 1533 1161 1598 Regens.
1201 1535 1350 1584 1852.
1387 1551 1440 1596 p.
1479 1535 1597 1584 346.
1635 1549 1748 1599 seq.
1798 1531 1851 1583 S.
1884 1533 2095 1597 Markfi,
2128 1535 2330 1585 Introd.
2364 1536 2421 1584 in
2454 1550 2495 1584 s.
2532 1535 2742 1586 Libros.

263 1619 326 1668 N.
362 1619 426 1668 Τ.
464 1619 669 1669 Budae.
711 1621 860 1670 1857.
907 1619 984 1681 Π,
1022 1622 1105 1670 39.
1143 1637 1184 1670 s.
1221 1647 1312 1684 --,
1350 1622 1691 1686 quantumvis
1744 1621 1900 1686 plura
1945 1620 2141 1671 habeat
2186 1627 2239 1672 et
2282 1637 2425 1672 nova
2470 1627 2523 1671 et
2574 1624 2745 1688 magis

262 1705 510 1770 definita,
559 1721 600 1758 s.
637 1706 840 1756 Lucam
877 1722 1004 1757 vero
1051 1709 1326 1772 utriusque
1371 1709 1661 1774 scriptione
1696 1723 1848 1758 usum
1892 1709 2071 1759 fuisse.
2132 1709 2412 1775 Duplicem
2450 1712 2743 1761 sententiae

261 1799 466 1858 partem
513 1807 616 1858 age
661 1793 965 1858 singulatim
1013 1794 1430 1844 consideremus.
1491 1793 1542 1844 S.
1581 1796 1797 1846 Marcus
1842 1795 2085 1845 adhibuit
2129 1795 2179 1846 d.
2214 1796 2568 1860 Matthaeum,
2616 1798 2745 1863 quin

261 1885 438 1929 tamen
475 1879 600 1930 ideo
639 1895 758 1930 eum
797 1881 1142 1946 excerpserit,
1187 1881 1284 1930 sed
1320 1898 1417 1947 pro
1455 1883 1665 1932 consilii
1710 1883 1791 1932 sni
1837 1884 2043 1932 ratione
2079 1897 2163 1932 res
2201 1883 2269 1932 ab
2308 1899 2371 1933 eo
2408 1889 2653 1934 narratas
2690 1885 2745 1932 in

260 1968 458 2016 iustam
495 1967 858 2017 Historiarum
901 1969 1090 2018 seriem
1131 1968 1352 2033 redegit.
1413 1969 1741 2034 Argumenta
1774 1969 1993 2031 idonea,
2040 1984 2179 2034 quae
2212 1971 2269 2019 in
2306 1973 2745 2020 commentatione

262 2055 326 2105 de
363 2055 608 2107 fontibus
644 2056 1001 2107 Histoi-inum
1036 2057 1103 2106 D.
1137 2057 1202 2106 N.
1236 2057 1288 2107 J.
1325 2056 1384 2107 C.
1421 2075 1473 2124 p.
1505 2059 1624 2108 279.
1652 2075 1691 2108 s.
1730 2058 2058 2124 protulimus,
2098 2059 2375 2108 evincunt:
2414 2059 2463 2109 d.
2489 2059 2747 2110 Matthaei

261 2142 620 2208 Evangelium
645 2145 952 2194 inserviisse
978 2158 1018 2193 s.
1044 2145 1246 2207 Marco,
1281 2146 1372 2210 qui
1399 2161 1518 2194 cum
1541 2145 1826 2211 Apostolis,
1864 2147 2119 2212 imprimis
2156 2163 2198 2197 s.
2222 2147 2381 2196 Petro
2416 2148 2745 2198 versabatur.

263 2229 314 2278 S.
339 2229 549 2279 Lucam
585 2245 715 2279 vero
753 2230 896 2296 quod
933 2231 1124 2281 attinet
1159 2247 1200 2280 s.
1227 2246 1267 2280 s.
1293 2231 1620 2282 Matthaeum
1658 2239 1713 2282 et
1744 2233 1982 2282 Marcum
2018 2247 2147 2298 prae
2180 2233 2349 2284 oculis
2384 2233 2651 2296 habuisse,
2689 2239 2749 2283 ut

265 2316 579 2380 credamus3
617 2315 760 2366 haud
787 2317 931 2368 leves
957 2323 1248 2383 suppetunt
1272 2319 1519 2368 rationes.
1567 2319 1897 2386 Quamquam
1924 2336 1967 2370 s.
1986 2319 2179 2383 Lucas,
2218 2320 2408 2386 quodsi
2435 2320 2502 2370 ab
2528 2321 2747 2370 exordio

267 2403 490 2469 legatur,
533 2409 588 2453 et
625 2419 658 2454 a
695 2403 744 2453 d.
769 2403 1041 2453 Matthaeo
1079 2409 1134 2454 et
1163 2419 1196 2453 a
1220 2421 1262 2455 s.
1285 2404 1470 2454 Marco
1509 2405 1746 2470 differat3
1782 2413 1959 2456 tamen
1996 2405 2052 2456 in
2089 2407 2249 2457 rebus
2285 2409 2446 2472 gestis
2484 2407 2747 2472 dictisque

265 2489 460 2540 Christi
501 2490 850 2556 exponendis,
887 2492 1026 2540 viam
1063 2491 1132 2540 ab
1169 2492 1598 2542 antecessoribus
1632 2493 1819 2542 initam
1855 2509 1963 2542 non
2000 2493 2231 2559 reliquit.
2258 2521 2322 2530 —-
2347 2509 2397 2544 v.
2435 2493 2641 2556 Ranke‚
2680 2495 2746 2544 de

264 2576 410 2628 libris
457 2577 726 2628 historicis
771 2578 836 2628 N.
875 2578 935 2628 T.
973 2577 1147 2628 Berol.
1189 2579 1338 2630 1855.
1387 2595 1439 2644 p.
1481 2581 1562 2629 14.
1599 2595 1641 2629 s.
1678 2607 1743 2615 —
1778 2579 1983 2629 Eadem
2032 2581 2171 2629 enim
2221 2585 2302 2631 est
2344 2581 2465 2630 libri
2512 2582 2747 2632 universi

264 2664 642 2728 conformatiO,
694 2679 854 2730 quam
899 2665 955 2716 in
1003 2680 1044 2714 s.
1081 2682 1123 2716 s.
1158 2665 1418 2716 Matthaei
1463 2670 1517 2715 et
1561 2667 1729 2716 Marci
1772 2665 2083 2732 Evangeliis
2130 2667 2489 2718 observamus.
2550 2668 2656 2718 Sed
2694 2673 2748 2718 et

266 2751 588 2802 relationum
633 2765 698 2801 ea
741 2756 822 2802 est
869 2751 1092 2815 indoles,
1141 2757 1201 2802 ut
1237 2767 1356 2802 cum
1405 2753 1671 2818 prioribus
1709 2768 1766 2803 se
1804 2753 2162 2820 Scriptoribus
2198 2756 2457 2804 rationem
2494 2754 2745 2806 habuisse

267 2838 463 2888 debeat
501 2840 818 2902 existimari3
855 2839 930 2888 ita
966 2845 1144 2889 tamen
1179 2843 1238 2888 ut
1272 2840 1327 2889 in
1365 2839 1575 2889 delectu
1611 2841 1973 2890 narrationum
2014 2841 2401 2906 constituendo,
2438 2857 2536 2892 suo
2572 2841 2745 2891 indul-

267 2927 392 2975 serit
428 2925 648 2976 iudicio.
700 2924 982 2990 Evangelii
1019 2925 1162 2991 quod
1198 2925 1384 2976 ordine
1421 2931 1667 2991 quartum
1706 2930 1787 2977 est
1820 2927 2129 2992 scriptorem
2166 2943 2207 2978 s.
2232 2927 2497 2978 Joannem
2520 2928 2746 2994 Aposto-

265 3012 390 3074 lum,
429 3011 586 3062 lectis
615 3016 668 3061 et
699 3014 946 3078 expensis
983 3014 1138 3062 trium
1175 3011 1608 3078 praecedentium
1646 3014 1857 3079 scriptis
1893 3029 2027 3080 opus
2064 3029 2219 3064 suum
2256 3029 2563 3080 aggressum
2601 3031 2745 3080 esse3

265 3099 427 3148 tradit
461 3099 758 3162 Eusebius,
795 3099 935 3150 Hist.
975 3099 1106 3149 eccl.
1135 3099 1233 3162 111,
1260 3101 1344 3149 24.
1381 3116 1432 3165 p.
1459 3101 1542 3148 95.
1594 3098 1675 3149 cf.
1712 3101 1747 3149 i.
1784 3101 1851 3149 Κ.
1886 3099 1986 3150 Th.
2024 3099 2343 3164 Schneider,
2383 3101 2467 3151 die
2502 3089 2749 3152 Kchtheit

267 3184 360 3234 des
403 3183 844 3236 Johanneischen
887 3185 1268 3252 Evangeliums
1321 3202 1372 3236 n.
1413 3185 1463 3235 d.
1501 3189 1755 3236 ausseren
1800 3187 2145 3252 Zeugnissen.
2193 3187 2335 3238 Berl.
2366 3189 2514 3239 1854.
2552 3205 2603 3254 p.
2630 3190 2679 3238 9.
2704 3205 2746 3239 s.

267 3271 328 3322 F.
355 3271 548 3334 Godet,
575 3271 870 3322 Comment.
893 3287 986 3322 sur
1007 3271 1042 3322 l’
1063 3272 1328 3339 Evangile
1355 3273 1420 3322 de
1451 3271 1503 3322 S.
1528 3273 1687 3322 Jean.
1711 3273 1833 3324 Par.
1862 3275 2011 3324 1864.
2038 3291 2091 3340 p.
2118 3275 2199 3324 16.
2226 3289 2268 3325 s.
2310 3275 2377 3324 H.
2404 3274 2467 3324 R.
2492 3275 2560 3326 D.
2588 3276 2651 3325 N.
2678 3277 2740 3326 T.

271 3375 322 3424 p.
347 3361 468 3409 294.
495 3373 538 3409 s.
565 3396 579 3410 .
607 3397 669 3403 -
699 3397 712 3410 .
737 3360 790 3410 J.
825 3360 1048 3423 Korber,
1084 3361 1140 3408 in
1175 3360 1311 3410 libro
1350 3375 1506 3426 quem
1541 3360 1810 3426 vulgavit:
1848 3360 1897 3410 d.
1926 3360 2257 3412 Geheimniss
2293 3361 2344 3410 d.
2368 3361 2587 3412 Einheit
2618 3378 2669 3413 u.
2696 3362 2746 3412 d.

267 3445 741 3496 Verschiedenheit
775 3447 826 3496 d.
861 3463 910 3496 V.
946 3446 1295 3512 Evangelien.
1333 3447 1463 3512 Reg.
1493 3449 1643 3498 1866.
1682 3448 1899 3498 somniis
1936 3452 1991 3498 et
2024 3447 2321 3514 phantasiis
2358 3447 2592 3499 indulsit.

473 3535 554 3586 14.
603 3535 680 3586 De
725 3533 1039 3604 mptofflms
1073 3553 1108 3586 a
1145 3533 1321 3604 quibus
1367 3535 1560 3586 tradita
1606 3541 1675 3588 est
1710 3537 2001 3588 Harmonia
2042 3536 2433 3604 Evangeliorum
2469 3553 2585 3589 aevo
2620 3537 2747 3588 anti-

269 3621 512 3688 quissimo.
561 3620 638 3670 Ut
671 3620 855 3670 ordine
887 3635 1258 3671 recenseamus
1295 3637 1404 3683 eos,
1443 3621 1532 3686 qui
1558 3636 1589 3670 e
1613 3621 1899 3671 Veteribus
1935 3623 1989 3671 in
2014 3622 2311 3672 Harmonia
2332 3622 2745 3688 Evangeliorum

271 3706 646 3758 concinnanda
679 3708 874 3758 versati
911 3707 1152 3771 fuerant3
1190 3709 1390 3774 primus
1428 3709 1661 3758 omnium
1698 3709 1839 3774 quod
1876 3709 2089 3771 scimus,
2127 3711 2215 3774 qui
2254 3708 2355 3760 hoc
2380 3714 2749 3775 argumentum

271 3788 358 3856 „rb
381 3787 463 3843 διὰ
485 3789 776 3861 τεσσάρων“
812 3796 1147 3845 tractandum
1173 3795 1409 3861 suscepit
1443 3794 1572 3845 fuit:
1609 3795 1932 3846 'Datianus
1958 3823 2025 3832 --
2050 3797 2194 3846 circa
2218 3811 2265 3846 a.
2292 3813 2343 3862 p.
2371 3795 2430 3846 C.
2458 3799 2748 3846 160—170.

273 3907 332 3919 -—
357 3883 580 3931 natione
615 3881 888 3945 Assyrius,
933 3882 1016 3930 vir
1059 3895 1256 3946 magna
1301 3871 1544 3931 doctrina
1581 3887 1634 3931 et
1669 3883 1882 3948 ingenio
1930 3883 2106 3934 clarus
2154 3888 2317 3948 atque
2362 3897 2403 3932 s.
2438 3883 2638 3932 Justini
2677 3883 2748 3932 M.

271 3966 592 4034 discipulus3
639 3972 905 4033 postremo
941 3967 1084 4034 quod
1121 3967 1278 4018 valde
1316 3967 1625 4033 dolendum,
1664 3973 1871 4020 mortuo
1911 3983 1951 4019 s.
1989 3969 2203 4020 Justino
2240 3969 2624 4018 haereticorum
2660 3968 2748 4018 vel

271 4068 391 4116 suo,
440 4053 531 4104 vel
565 4053 961 4104 Encratitarum
997 4053 1212 4104 nomine
1247 4044 1673 4120 nuncupatdrum
1712 4056 2110 4121 antesignanus.
2174 4055 2255 4106 Cf.
2294 4055 2540 4117 Eusebii‚
2578 4055 2645 4104 Η.
2682 4056 2749 4105 Ε.

271 4140 360 4202 IV,
387 4141 472 4190 29.
509 4157 562 4206 p.
589 4141 736 4204 150.;
773 4155 878 4205 quo
915 4141 1217 4191 testimonio
1257 4141 1418 4191 etiam
1452 4141 1554 4191 hoc
1580 4143 1828 4193 clarescit
1850 4143 2143 4193 Eusebium
2169 4141 2385 4192 Tatiani
2418 4141 2751 4193 diatessaron

271 4241 542 4292 nunquam
579 4241 708 4293 prae
743 4228 989 4278 manibus
1027 4227 1294 4278 habuisse.
1351 4228 1499 4278 Idem
1538 4228 1818 4278 dicendum
1858 4229 1923 4279 de
1961 4245 2003 4279 s.
2028 4227 2349 4294 Epiphanio,
2388 4227 2507 4278 adv.
2533 4228 2677 4280 haer.
2704 4245 2749 4281 c.

273 4313 388 4364 Tat.
407 4313 459 4364 h.
479 4315 670 4376 XLVI,
695 4317 738 4364 1.
765 4332 816 4381 p.
837 4317 954 4365 391.
1011 4313 1063 4364 S.
1089 4315 1181 4381 Ep
1195 4315 1493 4366 hraemus
1521 4315 1703 4380 Syrus,
1740 4315 2041 4366 Literarum
2069 4315 2350 4365 sacrarum
2376 4315 2751 4368 celeberrimus

273 4403 549 4467 interpres,
587 4402 796 4451 interim
823 4417 884 4450 eo
911 4403 1201 4468 praecipuo
1226 4402 1426 4452 honore
1451 4403 1669 4452 Tatiani
1696 4417 1829 4466 opus
1854 4403 2079 4464 ornavit,
2117 4401 2257 4468 quod
2290 4403 2461 4468 ipsum
2488 4419 2749 4454 commen·

275 4490 406 4538 tario
439 4489 800 4540 illustraverit.
861 4489 1020 4540 Teste
1057 4489 1320 4555 Dionysio
1357 4489 1665 4552 Bar-salim,
1702 4489 2069 4539 Jacobitarum
2106 4491 2162 4539 in
2198 4489 2399 4557 Mesop.
2432 4507 2513 4557 ep.
2538 4494 2575 4554 †
2600 4492 2749 4540 1170.

279 4575 440 4639 praef.
465 4577 520 4626 in
557 4576 722 4625 Marc.
757 4591 804 4625 c.
831 4577 896 4638 9.,
935 4575 1080 4642 apud
1116 4576 1168 4626 J.
1193 4577 1558 4639 Assemanum,
1597 4576 1724 4627 bibl.
1754 4576 1844 4626 Or.
1878 4575 2513 4628 clementino—Vaticana.
2550 4578 2751 4627 Romae
