3267 5259
652 429 779 497 468
1379 444 1493 485 Hist.
1526 444 1629 485 Rev.
1661 445 1748 485 div.
1779 444 1946 486 Per-iod.
1975 444 2031 485 11.
2051 456 2146 497 cap.
2173 444 2374 487 alterum.

650 724 691 802 ἓ
722 724 825 789 94.
858 721 1216 804 Occasio,
1248 744 1558 809 scopus,
1593 732 2132 808 argumentum
2165 722 2548 809 epistolae
2581 722 2676 786 ad
2697 721 3097 787 Hebraeos.

854 912 1194 979 Invaserat
1237 912 1639 979 Christianos
1687 937 1723 979 e
1755 913 1798 979 J
1801 914 2028 980 udaeis
2059 936 2414 980 conversos
2461 912 2776 979 dubitatio
2827 924 2893 979 et
2937 936 3097 993 cura;

651 1024 827 1111 quod
886 1024 1006 1090 sibi
1065 1024 1233 1091 male
1298 1026 1774 1091 consuluissent
1831 1036 2124 1093 veterem
2192 1026 2596 1113 disciplinam
2653 1026 2901 1112 Moysis
2966 1049 3090 1090 cum

648 1160 820 1202 nova
848 1138 958 1203 illa
990 1138 1225 1204 Christi
1258 1139 1743 1205 commutando.
1791 1140 2318 1205 Offendebantur
2349 1162 2448 1223 ec,
2497 1139 2673 1226 quod
2723 1140 2886 1204 haec
2929 1141 3096 1203 inter-

648 1262 901 1337 pretem
930 1250 1250 1317 habuerat
1277 1251 1607 1317 hominem
1640 1252 1958 1339 supplicio
1993 1254 2333 1336 affectum3
2368 1276 2516 1317 cum
2545 1252 2654 1317 illa
2683 1273 2805 1338 per
2833 1250 3096 1337 Angelos

642 1364 1055 1450 promulgata
1100 1374 1291 1447 esset,
1338 1367 1692 1451 interprete
1739 1366 1990 1452 Moyse,
2050 1387 2180 1452 quo
2227 1365 2384 1431 nihil
2429 1364 2800 1431 mortalium
2843 1386 3087 1429 venera-

642 1476 832 1541 bilius
886 1487 1225 1542 noverant.
1275 1477 1712 1563 Augebantur
1767 1501 1925 1544 vero
1983 1481 2252 1565 insuper
2295 1501 2375 1543 ea
2421 1477 2502 1544 de
2547 1501 2638 1561 re,
2703 1477 2882 1564 quod
2925 1478 3090 1541 sacri·

643 1590 802 1655 ficiis
860 1599 925 1654 et
979 1592 1423 1677 expiationum
1482 1590 1563 1655 V.
1612 1590 1688 1655 T.
1737 1591 2044 1656 solenniis
2106 1591 2251 1656 loco
2309 1614 2424 1656 suo
2484 1592 2707 1675 m‘otis3
2765 1592 2874 1655 via
2927 1612 3094 1676 quam

644 1713 793 1768 ante
854 1705 1043 1767 unice
1105 1714 1427 1768 noverant
1487 1701 1742 1768 colendi
1805 1704 2046 1788 Deum,
2111 1714 2175 1769 et
2235 1702 2641 1790 exposcendi
2698 1712 3096 1789 peccatormn

640 1817 930 1899 veniam,
992 1840 1123 1881 non
1183 1816 1459 1903 amplius
1516 1814 1638 1881 sibi
1693 1827 1964 1903 pateret.
2034 1817 2112 1882 In
2172 1816 2270 1881 his
2331 1818 2527 1900 igitur
2581 1816 2985 1881 offendiculis
3042 1826 3097 1879 et

638 1932 1073 1995 incitamentis
1120 1930 1574 2016 apostasiae
1620 1928 1942 2013 tollendis,
1984 1928 2046 1993 d.
2079 1929 2322 1994 Paulus
2360 1932 2426 1993 in
2457 1930 2582 1994 hac
2626 1929 2902 2016 epistola
2945 1940 3093 1994 totus

640 2053 921 2130 quantus
979 2054 1295 2107 versatur.
1364 2042 1627 2107 Etenim
1691 2052 2143 2127 argumentum
2205 2044 2549 2107 universae
2615 2042 2926 2127 epistolae
2983 2052 3092 2105 est:

639 2156 1059 2221 ostendere
1108 2158 1615 2221 eminentiam
1647 2156 1887 2241 Legis
1915 2156 2184 2221 Novae
2231 2178 2468 2242 supra
2496 2154 2899 2237 Veterem,
2945 2176 3090 2241 quae

635 2268 1100 2355 legislatore
1149 2269 1491 2352 Christo,
1538 2269 1898 2335 mediatore
1943 2270 2114 2335 Novi
2158 2293 2292 2335 non
2335 2280 2586 2333 tantum
2625 2268 3092 2355 praestantioris

635 2382 750 2447 sed
780 2382 1235 2469 perfectissimi
1276 2382 1611 2464 Foederis,
1645 2385 1710 2447 in
1745 2382 1828 2447 V.
1861 2383 1937 2447 T.
1969 2392 2102 2447 tam
2142 2381 2358 2447 verbis
2391 2404 2588 2467 quam
2618 2383 2793 2467 typis
2823 2380 3088 2467 praefor-

632 2496 807 2578 mati,
854 2518 1008 2560 vere
1056 2494 1274 2559 divino
1310 2494 1461 2559 data
1494 2504 1608 2559 est.
1658 2496 1786 2575 Qui
1818 2495 1966 2561 ideo
2006 2493 2303 2560 omnibus
2350 2506 2673 2581 quotquot
2717 2494 3086 2559 mediatores

630 2610 760 2673 Dei
792 2618 857 2673 et
886 2609 1217 2673 hominum
1258 2608 1515 2692 fuerint,
1563 2608 1810 2673 infinite
1844 2618 2230 2695 praestaret.
2277 2607 2688 2673 Praecellere
2735 2608 2889 2671 item
2920 2605 2992 2669 N.
3022 2604 3087 2667 T.

630 2725 707 2789 in
751 2722 1033 2787 ritibus
1068 2733 1141 2787 et
1170 2723 1636 2805 sacrificiis,
1683 2722 2070 2810 bonisque
2117 2720 2680 2809 spiritualibus
2712 2730 2779 2785 et
2808 2720 3086 2799 aeterniS,

634 2858 803 2923 quae
850 2836 1092 2901 mundo
1140 2836 1367 2901 attulit.
1418 2836 1768 2922 Subiungit
1811 2837 2125 2902 nonnulla
2168 2836 2524 2923 Apostolus
2571 2834 2652 2899 de
2697 2836 2768 2899 vi
2812 2832 3088 2899 benefica

628 2972 847 3014 rerum
915 2949 1372 3033 adversarum3
1438 2973 1565 3014 nec
1630 2973 1766 3014 non
1827 2950 1909 3015 de
1971 2948 2348 3014 amabiliore
2419 2948 2637 3035 specie
2701 2946 3085 3013 Christianae

628 3062 983 3149 Religionis
1032 3086 1227 3150 quam
1274 3061 1615 3128 Judaicae.
1663 3064 1784 3128 His
1829 3074 2050 3128 autem
2098 3062 2396 3128 omnibus
2443 3084 2710 3148 operam
2757 3059 2984 3141 dabat3
3025 3066 3084 3120 ut

630 3174 951 3240 Hebraeis
998 3178 1429 3241 constantiam
1478 3176 1560 3241 de
1605 3175 1950 3240 retinenda
1986 3175 2117 3239 fide
2149 3175 2384 3240 Christi
2430 3174 2863 3262 persuaderet
2905 3183 3082 3257 atque

628 3290 897 3354 virtutes
944 3288 1133 3353 Nova
1176 3288 1360 3375 Lege
1410 3288 1642 3374 dignas
1689 3288 2178 3353 commendaret
2203 3291 2243 3353 ¹.

838 3401 1168 3481 Quantam
1214 3404 1408 3487 igitur
1437 3400 1700 3466 laudem
1734 3411 1799 3467 et
1829 3400 2460 3469 commendationem
2506 3410 2796 3465 meretur
2839 3397 3084 3483 insignis

625 3513 791 3581 haec
846 3515 930 3579 ad
982 3514 1326 3581 Hebraeos
1380 3517 1623 3601 scripta
1685 3516 1986 3601 epistola3
2050 3516 2291 3602 quippe
2355 3536 2522 3600 qua-e
2579 3513 2877 3578 Christi
2929 3510 3082 3575 doc·

624 3630 878 3693 trinae
924 3638 1201 3715 utroque
1248 3628 1670 3693 Testamento
1720 3628 2027 3711 traditae,
2076 3626 2407 3714 quoddam
2453 3625 2921 3713 compendium
2964 3632 3080 3704 est3

622 3740 943 3828 nobisque
992 3764 1382 3807 consensum
1413 3741 1890 3828 Prophetarum
1930 3743 1998 3805 in
2028 3741 2255 3805 Veteri
2301 3748 2366 3804 et
2409 3738 2757 3824 Evangelii
2802 3740 2870 3803 in
2911 3737 3082 3801 Novo

624 3854 922 3919 Foedere
958 3856 1133 3919 circa
1162 3843 1415 3920 summa
1436 3854 1591 3919 fidei
1615 3856 1831 3941 capita
1855 3852 1940 3918 ob
1966 3852 2190 3918 oculos
2219 3852 2436 3938 ponit!
2461 3890 2545 3899 -
2573 3850 2664 3915 Ut
2695 3850 2874 3915 illum
2904 3870 3081 3936 quem

622 3965 743 4032 sibi
786 3967 1141 4054 Apostolus
1187 3969 1593 4054 propositum
1623 3966 1852 4033 habuit
1881 3988 2154 4053 scopum
2194 3966 2558 4050 contingat:
2604 3974 2792 4051 parte
2840 3960 3082 4050 priorc²

622 4079 890 4146 exhibet
916 4081 1002 4148 D.
1028 4079 1107 4145 N.
1133 4080 1196 4147 J.
1224 4080 1297 4146 C.
1330 4080 1756 4146 mediatorem
1787 4079 1866 4144 N.
1892 4078 1991 4161 F„
2026 4080 2136 4165 qui
2158 4078 2354 4164 longe
2386 4076 2718 4142 antecellit
2739 4074 3001 4162 Angelis
3025 4083 3082 4137 et

618 4195 851 4281 Moysi,
883 4196 1189 4260 ministris
1213 4192 1569 4279 abrogatae
1602 4194 1802 4279 Legis
1822 4196 1865 4256 ³.
1898 4192 2256 4278 Postquam
2281 4190 2674 4256 ostendisset
2695 4190 2780 4253 D.
2809 4188 2884 4253 N.
2909 4188 2966 4253 J.
2994 4186 3080 4265 C„

829 4400 867 4463 ²)
908 4398 1063 4461 Quod
1088 4398 1365 4449 consilium
1392 4402 1535 4447 recte
1560 4413 1594 4446 a
1616 4397 1773 4447 nobis
1799 4397 2114 4461 expositum,
2148 4393 2534 4443 demonstrabit
2557 4395 2836 4469 succincta
2857 4388 3078 4442 recensio

617 4486 771 4537 huius
808 4487 1083 4553 epistolae.
1146 4485 1187 4550 ²)
1226 4484 1285 4535 C.
1316 4487 1465 4535 1-4,
1528 4481 1571 4548 ⁸)
1608 4484 1813 4534 Asserit
1845 4487 1890 4545 1,
1920 4484 2104 4532 1—14.
2132 4480 2440 4547 dignitatem
2466 4480 2662 4529 Christi
2701 4494 2830 4546 prae
2855 4477 3076 4544 Angelis.

617 4573 776 4622 Jesus
814 4576 905 4639 qui
940 4574 1259 4625 novissimus
1294 4574 1433 4623 inter
1468 4570 1763 4636 Prophetas
1801 4571 2036 4633 locutus3
2075 4584 2138 4619 eo
2177 4569 2509 4635 potissimum
2545 4569 2786 4629 nomine,
2825 4566 2962 4633 quod
2995 4562 3076 4613 ille

618 4658 786 4715 Filius
822 4661 927 4709 Dei
963 4662 1055 4722 nit,
1103 4661 1189 4709 isti
1232 4676 1359 4710 vero
1406 4659 1568 4722 legati
1606 4662 1660 4707 et
1695 4658 1919 4709 ministri
1955 4659 2207 4722 praestat.
2269 4655 2456 4720 Neque
2493 4654 2709 4705 obstare
2747 4653 3076 4704 excellentiae
