3267 5259
1083 478 1281 529 Epistola
1306 478 1351 519 s.
1372 477 1497 519 runi
1524 476 1579 519 ια
1608 477 1836 523 Romanos.
2579 466 2660 538 41
2673 468 2706 531 l

215 653 427 739 pergit
453 656 495 733 ¹,
546 674 744 738 quam
790 652 923 717 vim
978 650 1221 717 habeat
1262 650 1374 716 illa
1426 652 1555 717 Dei
1610 654 1841 738 gratia,
1888 652 2268 719 iustificatos
2323 676 2466 718 esse
2517 652 2714 740 plane

214 772 509 829 mortuos
569 774 847 852 peccato
868 816 887 849 ,
950 774 1017 832 et
1057 788 1301 831 novam
1344 765 1626 852 Deoque
1690 765 1970 832 dicatam
2030 766 2373 832 inchoasse
2439 768 2642 831 vitam
2662 768 2709 831 ².

212 877 309 941 Ne
352 879 501 964 quis
532 899 879 964 perperam
924 877 1333 964 intelligeret,
1376 878 1553 964 quod
1600 878 1917 945 docuerat
1963 878 2024 943 d.
2057 878 2320 963 Paulus,
2365 901 2500 944 non
2549 880 2704 944 estis

214 989 335 1055 sub
380 990 571 1075 Lege
592 994 650 1074 ³3
692 994 927 1076 urget⁴
970 990 1199 1057 fideles
1242 990 1553 1057 liberatos
1598 1014 1638 1056 a
1679 1002 1954 1078 peccato
2002 1014 2123 1078 per
2155 990 2391 1057 Christi
2430 992 2706 1077 gratiam

214 1103 427 1168 factos
476 1126 620 1170 esse
668 1126 895 1169 servos
936 1106 1237 1188 iustitiae,
1286 1114 1353 1170 et
1395 1106 1463 1169 in
1497 1104 1621 1169 hac
1668 1127 1842 1170 nova
1887 1107 2197 1171 servitute
2242 1106 2398 1191 ipsis
2442 1126 2710 1170 manen·

214 1214 371 1281 dum
429 1238 577 1281 esse
591 1220 633 1280 ⁵.
711 1216 1071 1303 Postquam
1127 1228 1401 1283 naturae
1450 1217 1922 1303 aegritudinem
1967 1217 2280 1305 graphice
2345 1216 2708 1303 descripsit,

214 1328 603 1394 adhortatur
645 1329 1009 1395 Romanos:
1057 1331 1225 1395 utin
1258 1339 1535 1417 accepta
1562 1332 1806 1396 iustitia
1844 1329 2363 1417 progrediantur,
2408 1331 2708 1416 vitiisque

214 1444 346 1507 suis
390 1444 699 1507 resistere
742 1453 1055 1529 pergant3
1103 1466 1257 1508 nam
1302 1453 1453 1531 post
1494 1443 2020 1510 iustificationem
2064 1454 2288 1509 manet
2331 1443 2398 1508 in
2443 1442 2707 1507 homine

215 1556 771 1641 concupiscentia,
814 1578 1008 1643 quam
1040 1557 1217 1621 acuit
1244 1556 1394 1621 Lex
1414 1559 1457 1640 Β,
1504 1558 1706 1621 vincit
1737 1580 1894 1624 vero
1926 1558 2155 1643 gratia.
2212 1556 2518 1642 Repetita
2565 1578 2705 1622 ora·

214 1670 395 1733 tione
423 1670 449 1711 ⁷
492 1668 577 1733 de
622 1668 1077 1734 iustificatione
1119 1692 1242 1756 per
1272 1669 1509 1737 Christi
1542 1674 1820 1759 gratiam
1851 1670 2060 1736 verba
2104 1671 2264 1736 facit
2283 1674 2326 1735 8.
2386 1668 2711 1755 Loquitur

216 1878 311 1935 est,
350 1876 413 1923 ut
448 1874 667 1938 gravius
702 1871 943 1924 homines
980 1880 1295 1939 peccarent3
1317 1890 1443 1927 ,non
1468 1892 1533 1927 ex
1558 1876 1738 1927 indole
1775 1876 1954 1941 Legis,
1992 1874 2087 1925 sed
2126 1890 2190 1925 ex
2227 1875 2446 1924 vitiatae
2483 1877 2709 1923 naturae

216 1960 671 2026 concupiscentia.
735 1960 914 2025 „Lege
952 1960 1103 2023 data,
1154 1964 1229 2011 ait
1266 1962 1317 2012 S.
1354 1962 1612 2026 Thomas,
1661 1964 1714 2013 in
1755 1979 1836 2028 ep.
1875 1961 1943 2013 ad
1980 1962 2250 2013 Romanos
2286 1977 2332 2011 c.
2371 1962 2420 2011 5.
2455 1960 2578 2010 lect.
2615 1958 2708 2009 VI.

217 2046 298 2097 ed.
332 2047 508 2113 Neap.
546 2048 697 2097 1856.
734 2064 786 2113 p.
824 2050 925 2110 53„
976 2053 1267 2099 consecuta
1320 2054 1401 2099 est
1456 2051 1791 2101 abundantia
1844 2050 2158 2100 dilectorum
2212 2048 2513 2115 dupliciter.
2589 2046 2708 2097 Uno

217 2132 433 2200 quidem
480 2133 639 2184 modo
686 2140 942 2200 quantum
989 2134 1059 2185 ad
1102 2141 1445 2201 peccatorum
1492 2137 1912 2201 multitudinem3
1956 2137 2040 2187 lex
2087 2137 2227 2187 enim
2268 2136 2395 2186 licet
2429 2140 2709 2201 peccatum

218 2221 623 2283 demonstraret,
660 2222 870 2287 peccati
907 2225 1085 2272 tamen
1120 2224 1611 2289 concupiscentiam
1650 2240 1759 2275 non
1797 2224 2093 2274 auferebat.
2152 2222 2286 2273 Cum
2331 2228 2510 2273 autem
2547 2222 2710 2272 alicui

216 2308 531 2373 prohibetur
565 2308 623 2357 id
658 2306 801 2373 quod
840 2310 1185 2375 concupiscit,
1225 2310 1591 2361 vehementius
1615 2313 1670 2361 in
1697 2312 2186 2377 concupiscentiam
2224 2310 2366 2361 illius
2394 2308 2707 2359 exardescit.

218 2393 468 2445 Secundo
516 2394 975 2460 superabundavit
1019 2394 1270 2446 delictum
1318 2396 1437 2463 lege
1485 2400 1921 2464 superveniente,
1972 2402 2229 2463 quantum
2277 2397 2346 2446 ad
2393 2397 2708 2463 gravitatem

216 2486 427 2545 reatus3
466 2482 683 2547 gravius
722 2482 861 2531 enim
898 2480 1000 2531 fuit
1034 2488 1330 2548 peccatum,
1369 2484 1461 2533 ubi
1494 2486 1724 2535 accessit
1759 2486 2151 2550 praevaricatio
2188 2500 2298 2533 non
2333 2487 2540 2533 tantum
2575 2482 2710 2547 Iegis

217 2573 459 2631 naturae,
498 2568 595 2619 sed
620 2570 779 2619 etiam
814 2568 947 2634 legis
973 2570 1253 2636 scriptae.“
1307 2570 1387 2621 cf.
1413 2571 1605 2635 Toleti,
1634 2587 1820 2622 comm.
1845 2588 1897 2637 p.
1925 2574 2042 2622 319.
2070 2588 2112 2622 s.
2161 2572 2222 2620 A.
2248 2570 2301 2621 J.
2326 2570 2706 2631 Hammerster,

218 2656 345 2707 diss.
382 2656 451 2706 de
487 2656 636 2721 Lege
675 2670 740 2705 ex
776 2655 935 2705 Pauli
970 2660 1250 2707 sententia.
1302 2657 1463 2708 Gron.
1509 2660 1658 2709 1838.
1695 2675 1744 2724 p.
1787 2660 1867 2709 73.
1905 2674 1948 2707 s.

431 2742 471 2809 ¹)
510 2742 569 2793 C.
595 2745 647 2793 6.
696 2744 780 2793 De
817 2758 935 2811 cap.
974 2748 1124 2795 sexto
1164 2744 1421 2810 epistolae
1460 2743 1512 2795 S.
1540 2744 1696 2795 Pauli
1735 2745 1804 2795 ad
1827 2745 2096 2796 Romanos
2122 2745 2257 2811 disp.
2285 2746 2526 2795 exaravit
2549 2745 2609 2795 P.
2638 2743 2708 2793 Η.

216 2830 575 2897 Hugenholtz.
600 2831 744 2880 Trai.
765 2832 835 2881 ad
858 2830 959 2880 Rh.
983 2832 1133 2881 1821.
1171 2829 1552 2882 Calvinismum
1586 2830 1881 2898 profitetur,
1917 2836 1970 2883 et
2001 2832 2123 2883 ideo
2159 2832 2228 2882 ob
2257 2847 2463 2883 errores
2488 2832 2706 2897 dogma-

215 2919 281 2967 tis
305 2934 373 2968 ex
394 2917 663 2967 industria
687 2917 951 2967 stabilitos
984 2932 1173 2983 parum
1199 2918 1267 2967 ab
1292 2917 1386 2969 illo
1420 2918 1625 2969 discere
1671 2918 1814 2969 licet.
1877 2919 1918 2984 2)
1955 2920 2282 2971 Exercitium
2322 2920 2708 2970 sanctimoniae

216 3006 407 3055 asserit
432 3018 470 3054 a
504 3009 840 3055 sacramento
877 3004 1153 3071 Baptismi,
1192 3004 1543 3070 significantis
1580 3020 1698 3056 esse
1736 3021 1833 3081 pos
1868 3012 2106 3057 mortuos
2141 3011 2366 3072 peccato
2393 3011 2447 3055 et
2470 3005 2710 3071 sepultos

217 3108 335 3143 cum
372 3090 606 3152 Christo,
644 3096 807 3157 atque
842 3090 911 3141 ad
950 3106 1143 3141 novam
1180 3091 1344 3143 vitam
1392 3093 1667 3142 excitatos.
1728 3094 2153 3145 Resurrectionis
2192 3091 2388 3142 Christi
2433 3094 2488 3141 vi
2533 3092 2710 3142 ethica

216 3178 523 3245 cumprimis
568 3178 766 3228 insistit
800 3177 1111 3243 Apostolus.
1164 3178 1397 3228 Adducti
1439 3178 1682 3229 homines
1729 3179 1797 3229 ad
1845 3194 2038 3229 novam
2082 3181 2248 3229 vitam
2293 3184 2456 3245 atque
2493 3193 2526 3228 a
2561 3178 2710 3245 Lege

217 3267 457 3317 mosaica
490 3280 589 3330 per
626 3264 895 3315 Christum
931 3264 1170 3327 liberati,
1221 3266 1395 3316 sciant
1442 3280 1499 3316 se
1536 3268 1718 3317 vivere
1756 3273 2002 3333 oportere
2037 3283 2145 3317 non
2182 3271 2405 3331 peccato
2443 3266 2538 3317 sed
2573 3266 2707 3315 Deo.

218 3350 297 3401 Cf.
333 3351 399 3403 G.
434 3351 769 3415 Wernsdorf,
818 3350 883 3401 de
916 3357 1087 3403 morte
1123 3368 1189 3403 ac
1225 3354 1337 3402 vita
1372 3350 1603 3403 fidelium
1654 3368 1774 3403 cum
1813 3352 2042 3404 Christo,
2091 3353 2197 3403 Vit.
2235 3353 2386 3402 1703.
2460 3352 2500 3416 ⁸)
2537 3354 2584 3413 6,
2628 3353 2707 3401 15.

216 3440 261 3501 ⁴)
296 3442 345 3501 6,
374 3441 460 3490 16.
484 3454 527 3489 s.
589 3440 631 3501 ε5)
670 3438 987 3489 Accuratius
1025 3438 1415 3506 dilucidiusque
1450 3438 1509 3489 C.
1538 3441 1584 3489 7.
1624 3440 1858 3506 explicat
1893 3440 2292 3507 comparatione
2327 3440 2578 3504 coniugii,
2617 3439 2709 3505 qui

216 3542 385 3578 nexus
406 3526 611 3591 Legem
637 3531 691 3576 et
714 3527 997 3592 positivam
1022 3532 1077 3576 et
1100 3525 1397 3576 naturalem
1422 3526 1563 3576 inter
1588 3531 1752 3592 atque
1776 3532 2056 3592 peccatum
2080 3526 2368 3576 humanum
2395 3524 2707 3575 intercedat.

216 3612 259 3675 ὅ)
286 3613 543 3675 Quamvis
582 3614 723 3663 enim
760 3612 1015 3675 homines,
1052 3612 1229 3679 quoad
1264 3614 1411 3678 Lege
1449 3612 1786 3675 tenebantur,
1823 3618 1876 3663 et
1912 3615 2117 3664 ratione
2155 3619 2208 3663 et
2231 3612 2509 3662 voluntate
2545 3612 2708 3675 ducti,

214 3699 408 3750 divinis
446 3700 673 3765 obsequi
710 3700 993 3751 tentabant
1015 3700 1297 3762 mandatis,
1336 3702 1475 3751 vires
1501 3707 1678 3751 tamen
1709 3701 2058 3765 deficiebant3
2097 3705 2354 3766 tantaque
2392 3704 2506 3749 erat
2531 3700 2706 3749 carnis

214 3790 269 3835 et
292 3787 501 3852 peccati
525 3786 783 3853 potentia,
816 3790 879 3838 ut
912 3786 983 3837 ad
1005 3786 1205 3853 Legem
1229 3788 1559 3854 migrandam
1583 3787 1784 3838 vellent
1807 3788 2013 3838 nollent
2037 3788 2421 3853 abriperentur,
2447 3786 2541 3837 sed
2567 3802 2702 3836 vero

217 3878 439 3939 superat
468 3877 751 3939 peccatum
785 3872 979 3923 Christi
1010 3874 1198 3939 gratia.
1237 3874 1301 3922 V.
1329 3872 1395 3923 de
1428 3875 1646 3924 notione
1677 3874 2062 3925 vocabulorum
2089 3874 2238 3943 σῶμα
2261 3878 2315 3925 et
2338 3869 2458 3940 σάρξ
2481 3874 2536 3922 in
2562 3874 2624 3922 N.
2645 3874 2707 3922 T.

218 3960 661 4026 interpretatione
688 3960 1075 4026 distinguendis
1100 3960 1234 4025 disp.
1262 3976 1410 4027 exeg.
1440 3960 1510 4010 th.
1536 3961 1634 4011 Th.
1661 3961 1712 4011 J.
1735 3961 2088 4025 Griethuysen
2115 3962 2280 4011 Amst.
2310 3962 2458 4011 1846.
2484 3978 2536 4026 p.
2557 3962 2638 4010 40.
2667 3976 2708 4009 s.

215 4046 257 4109 ⁷)
298 4046 357 4097 C.
388 4047 439 4097 8.
503 4045 547 4110 8)
584 4046 812 4097 Extollit
846 4048 1051 4111 gratiae
1088 4047 1423 4109 beneficium,
1462 4048 1591 4114 quia
1624 4049 2006 4098 immunitatem
2032 4063 2067 4098 a
2092 4046 2432 4098 damnatione
2471 4052 2710 4113 praestat

212 4138 270 4182 et
311 4133 655 4183 Filiationem
700 4134 823 4195 Dei,
872 4150 967 4199 per
1016 4149 1174 4200 quam
1224 4133 1425 4200 Spiritu
1462 4135 1763 4201 adoptionis
1801 4140 2024 4200 accepto
2061 4136 2116 4184 in
2152 4149 2302 4201 spem
2339 4140 2540 4184 certam
2578 4149 2704 4183 con-

212 4220 541 4287 sequendae·
560 4219 908 4270 haereditatis
946 4221 1219 4286 erigimur3
1258 4236 1293 4271 a
1330 4236 1437 4287 qua
1472 4222 1621 4272 nullo
1659 4237 1876 4288 prorsus
1912 4224 2114 4288 impetu
2151 4222 2408 4272 dimoveri
2455 4225 2708 4287 poterunt

212 4308 277 4369 ii,
316 4308 407 4372 qni
447 4305 661 4357 Christo
700 4308 913 4372 penitus
954 4306 1327 4357 adhaeserunt.
1367 4307 1447 4357 Cf.
1486 4308 1581 4359 sed
1622 4314 1779 4359 caute
1805 4309 2015 4370 adhibe,
2054 4323 2192 4375 quae
2231 4307 2296 4357 de
2335 4307 2538 4374 Spiritu
2572 4312 2707 4357 teste

212 4392 447 4443 fidelium
480 4394 694 4443 interno
730 4394 943 4458 scripsit
988 4392 1051 4443 G.
1090 4393 1429 4457 Wernsdorf,
1476 4396 1544 4445 de
1579 4394 1778 4461 Spiritu
1817 4400 1951 4445 teste
1989 4394 2224 4444 fidelium
2272 4396 2501 4445 interno.
2555 4396 2707 4445 Witt.

216 4481 447 4530 1⁷03.—
471 4480 639 4530 Recte
655 4480 945 4541 „Novimus
967 4518 981 4529 .
1002 4517 1013 4530 .
1036 4518 1049 4531 .
1071 4517 1085 4530 .
1113 4483 1291 4531 omnia
1314 4481 1505 4532 cedere
1531 4484 1585 4531 in
1610 4482 1808 4531 bonum
1835 4482 1916 4543 iis,
1945 4483 2036 4547 qui
2061 4480 2354 4532 secundnm
2379 4482 2710 4547 propositum

208 4568 393 4615 vocati
428 4573 581 4631 sunt3
621 4566 674 4617 hi
714 4572 893 4617 autem
930 4572 1055 4617 sunt
1080 4568 1171 4633 qui
1196 4567 1426 4633 diligunt
1458 4569 1635 4618 Deum
1671 4570 2112 4634 sanctitatemque
2150 4574 2438 4618 sectantur.
2496 4570 2709 4619 Etenim

210 4668 354 4719 quos
378 4653 511 4705 tales
538 4653 653 4704 fore
676 4654 827 4704 Deus
863 4656 1161 4720 praenovit,
1200 4654 1416 4705 eosdem
1440 4660 1495 4705 et
1516 4654 1965 4720 praedestinavit:
2003 4655 2429 4721 praedestinavit
2475 4671 2602 4707 vero
2639 4656 2712 4706 ad
