3267 5259
612 429 740 495 236
1356 442 1551 485 υοαοοα
1578 442 1945 495 »muniamus
1973 442 2328 495 awogne-mm.

611 622 790 680 letzte
834 622 1121 681 Mahlzeit
1162 622 1318 696 Jesu‚
1366 624 1432 681 in
1468 622 1700 682 Wineri
1737 644 1797 683 n.
1831 624 1989 683 Krit.
2021 622 2284 682 Journal.
2317 622 2516 681 Sulzb.
2554 626 2740 679 1824.
2773 641 2828 697 p.
2864 625 2987 677 153.
3011 640 3048 677 s.

611 728 692 785 ib.
732 732 916 785 1826.
948 746 1007 802 p.
1046 732 1185 785 139.
1222 748 1269 784 s.
1324 728 1803 803 Hengstenberg,
1852 748 1942 787 ev.
1991 729 2306 787 Kirchenz.
2343 732 2528 785 1838.
2568 746 2625 802 p.
2665 726 2805 784 777.
2835 746 2879 783 s.
2933 726 3052 782 Cum

612 836 809 889 autem
838 835 1051 889 natura
1080 852 1186 889 sua
1212 833 1474 910 quaestio
1518 833 1662 891 haec
1705 832 2058 909 philologica
2085 837 2192 890 aut
2217 831 2496 889 historica
2537 832 2732 906 potius
2773 831 2864 900 sit,
2907 847 3052 906 quam

610 954 769 993 mere
798 935 1121 1011 theologica
1150 942 1209 993 et
1252 937 1610 1010 dogmatica:
1661 955 1728 995 ac
1771 938 2014 1013 proinde
2059 938 2318 994 diversas
2363 936 2733 1011 opinantium
2777 933 3053 991 sententias

610 1039 775 1097 salva
802 1039 1018 1115 pietate
1050 1042 1229 1115 possit
1257 1041 1595 1111 admittere3
1628 1042 1830 1098 evenit
1859 1046 2053 1098 tamen
2084 1045 2322 1116 propter
2349 1038 2802 1116 consequentias,
2835 1056 2968 1115 quae
2991 1056 3051 1091 ex

611 1145 737 1201 eius
765 1144 1053 1202 solutione
1084 1144 1418 1214 eliciuntur,
1452 1150 1523 1203 ut
1552 1145 1850 1220 problema
1881 1143 2299 1220 philologicum
2344 1148 2558 1201 natura
2586 1146 2816 1224 mutata
2841 1141 3052 1198 evaserit

612 1248 975 1325 quaestio
1018 1248 1087 1305 de
1134 1248 1527 1325 Lyturgia
1574 1254 1812 1324 propter
1841 1268 2068 1325 panem,
2116 1249 2218 1325 qui
2259 1248 2331 1305 ad
2377 1247 2795 1305 confectionem
2837 1246 3053 1319 corporis

610 1353 847 1428 mystici
871 1352 1201 1410 adhibetur.
1234 1351 1623 1415 Quamobrem
1647 1354 1862 1411 summi
1881 1356 2126 1411 interest
2139 1352 2420 1409 eiusmodi
2445 1351 2792 1409 decisionem
2814 1349 3047 1425 reperire,

610 1474 759 1532 quae
789 1456 1005 1512 nodum
1034 1456 1119 1513 sic
1146 1455 1353 1527 solvat,
1400 1462 1473 1514 ut
1500 1458 1698 1514 omnia
1741 1478 1786 1513 s.
1819 1456 2158 1531 Scripturae
2202 1456 2328 1513 loca
2371 1456 2690 1513 secundum
2733 1456 2984 1511 nativum
3007 1460 3052 1507 et

612 1559 914 1634 proprium
964 1578 1196 1617 sensum
1242 1560 1614 1631 concordent,
1663 1561 1760 1616 sed
1805 1565 1865 1617 et
1908 1566 2234 1635 congruant
2277 1578 2410 1617 cum
2455 1557 2673 1616 ritibus
2715 1558 2754 1614 J
2755 1559 3052 1614 udaeorum.

610 1664 830 1739 Operae
860 1663 1047 1737 igitur
1076 1664 1331 1738 pretium
1361 1664 1559 1735 fuerit,
1596 1664 1939 1739 diligentius
1969 1664 2216 1722 scrutari
2247 1670 2408 1737 gesta
2437 1663 2503 1719 in
2535 1663 2817 1719 Paschate
2849 1660 3054 1717 Christi.

816 1767 966 1824 Prae
1040 1767 1245 1825 ceteris
1304 1766 1743 1843 explanandum
1815 1769 2104 1843 suscipere
2175 1767 2480 1824 debemus:
2554 1767 2802 1843 quinam
2859 1764 3059 1822 tandem

610 1871 794 1929 fuerit
840 1871 1161 1946 ,primus
1203 1871 1372 1929 dies
1416 1874 1883 1948 azymorum‘
1929 1872 2082 1947 apud
2121 1892 2166 1929 s.
2223 1892 2269 1927 s.
2295 1870 2682 1941 Matthaeum,
2729 1870 2976 1926 Marcum
3012 1875 3060 1922 et
3178 1862 3179 1879 *

611 1974 848 2045 Lucam,
897 1975 961 2033 in
992 1994 1107 2053 quo
1135 1994 1361 2033 necesse
1392 1982 1519 2033 erat
1546 1976 1730 2033 occidi
1761 1976 2014 2045 Pascha3
2061 1994 2248 2052 quove
2275 1974 2442 2032 misit
2480 1975 2648 2031 Jesus
2691 1995 2738 2031 s,
2769 1974 2990 2030 Petrum
3013 1976 3062 2026 et
3178 2024 3179 2057 ἶ

610 2098 657 2136 s.
689 2079 723 2135 J
726 2096 975 2137 oannem
1004 2097 1211 2154 parare
1240 2077 1501 2137 Pascha?
1558 2079 1796 2137 Primus
1841 2098 2180 2156 azymorum
2210 2080 2349 2148 dies,
2399 2079 2539 2153 agni
2569 2076 2852 2153 paschalis
2879 2078 3055 2133 immo-

611 2183 829 2240 latione
858 2202 1034 2253 sacer,
1068 2187 1156 2240 est
1184 2183 1509 2258 ipsissimus
1538 2184 1856 2241 decimus
1895 2185 2198 2260 quintus
2227 2185 2496 2240 mensis
2525 2183 2745 2257 primi
2773 2182 2908 2239 anni
2935 2180 3058 2236 sacri

610 2287 684 2345 ab
714 2287 1091 2344 antecedente
1112 2305 1371 2361 vespera.
1418 2287 1573 2344 Nam
1602 2289 1708 2364 qui
1739 2288 1803 2343 in
1836 2287 2036 2344 Veteri
2060 2286 2428 2345 Testamento
2454 2288 2682 2362 primus
2711 2286 2830 2343 dies
2857 2302 3058 2359 azymo-

610 2410 743 2447 rum
774 2390 993 2448 dicitur
1023 2390 1165 2447 Lev.
1203 2395 1301 2459 23,
1340 2396 1396 2447 5.
1433 2395 1491 2448 6.
1552 2391 1730 2448 Num.
1769 2396 1868 2462 28,
1908 2397 2040 2461 16.;
2071 2392 2228 2449 idem
2257 2392 2322 2447 in
2351 2391 2428 2447 N.
2462 2390 2529 2448 T.
2573 2392 2658 2447 sic
2697 2387 3058 2463 cognominari
3178 2414 3179 2421 κ

610 2494 831 2551 debuit.
908 2494 987 2551 Et
1044 2513 1183 2551 vero
1242 2499 1461 2569 septem
1504 2495 1644 2551 'dies
1702 2514 2044 2571 azymorum
2103 2495 2550 2553 celebrabantur
2605 2494 2794 2551 Exod.
2839 2497 2928 2561 12,
2975 2496 3056 2547 18.

610 2618 647 2655 a
680 2616 921 2672 vespera
958 2596 1076 2655 diei
1114 2596 1289 2656 XIV.
1329 2617 1408 2655 m.
1464 2598 1652 2656 Nisan
1693 2600 1766 2656 ad
1805 2618 2106 2674 vesperam
2159 2618 2338 2677 usque
2393 2598 2578 2656 XXI.
2627 2618 2678 2655 e.
2725 2618 2802 2655 m.
2873 2596 3060 2653 Eodem
3178 2604 3179 2679 ᾗ

612 2701 811 2778 itaque
855 2700 1161 2759 intellectu
1206 2720 1429 2759 necesse
1460 2707 1547 2759 est
1576 2703 1734 2778 apud
1763 2702 2073 2776 Evangelii
2105 2702 2428 2778 Scriptores
2471 2722 2600 2759 eam
2643 2721 2844 2759 vocem
2883 2702 3058 2773 accipi,
3178 2696 3179 2753 ἶ

611 2823 726 2882 quo
757 2809 843 2862 est
871 2826 907 2863 a
936 2806 1137 2881 Moyse
1166 2804 1425 2881 prolata3
1458 2806 1635 2883 idque
1665 2825 1770 2881 pro
1801 2812 1958 2864 certo
1987 2812 2048 2863 et
2075 2808 2320 2863 minime
2349 2812 2721 2864 controverso
2750 2806 2866 2863 viri
2895 2820 3062 2861 omnes
3178 2814 3179 2871 ξ

612 2909 790 2967 sacris
820 2909 1035 2966 imbuti
1066 2908 1257 2967 literis
1286 2910 1523 2967 habent.
1585 2909 1794 2988 Itaque
1824 2910 1874 2967 si
1903 2912 2082 2968 etiam
2102 2911 2141 2968 J
2143 2910 2404 2985 osephus,
2439 2912 2647 2987 Antiq.
2680 2910 2770 2965 ΙΙ.
2807 2914 2900 2977 10,
2933 2914 2984 2964 5.
3013 2925 3060 2979 p.

618 3019 646 3069 1
664 3016 760 3069 77.
794 3031 897 3087 per
926 3013 1173 3071 abusum
1202 3014 1455 3088 primam
1485 3012 1654 3071 illam
1691 3014 1849 3071 diem
1891 3034 2259 3091 azymorum,
2308 3016 2462 3071 diem
2507 3014 2744 3091 quidem
2789 3028 3063 3088 praepara·

614 3116 845 3186 tomam,
881 3117 1103 3175 Pascha
1131 3115 1485 3192 adpellaret3
1526 3118 1684 3175 credi
1713 3122 2007 3192 oporteret
2034 3116 2340 3193 Apostolos
2369 3118 2476 3175 sub
2521 3116 2756 3174 Christo
2799 3116 3060 3188 magistu),
3178 3122 3179 3127 ’

612 3238 747 3278 cum
793 3220 993 3297 Moyse
1040 3222 1249 3296 potius,
1296 3238 1474 3297 quam
1523 3239 1656 3278 cum
1701 3223 2009 3279 recentiori
2054 3221 2091 3277 J
2094 3222 2274 3279 udaeo
2317 3221 2354 3277 J
2356 3222 2564 3295 osepho
2609 3222 2674 3277 in
2717 3219 2984 3298 loquendo
3017 3224 3062 3271 et
3178 3226 3179 3261 ἐ

611 3325 913 3383 scribendo
944 3324 1315 3401 conspirasse.
1364 3325 1537 3381 Diem
1560 3324 1699 3381 XV.
1731 3326 1946 3383 mensis
1975 3326 2180 3389 Nisan,
2207 3326 2309 3402 qui
2335 3326 2560 3400 primus
2581 3324 2704 3381 dies
2727 3340 3058 3401 azymorum,

614 3446 767 3485 anno
796 3428 1016 3485 Christi
1055 3428 1215 3485 vitae
1258 3447 1526 3503 supremo
1555 3429 1589 3485 J
1594 3429 1911 3487 udaeorum
1957 3430 2280 3499 exstiterat,
2315 3448 2430 3487 non
2461 3428 2641 3486 fuisse
2671 3425 3061 3503 Hierosolymis
3178 3484 3179 3493 χ

613 3532 829 3589 festum
881 3550 949 3589 ac
990 3531 1287 3589 solennem
1302 3576 1315 3603 ,
1376 3550 1483 3589 nec
1526 3552 1644 3589 esse
1697 3534 1976 3608 potuisse3
2025 3536 2364 3608 praesertim
2417 3535 2466 3589 si
2519 3534 2916 3608 superstitiosa
2959 3530 3061 3585 fere

614 3635 895 3693 festorum
924 3636 1250 3695 observatio
1282 3636 1688 3694 Hebraeorum
1717 3656 1784 3693 eo
1815 3641 2072 3712 tempore
2101 3638 2444 3711 pensitetur,
2495 3638 2724 3711 patebit
2753 3656 2826 3693 ex
2854 3650 3064 3711 sequeu-

614 3739 773 3797 tibus
800 3758 999 3797 rerum
1030 3741 1356 3798 momentis.
1418 3740 1658 3798 Certum
1696 3745 1782 3798 est
1825 3740 2082 3817 paschali
2127 3740 2476 3798 solennitate
2520 3743 2782 3815 primum
2825 3740 2992 3797 solum
3017 3746 3066 3789 et

614 3843 895 3900 ultimum
938 3844 1093 3900 diem
1137 3843 1315 3901 fuisse
1344 3844 1577 3901 festum.
1626 3843 1771 3901 coll.
1805 3844 1946 3902 Lev.
1983 3848 2082 3915 23,
2121 3849 2179 3902 5.
2211 3864 2259 3902 s.
2321 3847 2434 3901 Ast·
2474 3844 2631 3901 diem
2676 3863 2794 3921 qua
2833 3842 3067 3900 Christus
3178 3824 3179 3869 7

614 3949 773 4005 cruci
818 3946 1037 4005 affixus
1082 3953 1186 4017 est,
1234 3968 1279 4004 s.
1310 3948 1347 4004 J
1348 3966 1563 4005 oannes
1606 3948 1775 4005 illam
1821 3948 2191 4023 praecessisse
2235 3949 2530 4022 designat3
2579 3948 2826 4006 alteram
2853 3964 2977 4004 vero
3002 3942 3065 3999 ab

612 4052 725 4109 hac
756 4070 961 4127 nempe
990 4051 1297 4109 sabbatum
1328 4052 1477 4109 citra
1506 4052 1961 4109 controversiam
2001 4052 2219 4110 festum
2260 4051 2425 4109 dicit..
2493 4056 2590 4121 19,
2630 4056 2729 4108 14.
2767 4055 2864 4108 31.
2920 4043 3068 4105 Nihil

620 4158 791 4214 iuvat
848 4157 1032 4213 Marc.
1087 4160 1161 4212 15
1182 4200 1196 4226 ,
1248 4160 1348 4212 42.
1417 4155 1561 4212 Luc.
1612 4160 1691 4212 23
1713 4200 1726 4227 ,
1779 4159 1880 4212 54.
1941 4156 2154 4233 quibus
2211 4155 2278 4212 in
2335 4155 2476 4213 locis
2533 4151 2596 4209 τὸ
2653 4144 2954 4211 Ρείηεοθτε
3003 4149 3067 4205 ad

616 4260 925 4317 sabbatum
974 4258 1264 4329 refertur3
1319 4264 1389 4316 ut
1438 4263 1706 4317 sumatur
1755 4259 2132 4316 Parascevem
2183 4260 2408 4316 sabbati
2429 4302 2444 4328 ,
2491 4258 2732 4315 eandem
2777 4263 2834 4315 et
2875 4254 3070 4312 Pascha
3178 4302 3179 4309 ,

616 4364 739 4420 sive
770 4364 1029 4438 primum
1060 4363 1215 4420 diem
1246 4382 1586 4439 azymorum
1616 4364 1814 4420 fuisse.
1877 4362 2240 4421 Vocabulum
2281 4358 2600 4437 παρασκευὴ
2645 4367 2732 4418 est
2763 4360 3066 4425 relativum,
3178 4354 3179 4363 ’

616 4471 676 4522 et
720 4467 1042 4524 necessario
1088 4467 1149 4523 id
1196 4468 1435 4543 respicit
1478 4468 1573 4524 cui
1619 4467 1996 4539 adiungitur3
2044 4485 2221 4543 quare
2266 4466 2420 4523 sicut
2463 4466 2618 4540 apud
2661 4486 2707 4522 e.
2739 4466 2984 4522 Marcum
3019 4466 3070 4515 et

616 4588 663 4629 s.
697 4569 917 4626 Lucam
962 4570 1035 4627 ad
1066 4571 1389 4644 sabbatum,
1438 4571 1525 4628 ita
1569 4571 1722 4648 apud
1767 4590 1812 4627 s.
1837 4570 2122 4627 Joannem
2167 4570 2240 4627 ad
2271 4570 2497 4629 Pascha
2525 4569 2796 4627 refertur.
2857 4564 3070 4641 Duplex
3178 4564 3179 4575 ³
