3267 5259
577 460 702 524 100
971 515 982 526 ,
1239 472 1356 515 mat.
1385 472 1492 515 nov.
1521 472 1610 515 «nv.
1641 473 1694 515 s.
1717 474 1768 515 ⁹1⁸.
1797 472 1965 515 serios.
1995 474 2030 515 1.
2051 485 2145 527 οι».
2174 474 2373 517 altorum.

566 647 859 712 Dollinger,
886 646 1297 711 Christenthum,
1323 665 1374 715 p.
1401 650 1485 699 37.
1511 665 1552 699 8.
1604 647 1712 699 Sed
1733 648 1826 699 alii
1851 650 2168 715 interpretes
2203 655 2408 701 tantum
2433 666 2544 701 non
2577 650 2806 716 plurimi,
2833 664 3030 699 coenam

568 732 707 783 11800
731 748 765 783 8
788 733 1028 799 paschali
1051 735 1156 785 ista
1180 750 1286 784 non
1312 735 1658 801 distinguunt.
1708 736 1792 785 Ita
1821 735 2042 803 Lampe,
2071 736 2270 787 Comm.
2299 753 2446 803 exeg.
2475 752 2560 787 an.
2585 739 2640 786 in
2665 738 2766 785 Ev.
2792 753 2834 786 s.
2859 736 3030 786 Josnn.

566 820 731 869 Amst.
762 822 910 870 1735.
936 820 1033 882 111,
1060 822 1108 871 4.
1136 838 1177 871 s.
1228 821 1477 882 Kuinoel,
1501 823 1601 871 Ev.
1628 822 1716 872 Jo.
1744 822 1825 872 ed.
1853 823 1948 873 111.
1975 839 2026 888 p.
2053 824 2172 873 568.
2198 838 2239 873 8.
2288 824 2438 887 Κ100,
2465 822 2524 873 C.
2551 828 2602 873 fl.
2630 822 2680 872 d.
2706 822 2809 872 Ev.
2835 838 2884 872 n.
2907 822 3030 884 Joh„

566 924 618 973 p.
652 908 771 957 3⁵3.
822 906 1090 969 Tholuck,
1119 907 1179 958 C.
1206 926 1251 957 z.
1286 909 1349 958 E.
1386 908 1473 959 J0.
1512 908 1594 958 ed.
1631 908 1722 959 VI.
1759 926 1812 975 p.
1849 910 1968 961 306.
2016 909 2221 973 Liicke,
2256 909 2315 960 C.
2349 914 2400 961 fl.
2437 910 2487 959 d.
2512 910 2614 959 Ev.
2639 910 2727 959 Jo.
2755 908 2836 959 ed.
2863 909 2953 971 111,
2975 908 3032 971 Π,

567 995 685 1043 547.
722 994 987 1057 Neander,
1014 995 1076 1045 L.
1102 995 1155 1045 J.
1182 994 1263 1045 ed.
1292 1012 1343 1061 q.
1368 1012 1419 1060 p.
1446 998 1565 1045 693.
1602 996 1936 1061 Derenburg,
1965 995 2277 1047 orientalia.
2302 997 2468 1047 Amst.
2497 998 2646 1047 1840.
2672 1012 2724 1061 p.
2754 998 2870 1045 175.
2903 996 2950 1045 J.
2971 996 3030 1044 H.

566 1080 853 1143 Friedlieb,
879 1081 1231 1147 Archiiologie
1267 1082 1361 1131 der
1383 1082 1798 1149 Leidensgesch.
1824 1098 1876 1131 u.
1903 1082 1970 1131 H.
1996 1082 2047 1132 J.
2077 1081 2135 1131 C.
2161 1082 2295 1133 Bon.
2325 1084 2474 1133 1843.
2500 1100 2552 1148 p.
2579 1085 2663 1133 63.
2689 1099 2732 1133 s.
2781 1082 2843 1131 A.
2867 1082 3030 1143 Maier,

567 1166 624 1217 C.
662 1172 713 1217 fl.
751 1166 800 1215 d.
838 1168 939 1217 Ev.
973 1168 1170 1218 Joann.
1206 1167 1276 1231 Π,
1312 1171 1429 1218 270.
1468 1185 1509 1219 8.
1561 1169 1646 1217 W.
1683 1169 1883 1235 Meyer,
1919 1170 1982 1219 Κ.
2024 1186 2104 1218 ex·
2141 1168 2209 1218 H.
2237 1174 2286 1219 ii.
2326 1168 2374 1219 d.
2408 1170 2509 1219 Ev.
2541 1170 2741 1220 Joann.
2769 1169 2850 1218 ed.
2876 1169 2965 1231 111,
2989 1186 3032 1234 p.

565 1254 682 1303 374.
718 1270 759 1305 8.
808 1254 1045 1317 Ebrard,
1086 1254 1135 1303 d.
1170 1256 1271 1304 Ev.
1308 1253 1357 1304 d.
1393 1255 1589 1305 Joann.
1626 1272 1677 1321 p.
1705 1258 1822 1306 333.
1849 1272 1890 1306 8.
1942 1255 2004 1304 F.
2045 1256 2109 1305 X.
2144 1254 2424 1318 Patritius,
2459 1257 2516 1305 in
2549 1256 2748 1306 Joann.
2785 1271 2960 1305 comm.
2987 1272 3032 1320 p.

567 1342 682 1391 160.
722 1356 763 1390 8.
812 1340 1202 1403 Lichtenstein,
1240 1342 1635 1407 Lebensgesch.
1671 1342 1722 1392 d.
1756 1342 1826 1391 H.
1859 1342 1912 1392 J.
1941 1342 1999 1391 C.
2025 1358 2078 1407 p.
2103 1344 2221 1393 398.
2261 1342 2351 1391 Fr.
2375 1343 2666 1409 Koessing,
2704 1343 2772 1392 de
2807 1356 3034 1407 suprema

568 1426 765 1477 Christi
801 1442 982 1476 coena.
1031 1428 1277 1477 Heidelb.
1318 1430 1467 1478 1868.
1506 1445 1559 1493 p.
1594 1430 1678 1479 32.
1708 1446 1748 1479 8.
1798 1429 1864 1479 Ε.
1902 1429 1985 1478 W.
2020 1430 2454 1495 Hengstenberg,
2493 1430 2589 1479 das
2621 1430 2724 1479 Ev.
2763 1428 2812 1479 d.
2847 1428 2896 1479 h.
2925 1427 3032 1477 Joh.

562 1512 705 1563 Berl.
734 1515 885 1564 1862.
922 1512 993 1575 Π,
1022 1515 1139 1563 348.
1167 1530 1207 1565 8.
1258 1514 1509 1581 Langen,
1538 1515 1585 1565 d.
1613 1514 1649 1565 l.
1676 1515 2014 1581 Lebenstage
2037 1516 2090 1566 J.
2119 1532 2170 1581 p.
2199 1518 2314 1566 100.
2365 1516 2533 1566 Nobis
2571 1517 2730 1566 etiam
2766 1530 3034 1581 numquam

563 1615 672 1649 non
709 1600 913 1662 placuit
946 1600 1182 1665 vulgaris
1230 1600 1704 1652 eruditissimorum
1749 1601 2017 1651 hominum
2065 1603 2270 1668 opinio,
2311 1604 2404 1669 qui
2447 1617 2672 1652 coenam
2711 1602 2860 1651 illam
2894 1616 3034 1667 quam

564 1702 607 1737 s.
634 1686 829 1737 Joann.
859 1689 948 1749 13,
978 1688 1162 1737 1-17.
1202 1686 1505 1754 descripsit,
1542 1704 1652 1738 non
1689 1689 1851 1739 aliam
1885 1688 2052 1739 fuisse
2087 1688 2277 1739 volunt
2311 1704 2474 1755 quam
2509 1688 2834 1755 paschalem.
2895 1688 3034 1739 Certe

564 1790 593 1823 e
629 1774 872 1839 pluribus
910 1775 1321 1825 circumstantiis
1356 1774 1489 1823 nihil
1526 1775 1724 1825 clarius
1762 1781 1817 1824 et
1851 1776 2089 1840 apertius
2126 1780 2234 1837 est,
2274 1791 2434 1841 quam
2479 1791 2702 1825 coenam
2735 1776 2882 1825 illam
2925 1789 3029 1824 eam

564 1860 747 1923 fiiisse,
775 1874 883 1926 qua
916 1860 1119 1926 pascha
1150 1876 1305 1911 suum
1340 1862 1578 1911 ultimum
1605 1861 1644 1911 J
1647 1861 1954 1927 erosolymis
1993 1862 2238 1913 comedit.
2285 1862 2475 1912 Matth.
2501 1865 2584 1925 26,
2611 1865 2660 1912 6.
2702 1862 2867 1912 Marc.
2896 1864 2970 1922 14,
2992 1863 3033 1911 3.

560 1946 693 1997 Luc.
733 1950 825 2008 22,
866 1949 947 1998 14.
1008 1948 1093 1997 Ad
1128 1947 1267 1997 hanc
1312 1950 1631 1999 sententiam
1669 1948 2059 1999 defendendam
2093 1964 2192 1999 nos
2235 1948 2442 1999 ducunt
2487 1950 2674 2014 gravia
2719 1954 3032 2015 argumenta.

568 2034 805 2085 Coenam
850 2034 1075 2085 eandem
1110 2051 1155 2084 α.
1194 2034 1283 2085 vel
1316 2036 1482 2085 verba
1528 2050 1667 2101 quae
1710 2036 2118 2101 praemittuntur
2157 2038 2246 2099 13,
2288 2040 2334 2086 1.
2371 2038 2642 2086 evincunt.
2705 2037 2873 2097 „Ante
2907 2036 3032 2085 diem

559 2122 753 2173 festum
788 2122 1056 2184 Paschae,
1096 2124 1271 2173 sciens
1317 2122 1479 2173 Jesus
1517 2124 1646 2188 quia
1689 2124 1836 2173 venit
1879 2122 2012 2172 hora
2057 2123 2197 2185 eius,
2237 2127 2298 2173 ut
2330 2127 2573 2173 transeat
2611 2138 2680 2173 ex
2715 2123 2818 2173 1100
2852 2122 3036 2173 mundo

561 2209 632 2259 ad
676 2210 916 2273 Patrem3
964 2224 1083 2259 cum
1130 2209 1405 2260 dilexisset
1450 2225 1603 2272 suos,
1655 2212 1746 2275 qui
1795 2214 1950 2259 erant
1993 2210 2052 2259 in
2095 2209 2319 2271 munde,
2367 2211 2424 2259 in
2469 2209 2628 2260 finem
2677 2210 2862 2260 dilexit
2905 2212 3032 2259 eos-¹⁵

560 2296 796 2357 Quorum
840 2312 1031 2347 sensus
1080 2296 1359 2346 absolutus
1408 2302 1517 2347 est:
1564 2296 1692 2362 Ipso
1743 2296 1860 2359 die,
1898 2297 1989 2362 qui
2037 2298 2331 2361 praecessit
2373 2297 2568 2346 festum
2611 2296 2882 2359 Paschae,
2927 2312 3035 2346 011111

557 2398 767 2447 semper
815 2382 1089 2433 dilexisset
1139 2398 1265 2434 suos
1322 2384 1640 2449 quibuscum
1691 2384 1930 2445 vixerat,
1979 2398 2152 2448 1189110
2197 2383 2254 2431 in
2299 2381 2460 2433 finem
2506 2384 2650 2433 vitae
2705 2368 2888 2433 dilexit
2937 2399 3033 2433 eos.

558 2469 690 2529 Quis
739 2485 867 2519 vero
914 2468 1060 2519 haud
1115 2470 1427 2535 perspiciat,
1473 2474 1535 2519 ut
1578 2486 1620 2520 s.
1655 2470 1897 2519 Joannes
1951 2469 2032 2520 his
2087 2470 2266 2519 verbis
2311 2469 2516 2535 aliquid
2566 2469 2866 2535 significare
2915 2469 3037 2519 velit

556 2556 759 2621 grande
816 2556 1029 2605 omnino
1084 2556 1321 2622 insigne,
1372 2556 1442 2605 ad
1488 2556 1543 2605 id
1592 2556 1851 2606 indictum
1911 2562 2074 2622 atque
2125 2556 2453 2620 inauditum,
2509 2558 2776 2622 specimen
2830 2555 3035 2622 aliquod

558 2644 805 2693 eximium
831 2647 885 2693 et
906 2643 1161 2693 indicium
1198 2644 1407 2703 amoris,
1436 2658 1541 2708 quo
1566 2642 1730 2693 Jesus
1766 2642 2044 2709 flagrabat.
2093 2644 2206 2693 Nisi
2243 2648 2422 2693 autem
2445 2643 2514 2693 de
2549 2644 2796 2694 Ultima
2831 2643 3036 2693 00008

556 2729 834 2793 loquatur,
873 2729 975 2778 hoc
1012 2730 1205 2780 amoris
1252 2731 1523 2795 specimen
1572 2744 1690 2780 esse
1729 2730 1876 2779 aliud
1921 2730 2132 2795 nequit,
2173 2744 2335 2796 quam
2378 2729 2510 2780 lotio
2559 2730 2772 2796 pedum.
2832 2728 3034 2780 Grande

562 2816 690 2881 quid
726 2815 827 2865 hoc
862 2816 987 2877 fuit,
1024 2832 1135 2865 non
1170 2820 1350 2865 tamen
1398 2816 1561 2879 aden,
1600 2821 1660 2866 ut
1695 2816 1762 2865 de
1799 2816 1902 2866 hac
1939 2816 2248 2881 loqueretur
2283 2832 2324 2866 s.
2350 2816 2620 2879 Joannes,
2659 2817 2826 2867 veluti
2861 2818 2902 2867 si
2936 2832 3034 2865 non

558 2902 669 2951 alia
718 2908 929 2967 praeter
978 2902 1103 2965 hoc,
1155 2917 1327 2967 eaque
1371 2902 1531 2969 longe
1576 2904 1824 2968 graviora
1869 2918 1934 2952 80
1983 2904 2304 2967 perenniora
2355 2904 2552 2953 amoris
2597 2904 2682 2953 sui
2729 2905 3038 2953 monimenta

560 2988 801 3038 Christus
838 2990 949 3037 suis
985 2989 1278 3039 tradiderit.
1332 2990 1509 3054 Atque
1548 2989 1684 3039 adeo
1723 3004 1968 3054 supremo
2006 2990 2148 3039 vitae
2187 3004 2316 3039 suae
2354 2989 2466 3052 die,
2501 2989 2704 3055 illaque
2748 2992 2862 3055 ipsa
2893 2989 3036 3048 hora,

557 3080 739 3125 manet
774 3074 827 3123 S.
856 3073 908 3123 S.
934 3075 1363 3125 Eucharistia
1396 3076 1726 3125 instituta.
1777 3076 1928 3125 Haec
1953 3076 2112 3139 igitur
2135 3076 2480 3127 Eucharistia
2507 3082 2872 3142 argumentum
2902 3075 3032 3124 illud

558 3167 664 3224 est,
704 3178 810 3227 quo
848 3161 1009 3211 Jesus
1046 3177 1173 3211 suos
1211 3177 1245 3212 a
1280 3178 1337 3212 80
1373 3164 1429 3211 10
1473 3162 1631 3212 finem
1681 3162 1828 3228 diligi
1877 3163 2274 3213 demonstravit.
2337 3163 2510 3223 Quam
2557 3163 3034 3229 interpretationem

555 3250 675 3313 ipsa
710 3249 991 3298 verborum
1028 3248 1293 3314 emphasis
1330 3250 1658 3315 comprobat,
1698 3264 1870 3314 eaque
1909 3248 2238 3310 confirmant,
2275 3264 2414 3314 quae
2453 3264 2494 3298 8.
2517 3249 2762 3299 «10811008
2787 3249 2850 3298 (10
2873 3263 3036 3299 00008

554 3336 633 3384 ita
686 3336 985 3401 subiungit,
1034 3350 1099 3385 ac
1148 3337 1193 3384 81
1242 3336 1381 3385 hanc
1427 3338 1534 3385 iam
1584 3336 2096 3397 commemoraverit,
2148 3351 2436 3401 nemoque,
2485 3350 2718 3400 quanam
2765 3336 2828 3385 de
2871 3349 3033 3385 coena

550 3416 826 3487 loquatur,
864 3438 973 3472 non
1007 3422 1285 3487 intelligat.
1356 3424 1533 3483 Quare
1582 3437 1804 3473 necesse
1852 3426 1934 3471 est
1969 3426 2028 3471 ut
2069 3421 2254 3471 eadem
2301 3422 2460 3471 fuerit
2505 3438 2633 3473 vere
2683 3422 2864 3473 habita
2919 3437 3036 3469 cum

554 3508 809 3573 paschali.
863 3508 947 3557 Ad
992 3508 1124 3557 haec
1170 3508 1309 3557 idem
1345 3511 1391 3557 is
1428 3506 1471 3574 β.
1510 3514 1757 3571 annotat,
1799 3523 1920 3558 mox
1958 3508 2048 3558 ubi
2083 3507 2256 3558 Judas
2292 3514 2416 3573 post
2449 3508 2751 3559 buccellam
2785 3524 2815 3559 0
2849 3507 3036 3557 Christi

554 3594 799 3643 manibus
838 3600 1113 3660 acceptam
1150 3610 1395 3659 egressus
1434 3600 1528 3656 est,
1570 3596 1652 3656 13,
1681 3596 1762 3644 31.
1823 3595 2011 3644 Jesum
2045 3594 2206 3644 Petro
2255 3594 2466 3660 lapsum
2508 3596 2837 3659 praedixisse
2871 3610 2918 3643 v.
2953 3594 3033 3642 33.

553 3680 711 3730 Unde
747 3680 1047 3731 luculenter
1082 3687 1231 3747 patet
1267 3681 1400 3731 haec
1438 3682 1725 3747 contigisse
1763 3681 1951 3731 eadem
1986 3681 2082 3731 illa
2117 3686 2292 3743 nocte,
2323 3696 2433 3745 qua
2454 3681 2618 3731 Jesus
2644 3682 2852 3731 Pascha
2884 3696 3033 3731 suum

554 3766 797 3817 ultimum
825 3783 943 3816 cum
970 3770 1079 3817 suis
1106 3767 1381 3833 discipulis
1408 3768 1661 3831 comedit3
1700 3784 1821 3817 cum
1853 3768 2164 3817 vaticinium
2203 3768 2398 3817 Christi
2422 3767 2488 3817 de
2513 3770 2657 3818 trina
2693 3766 3034 3833 abnegatione

554 3854 723 3916 Petri,
774 3866 816 3903 8.
854 3870 896 3905 8.
932 3854 1263 3917 Matthaeus,
1300 3854 1516 3904 Marcus
1554 3860 1608 3903 et
1643 3854 1821 3903 Lucas
1859 3870 1922 3903 eo
1971 3860 2208 3920 tempore
2259 3854 2458 3903 dictum
2507 3854 2744 3904 referant
2781 3852 3030 3919 explicite.

552 3940 782 4006 Insuper
828 3958 875 4009 γ.
915 3954 981 3990 08
1019 3942 1197 3989 001018
1234 3954 1373 4006 9080
1410 3954 1445 3989 a
1481 3938 1694 3990 Christo
1733 3940 1878 3991 dicta
1913 3954 1953 3990 s.
1979 3941 2222 3991 Joannes
2260 3946 2444 3991 narrat
2481 3956 2524 3991 0.
2551 3957 2599 3990 0.
2629 3943 2720 4004 13,
2748 3940 2959 4000 31-18,
2985 3940 3029 3986 1.

553 4029 690 4077 801·ἰο
738 4044 846 4077 000
892 4028 1218 4091 interrupta,
1272 4031 1413 4077 certe
1464 4027 1651 4077 ultima
1699 4032 1858 4077 nocte
1905 4028 2052 4077 facta
2103 4032 2242 4077 sunt.
2315 4028 2589 4077 Pensitato
2641 4032 2887 4079 context-u
2931 4025 2963 4076 1.
2993 4024 3032 4074 1.

552 4119 777 4181 apparet
822 4114 965 4165 haud
1013 4127 1283 4180 quaquam
1338 4118 1471 4163 0880·
1500 4114 1683 4179 plures
1733 4129 2030 4177 sermones,
2081 4113 2216 4163 alios
2254 4113 2372 4165 aliis
2427 4112 2618 4163 diebus
2667 4114 2898 4175 habitos,
2941 4110 3031 4162 sed

552 4216 717 4251 unum
764 4201 1066 4263 dumtaxat,
1104 4199 1381 4265 discipulis
1428 4201 1656 4251 subinde
1705 4200 2172 4266 interpellantibus
2223 4201 2605 4250 continuatum.
2665 4201 2822 4251 Unde
2861 4213 3030 4249 rursus

550 4288 888 4338 manifestum
924 4292 1031 4351 est,
1070 4287 1116 4336 si
1152 4287 1497 4337 attendantur
1531 4288 1699 4337 verba
1728 4290 1810 4350 18,
1841 4290 1887 4337 1.
1951 4287 2136 4347 „Haec
2172 4302 2292 4336 cum
2330 4286 2552 4337 dixisset
2573 4286 2764 4350 «Iesus,
2802 4298 3029 4353 egressus

554 4379 637 4423 est
668 4380 816 4425 trans
852 4379 1140 4425 torrentem
1184 4374 1445 4437 Cedron“,
1489 4389 1523 4423 8
1556 4372 1863 4440 Synopticis
1905 4374 2110 4423 narrari
2147 4388 2372 4423 coenam
2409 4372 2638 4424 eandem
2675 4388 2742 4425 ac
2777 4372 3028 4437 descripta

552 4472 587 4508 8
610 4474 652 4509 8.
670 4459 708 4509 J
711 4474 885 4511 oanne
920 4468 1015 4511 est.
1072 4460 1329 4511 Rationes
1366 4474 1549 4511 eorum
1586 4462 1678 4526 qui
1713 4462 1770 4511 in
1807 4461 2128 4511 contrariam
2165 4464 2294 4510 eunt
2329 4461 2667 4523 sententiam,
2707 4457 3030 4527 quantumvis

551 4547 827 4612 speciosae
874 4552 1111 4599 nostram
1156 4564 1265 4597 non
1301 4552 1561 4598 evertunt.
1622 4546 1903 4613 Leguntur
1938 4546 2203 4597 refutatae
2245 4549 2302 4597 in
2339 4547 2577 4611 Patr-itii,
2613 4547 2652 4599 1.
2686 4548 2785 4599 m.
2821 4546 2882 4597 de
2915 4544 3025 4606 Exn,

552 4632 677 4683 diss.
704 4635 788 4684 52.
814 4648 866 4685 0.
894 4636 1080 4685 5-16.
1114 4650 1165 4700 p.
1192 4636 1311 4685 500.
1337 4648 1379 4685 s.
