3267 5259
1170 465 1369 508 Christus
1400 466 1602 508 moriens.
2513 453 2634 518 147

177 649 232 703 et
252 640 531 704 seniores
552 639 797 725 plebis3
832 641 1097 724 quinon
1122 639 1321 704 modo
1355 661 1505 704 suos
1536 649 1817 724 pascunt
1841 637 2066 705 oculos
2097 639 2471 726 spectaculo
2505 651 2638 704 tam

174 754 335 834 tristi,
380 751 495 816 sed
543 761 609 816 et
655 751 910 817 Christo
972 751 1281 835 illudunt,
1345 754 1536 837 eique
1603 751 1790 816 dictis
1835 751 2229 816 iocularibus
2273 752 2637 816 insultant¹.

175 864 555 929 Judaeorum
620 864 995 951 exemplum
1067 864 1512 951 sequebantur
1568 863 1976 928 excubantes
2034 867 2286 929 romani
2345 863 2579 928 milites
2593 867 2637 928 ².

176 975 299 1040 Imo
340 987 539 1062 auget
581 977 1037 1063 indignitatem
1083 979 1207 1060 rei,
1271 975 1449 1062 quod
1492 976 1818 1041 latronum
1863 978 1992 1040 iam
2036 976 2234 1040 finem
2281 988 2639 1063 expectans

176 1091 579 1154 certissimum
642 1113 839 1172 unus,
909 1089 1143 1154 eadem
1202 1088 1447 1176 probra
1504 1091 1573 1154 in
1634 1089 1960 1154 Christum
2019 1091 2342 1173 iniecerit,
2406 1089 2640 1175 quibus

174 1201 569 1286 proscindere
634 1201 912 1266 audierit
958 1201 1385 1267 Salvatorem.
1461 1202 1713 1267 Verum
1774 1201 1939 1267 alter
1980 1201 2310 1268 hominem
2355 1224 2638 1288 nequam

174 1313 541 1400 obiurgabat
565 1318 611 1379 ³.
646 1314 839 1380 Socio
866 1337 984 1380 suo
1008 1317 1343 1401 increpato
1369 1325 1502 1380 tam
1526 1336 1776 1396 severe,
1801 1315 1978 1380 idem
1998 1314 2164 1380 latro
2197 1338 2391 1401 porro
2410 1315 2453 1380 J
2459 1337 2639 1380 esum

172 1586 315 1648 pedes
351 1587 516 1636 clavis
556 1587 733 1637 infixis
772 1589 1145 1653 conspicimus.
1190 1587 1521 1637 Incredibilis
1558 1587 1832 1638 molestiae
1859 1605 2047 1640 sensus
2074 1593 2168 1651 est,
2207 1605 2370 1639 unum
2395 1592 2474 1638 tot
2497 1588 2640 1640 horis

170 1676 409 1724 sustinere
446 1675 689 1740 corporis
725 1676 909 1738 situm3
949 1691 1070 1724 cum
1106 1676 1195 1724 vix
1218 1674 1519 1725 naturalem
1557 1675 1650 1724 diu
1686 1676 1800 1726 sine
1839 1675 2028 1726 crebra
2061 1677 2355 1727 mutatione
2391 1677 2639 1740 feramus,

172 1760 345 1810 nedum
378 1767 489 1811 tam
526 1761 837 1811 violentum.
888 1761 1003 1812 Imo
1042 1778 1167 1812 vero
1204 1767 1286 1812 tot
1321 1762 1490 1813 clavis
1526 1779 1622 1827 per
1658 1762 1780 1814 loca
1802 1779 2087 1813 nervorum
2111 1763 2455 1829 tendiumque
2481 1763 2642 1829 plena

170 1849 408 1910 traiectis,
446 1851 503 1898 in
541 1851 647 1898 isto
685 1850 789 1898 situ
827 1850 941 1898 sine
978 1865 1073 1914 spe
1112 1850 1253 1898 omni
1290 1851 1629 1912 mutationis,
1681 1850 1783 1900 nisi
1820 1865 1976 1915 quam
2013 1865 2154 1900 mors
2189 1852 2471 1916 promittit3
2509 1850 2641 1899 nihil

172 1934 309 1983 facile
352 1935 541 1998 habet,
602 1951 707 2000 quo
746 1935 991 1985 acerbius
1029 1933 1157 2000 fingi
1192 1937 1376 2000 possit.
1424 1937 1591 1986 Aorta
1635 1937 1774 1986 inter
1822 1936 1916 1985 illa
1963 1938 2018 1986 iu
2067 1939 2338 1988 extremis‘
2361 1937 2642 1986 obstacula

171 2021 345 2070 fluxum
378 2024 553 2086 magis
592 2022 661 2072 ad
700 2027 863 2087 caput
898 2027 951 2070 et
988 2028 1224 2072 ventrem
1262 2023 1646 2085 determinans,
1697 2023 1769 2073 ibi
1818 2025 2017 2089 pressis
2054 2023 2382 2074 carotidibus
2419 2023 2642 2072 rubores

170 2106 306 2156 faciei
341 2107 666 2174 doloresque
701 2109 843 2173 parit
878 2108 1101 2173 capitis;
1152 2109 1243 2158 hic
1290 2111 1674 2174 opportuniora
1719 2109 1786 2158 ad
1835 2111 2002 2160 stasin
2040 2115 2092 2160 et
2129 2110 2483 2175 corruptelam
2521 2109 2644 2158 loca

172 2199 391 2258 occupat.
452 2193 601 2244 Illud
636 2199 815 2244 autem
853 2193 1011 2259 longe
1049 2196 1282 2246 atrocius
1320 2200 1402 2244 est
1438 2200 1643 2245 aortam
1679 2211 1788 2245 non
1825 2211 2048 2258 omnem,
2088 2213 2244 2262 quem
2281 2197 2492 2246 sinister
2529 2211 2640 2244 eor-

170 2281 297 2342 poris
338 2281 485 2330 sinus
532 2281 772 2346 suggerit
817 2282 1130 2346 sanguinem
1178 2283 1475 2347 suscipere3
1530 2297 1632 2330 nec
1685 2283 1848 2347 igitur
1899 2283 2195 2347 pulmonali
2243 2284 2490 2348 sanguini
2537 2282 2642 2331 huc

170 2364 373 2415 liberum
408 2367 617 2416 aditum
654 2381 790 2428 esse,
828 2367 1073 2433 adeoque
1111 2370 1165 2415 et
1201 2367 1402 2416 dexteri
1441 2367 1617 2418 cordis
1654 2369 1828 2418 sinum
1867 2369 1966 2418 sub
2001 2371 2132 2418 nixu
2159 2369 2486 2434 expulsionis
2512 2383 2642 2418 suae

170 2452 217 2500 in
248 2454 511 2518 oppletum
550 2453 853 2519 pulmonem
892 2452 1159 2504 horrenda
1195 2455 1489 2518 anxietate,
1546 2468 1684 2519 quae
1733 2456 1876 2504 omni
1919 2455 2102 2506 dolore
2140 2454 2527 2505 intolerabilior
2563 2458 2645 2504 est

170 2537 411 2590 laborare.
476 2541 725 2590 Arteriae
772 2545 827 2590 et
872 2553 1042 2590 venae
1084 2540 1451 2605 pulmonales,
1507 2542 1849 2603 coronariae,
1905 2541 2302 2605 inter-costales,
2359 2542 2642 2606 omniaque

170 2626 351 2674 maiora
382 2641 522 2676 vasa
559 2628 707 2676 circa
730 2641 837 2688 cor,
866 2627 935 2676 ob
961 2627 1170 2692 copiam
1208 2626 1554 2676 redundantis
1580 2627 1686 2676 huc
1723 2629 2000 2692 sanguinis
2027 2634 2082 2678 et
2106 2628 2441 2689 accumulati,
2479 2643 2640 2692 ango-

170 2726 243 2758 res
276 2712 389 2763 illos
428 2715 623 2774 animi,
670 2714 770 2762 sub
815 2714 1155 2763 incumbente
1204 2719 1547 2779 peccatorum
1596 2719 1898 2764 nostrorum
1954 2714 2092 2765 mole
2139 2719 2321 2776 natos,
2379 2715 2537 2764 etiam
2577 2730 2642 2764 ex

170 2811 319 2848 eausa
354 2801 595 2866 corporis
632 2799 931 2849 intendunt.
976 2799 1055 2849 Cf.
1085 2799 1147 2850 G.
1177 2799 1241 2850 G.
1266 2800 1499 2864 Richter,
1526 2807 1748 2852 mortem
1778 2801 2074 2852 Servatoris
2101 2803 2157 2850 in
2184 2817 2342 2850 cruce
2371 2803 2640 2850 succincte

170 2887 557 2949 expendentem.
597 2886 741 2936 Gott.
768 2889 919 2936 1751.
958 2904 1010 2952 p.
1039 2889 1120 2936 12.
1147 2904 1190 2938 s.

360 2972 397 3038 ¹)
443 2975 615 3023 Varia
650 2979 827 3023 autem
864 2979 1017 3024 erant
1051 2989 1189 3039 quae
1235 2973 1313 3024 illi
1361 2974 1714 3023 obiiciebant:
1771 2974 1914 3040 quod
1968 2991 2088 3024 cum
2143 2974 2278 3025 alios
2335 2990 2368 3024 a
2418 2975 2641 3026 miseriis

170 3059 263 3106 suis
298 3059 609 3110 liberaverit
644 3075 709 3110 ac
745 3065 938 3122 morte,
988 3075 1045 3111 se
1081 3061 1255 3125 ipsum
1291 3075 1399 3109 non
1436 3067 1619 3125 posset
1656 3062 1884 3111 eximere
1922 3075 1956 3110 a
1991 3067 2157 3111 morte
2193 3063 2640 3127 praesentissima.

165 3144 391 3196 Addunt:
428 3163 489 3198 se
528 3146 799 3196 Christum
835 3161 1015 3212 regem
1050 3147 1265 3196 Israelis
1304 3161 1421 3197 esse
1460 3146 1721 3210 ostendat,
1761 3155 1814 3196 et
1859 3146 2014 3196 fidem
2053 3149 2102 3196 ei
2135 3148 2466 3199 habebimus.
2520 3151 2640 3198 Non

164 3232 307 3281 modo
354 3233 693 3296 sacerdotes,
748 3233 881 3284 Jesu
930 3235 1244 3299 sanguinem
1291 3236 1383 3299 qui
1428 3235 1674 3284 sitierant
1724 3235 1828 3282 iam
1885 3233 2108 3296 dudum,
2165 3235 2258 3284 sed
2313 3234 2640 3284 Judaeorum

166 3318 311 3367 etiam
344 3319 567 3385 vulgus,
614 3319 803 3369 Je‘sum
848 3319 1095 3370 suffixum
1141 3321 1287 3369 cruci
1336 3320 1727 3385 contemplatur
1773 3320 2003 3384 quadam
2053 3335 2172 3368 cum
2219 3321 2496 3386 voluptate
2533 3321 2638 3369 imo

167 3403 345 3455 ridens.
410 3407 611 3471 Ingens
664 3411 795 3455 tunc
856 3407 961 3456 fuit
1012 3405 1397 3470 Hierosolymis
1450 3405 1734 3455 multitudo
1785 3405 2138 3469 advenarum,
2205 3407 2298 3472 qui
2344 3421 2464 3455 cum
2509 3407 2639 3456 nihil

165 3489 408 3540 haberent
432 3507 499 3542 eo
524 3491 629 3553 die,
668 3491 813 3557 quod
850 3496 1085 3558 agerent,
1124 3493 1179 3541 in
1215 3494 1307 3540 via
1342 3492 1439 3541 illa
1474 3491 1824 3541 ambulabant
1847 3493 2028 3556 otiosi3
2067 3492 2441 3557 blasphemant
2465 3497 2640 3542 autem

164 3575 209 3623 hi
242 3578 449 3642 profani
488 3577 727 3628 homines
764 3578 951 3628 Jesum
1002 3583 1109 3627 tam
1156 3583 1373 3628 externo
1420 3583 1575 3642 gestu
1624 3592 1784 3643 quam
1829 3579 2008 3627 verbis
2057 3579 2346 3642 expressis,
2385 3579 2644 3628 insultant

162 3671 420 3715 moventes
469 3669 647 3730 caput.
697 3665 781 3715 Ex
827 3666 1095 3730 opinione,
1136 3666 1289 3730 quasi
1333 3665 1495 3715 Jesus
1541 3664 1605 3714 de
1654 3665 1975 3714 destruendo
2025 3665 2383 3730 erigendoque
2420 3665 2640 3730 Templo

162 3749 641 3816 Hierosolymitano
678 3752 869 3802 fuisset
903 3752 1142 3814 locutus,
1192 3753 1491 3816 impingunt
1527 3752 1628 3816 ipsi
1669 3750 1998 3800 convicium:
2047 3757 2108 3800 tu
2157 3753 2248 3817 qui
2292 3756 2400 3801 tam
2448 3765 2643 3816 magna

164 3835 221 3884 de
256 3843 305 3886 te
342 3839 667 3902 praedicasti
705 3853 769 3887 ac
806 3837 1065 3902 gloriatus
1104 3853 1186 3900 es,
1226 3853 1369 3888 nunc
1404 3839 1543 3887 vires
1581 3839 1821 3902 experire
1857 3843 2003 3899 tuas,
2049 3843 2208 3903 teque
2255 3839 2426 3903 ipsum
2471 3837 2642 3886 libera

164 3935 193 3969 a
242 3931 426 3975 morte.
497 3923 687 3990 Longe
742 3925 881 3973 enim
926 3925 1145 3974 minoris
1202 3938 1395 3989 operae
1444 3928 1527 3974 est
1572 3925 1980 3989 potentiaeque,
2047 3939 2258 3973 crucem
2313 3925 2398 3972 cui
2453 3922 2641 3972 haeres

164 4008 341 4058 affixus
378 4011 677 4074 destruere,
730 4025 889 4078 quam
925 4011 1207 4076 Templum
1242 4015 1452 4060 vast-um
1488 4009 1621 4058 illud
1661 4008 1959 4058 aedificium
2000 4025 2064 4060 ac
2101 4009 2446 4075 praeclarum.
2503 4009 2641 4057 Hor-

164 4097 367 4146 rendam
406 4097 729 4148 addiderunt
762 4097 1175 4164 blasphemiam:
1212 4099 1255 4146 si
1294 4111 1417 4146 vere
1456 4097 1620 4162 ipsius
1659 4097 1763 4145 Dei
1799 4094 1938 4146 filius
1975 4113 2049 4159 es,
2090 4096 2302 4161 qualem
2339 4100 2392 4144 te
2427 4095 2641 4160 publice

168 4183 427 4244 professus
454 4199 514 4234 es
539 4199 605 4233 ac
628 4184 931 4247 venditasti,
970 4185 1023 4233 id
1062 4183 1353 4250 comproba
1388 4197 1532 4232 nunc
1568 4180 1671 4232 hoc
1708 4183 1859 4247 signo
1899 4183 2277 4247 miraculoque,
2317 4188 2376 4230 ut
2399 4180 2641 4230 clavibus

167 4281 191 4313 e
224 4271 467 4320 manibus
501 4271 607 4320 tuis
650 4276 812 4336 atque
858 4271 1085 4336 pedibus
1132 4272 1369 4322 excussis
1417 4270 1599 4320 salvus
1649 4271 1960 4334 integerque
2008 4269 2303 4318 descendas
2354 4267 2419 4316 de
2467 4283 2639 4317 cruce.

169 4353 204 4416 ’,ι
248 4357 519 4422 Arripiunt
563 4371 751 4407 ansam
786 4356 995 4406 ridendi
1032 4371 1066 4406 a
1100 4358 1353 4406 vanitatis
1394 4357 1820 4422 exprobratione,
1862 4355 2004 4420 quod
2041 4369 2216 4418 regem
2253 4354 2429 4404 facere
2454 4355 2640 4405 volens

166 4454 218 4487 se
249 4440 605 4504 Judaeomm,
652 4444 741 4508 qui
784 4444 965 4509 iugum
1016 4449 1289 4492 excuteret
1332 4457 1632 4505 romanum,
1691 4459 1719 4492 e
1763 4458 1920 4492 cruce
1956 4441 2184 4491 liberare
2223 4455 2329 4492 non
2367 4447 2548 4506 posset
2583 4457 2640 4491 se

168 4524 341 4588 ipsum.
422 4528 465 4593 3)
520 4527 755 4594 Suscipit
809 4529 1163 4595 respondendi
1223 4534 1432 4595 partes,
1506 4531 1709 4579 socium
1763 4545 1916 4580 suum
1971 4529 2214 4592 increpat
2268 4527 2640 4593 interdicitque

165 4611 309 4662 simul
344 4630 413 4664 ne
450 4614 679 4680 amplius
714 4621 902 4680 pergat
937 4617 1215 4666 convitiari
1250 4616 1571 4682 petulanter.
1620 4615 1711 4665 Ait
1747 4615 1814 4666 ad
1851 4615 2028 4678 illum,
2074 4615 2202 4664 licet
2237 4615 2329 4664 alii
2365 4614 2640 4666 adstantes

2229 4703 2328 4752 10*
