3267 5259
577 466 678 519 CII
1560 482 1780 523 aecensus
1807 482 2064 533 scriptorum

564 666 789 735 fuisset,
843 666 1015 736 plura
1074 665 1380 719 adhucdum
1444 666 1509 719 de
1568 672 1862 735 temporum
1923 664 2066 719 Novi
2129 664 2454 719 Testamenti
2509 664 2723 719 ratione
2781 664 3066 735 disputas-

576 790 775 839 semus,
836 776 895 825 at
948 770 1207 825 historias
1262 788 1369 823 non
1424 776 1599 825 autem
1654 770 1962 841 hypotheses
2015 786 2278 823 enarrare
2332 770 2546 824 ivimus.
2621 771 2773 825 Lites
2834 768 3069 823 Critico-

579 894 724 944 rum,
770 905 857 917 --
900 892 1126 946 quorum
1183 882 1403 948 segetem
1458 875 1612 947 tonqe
1669 874 2021 943 uberrimam,
2081 874 2354 927 saeculum
2399 892 2502 945 quo
2549 873 2778 927 vivimus
2820 874 3068 945 quodque

578 981 821 1051 elapsum
852 985 927 1033 est
968 979 1111 1049 tulit,
1146 1010 1220 1019 —
1259 978 1638 1049 opinionesque
1675 996 1851 1033 vanas
1891 979 2052 1051 lonqo
2081 978 2271 1032 ordine
2301 996 2566 1033 recensere
2595 996 2690 1033 nec
2720 979 2938 1033 animus
2969 985 3067 1047 est,

578 1103 674 1141 nec
710 1084 888 1155 operis
919 1101 954 1138 a
984 1085 1139 1139 nobis
1181 1085 1409 1154 suscepti
1452 1085 1600 1139 ratio
1623 1084 1909 1155 permittit.
1971 1082 2128 1146 Quod
2169 1083 2434 1181 reliquum
2479 1090 2570 1151 est,
2609 1082 2813 1153 paucis
2855 1100 3066 1137 enume-

579 1206 758 1245 remus
784 1189 1184 1259 scriptores,
1226 1190 1342 1259 qui
1375 1188 1850 1243 Chronotaxim
1884 1186 2342 1259 Apostolicam
2379 1188 2596 1242 diversa
2627 1187 2833 1261 singuli
2859 1188 3070 1259 sibique

574 1295 747 1363 priva
772 1294 862 1348 via
894 1292 1341 1365 digesserunt.
1380 1293 1652 1347 Mittimus
1674 1310 1856 1363 opera,
1881 1292 2073 1363 quibus
2096 1292 2378 1361 Eusebius,
2397 1310 2440 1349 s.
2459 1292 2834 1364 Hieronymus,
2859 1294 3068 1346 Eutha-

582 1398 708 1467 lius,
758 1396 1151 1465 Cassiodorius,
1196 1398 1559 1467 oecumenius,
1610 1396 1914 1469 Syncellus,
1951 1396 2282 1451 Anastasius
2321 1397 2776 1467 bibliothecarius,
2823 1397 3068 1467 Orosius,

600 1502 654 1557 V.
680 1502 850 1571 Beda,
880 1502 1167 1573 Sulpitius,
1192 1501 1435 1557 Joannes
1458 1502 1701 1557 Malelas
1725 1508 1772 1555 et
1796 1510 1988 1557 auctor
2011 1501 2264 1557 chronici
2287 1502 2579 1556 Paschalis
2599 1520 2644 1557 s.
2665 1502 2838 1571 Alex„
2863 1503 3072 1575 aliique

598 1606 802 1661 Veteres
847 1614 1086 1677 tempora
1132 1626 1218 1677 ea,
1258 1626 1395 1678 quae
1442 1606 1648 1662 Christi
1689 1608 1766 1661 ad
1802 1606 1986 1661 Coelos
2029 1606 2390 1661 ascensionem
2436 1614 2770 1677 exceperunt,
2817 1608 3072 1661 illustra·

587 1716 727 1767 runt.
790 1710 1204 1781 Supersedemus
1234 1712 1414 1765 labori
1457 1710 1786 1765 recensionis
1829 1711 2052 1765 criticae
2096 1712 2282 1765 horum
2327 1711 2670 1782 scriptorum,
2717 1730 2820 1783 quo
2854 1718 2934 1765 tot
2965 1712 3074 1765 alii

588 1816 889 1870 doctissimi
932 1816 1043 1869 viri
1087 1816 1295 1889 eyn-eyie
1330 1816 1614 1885 pevfuncti
1657 1822 1831 1871 erant.
1905 1816 2092 1885 Siquis
2137 1822 2315 1869 autem
2360 1818 2548 1869 horum
2591 1816 2917 1885 scriptorum
2963 1815 3076 1869 sive

588 1920 781 1975 merita
824 1921 937 1974 sive
980 1921 1239 1974 demerita
1284 1920 1551 1975 curiosius
1600 1920 1728 1973 velit
1784 1937 2094 1993 cognoscere
2137 1920 2316 1993 legat:
2369 1919 2607 1974 Jortinii
2629 1961 2642 1987 ,
2691 1920 2959 1975 Remarks
3003 1938 3070 1972 on

592 2025 657 2081 E.
710 2024 779 2080 Π.
828 2024 912 2080 ed.
959 2042 1013 2081 a.
1056 2044 1193 2095 quas
1237 2044 1303 2078 ex
1360 2024 1588 2095 Valesio,
1646 2024 1912 2094 Dupinio,
1966 2024 2305 2079 Tillemontio
2349 2024 2582 2095 aliisque
2627 2025 2878 2078 collectas
2923 2026 3074 2078 dedit

590 2129 668 2197 11,
717 2130 859 2184 252.
898 2147 941 2187 s.
1002 2128 1056 2181 J.
1090 2128 1156 2185 A.
1189 2128 1460 2197 Fabricii,
1508 2129 1902 2183 Bibliothecam
1945 2146 2044 2201 qr„
2090 2128 2172 2183 cd.
2211 2128 2430 2183 Harles.
2481 2128 2678 2185 Hamb.
2709 2130 2888 2184 1801.
2951 2128 3071 2197 VII,

592 2235 736 2288 418.
784 2252 827 2287 s.
906 2234 979 2287 D.
1026 2234 1093 2287 R.
1142 2232 1377 2301 Ociliier,
1424 2233 1669 2287 Histoire
1711 2250 1827 2303 yen.
1875 2233 1967 2287 des
2011 2238 2230 2287 auteurs
2275 2232 2456 2287 sacres
2501 2239 2550 2286 et
2593 2234 2884 2287 ecclesiast.
2937 2234 3074 2286 Par.

593 2338 777 2391 1723.
800 2354 863 2407 p.
900 2340 1042 2392 421.
1074 2356 1115 2391 s.
1162 2338 1218 2392 J.
1254 2338 1413 2405 Zola,
1458 2337 1972 2391 Commentariorum
2006 2338 2072 2389 de
2101 2338 2258 2390 rebus
2288 2338 2396 2391 chr.
2421 2338 2824 2409 proleqomena.
2875 2337 3074 2391 Ticini.

594 2442 779 2495 1787.
802 2460 864 2511 p.
898 2442 1037 2495 156.
1060 2459 1105 2495 s.
1158 2444 1218 2495 B.
1254 2444 1529 2511 Rienstra,
1561 2444 1613 2496 d.
1645 2442 1712 2495 de
1729 2441 1984 2510 sontibus
2013 2460 2080 2494 ea:
2109 2443 2303 2511 quibus
2333 2442 2406 2499 H.
2433 2442 2501 2495 E.
2529 2459 2664 2512 opus
2693 2442 2876 2495 hausit
2905 2442 3074 2495 Euse-

592 2546 729 2601 bius.
766 2546 917 2599 Trai.
948 2564 1002 2603 a.
1036 2546 1137 2599 Rh.
1170 2548 1345 2601 1833.
1412 2546 1506 2600 Th.
1539 2547 1605 2600 de
1634 2545 1878 2615 Momer,
1925 2548 1990 2600 de
2022 2546 2210 2601 Orosii
2240 2548 2353 2600 vita
2383 2546 2600 2617 eiusque
2631 2546 3003 2601 Historiarum
3037 2546 3074 2599 l.

604 2650 727 2707 VII.
762 2651 885 2703 adv.
918 2668 1168 2723 payanos
1200 2652 1383 2708 Berol.
1418 2654 1601 2707 1844.
1632 2670 1690 2721 p.
1723 2652 1822 2707 49.
1851 2670 1896 2707 s.
1969 2651 2264 2705 Videantur
2293 2652 2455 2705 etiam
2487 2652 2552 2703 de
2581 2650 2805 2703 iisdem:
2855 2650 3075 2722 anqye,

608 2753 837 2807 Versuch
865 2756 1011 2808 einer
1042 2754 1229 2809 G'esch.
1262 2756 1359 2809 der
1388 2756 1542 2812 theol.
1586 2755 1746 2812 Wiss.
1779 2755 1964 2811 Halle.
1997 2756 2172 2810 1797.
2206 2755 2284 2825 II,
2317 2757 2462 2812 321.
2487 2774 2532 2811 s.
2585 2755 2760 2822 Baur,
2785 2772 2874 2825 pr.
2911 2772 3076 2823 comp.

596 2858 863 2912 Eusebius
914 2857 1065 2913 Caes.
1102 2860 1246 2914 Hist.
1278 2860 1481 2915 Eccles.
1516 2878 1726 2931 parens
1771 2877 1888 2913 cum
1928 2878 2058 2930 par.
2107 2860 2252 2915 Hist.
2301 2860 2576 2913 Herodoto
2617 2859 2909 2913 Halicarn.
2949 2858 3080 2912 Dat).

595 2964 771 3017 1834.
814 2963 903 3015 Ei.
928 2964 1179 3033 Ffflochen
1203 2965 1299 3017 der
1322 2964 1511 3020 kirchl.
1550 2962 2167 3035 Geschichtschreibunq.
2203 2964 2334 3021 Ταῦ.
2361 2966 2544 3020 1862.
2563 2982 2621 3033 p.
2649 2964 2703 3018 7.
2725 2982 2784 3031 s.,
2809 2964 2904 3017 sed
2926 2968 3080 3017 caute

598 3066 914 3120 consulendi
956 3072 1098 3137 sunt,
1144 3070 1275 3139 quia
1318 3069 1493 3123 multa
1536 3069 1734 3123 habent
1779 3068 1943 3123 libere
1973 3075 2022 3122 et
2051 3068 2234 3139 inique
2279 3068 2445 3123 dicta.
2509 3068 2620 3121 Nec
2655 3067 2760 3121 loci
2803 3067 2966 3120 huius
3009 3072 3081 3119 est

598 3170 873 3241 cataloyos
902 3177 1091 3241 texere,
1123 3173 1317 3242 quibus
1346 3179 1787 3227 enumerarentur
1815 3173 2058 3227 Annales
2089 3174 2238 3229 Eccl.
2277 3170 2332 3227 G.
2367 3172 2619 3241 Baronii,
2653 3189 2818 3241 opera
2853 3172 2978 3225 item
3010 3171 3080 3223 D.

602 3274 830 3345 l'etavii,
877 3276 1103 3330 Natalis
1131 3276 1458 3347 Alexandri,
1504 3277 1739 3347 Norisii,
1785 3276 2133 3343 Pillemontii,
2167 3277 2410 3348 Fleuryi,
2452 3276 2727 3349 Fquinii,
2773 3276 3079 3339 Har-duini,

604 3377 884 3449 Sandinii,
945 3380 1001 3437 J.
1047 3381 1253 3449 Lamii,
1302 3382 1653 3452 aliorumque,
1713 3384 1856 3437 inter
1899 3401 2031 3453 quos
2078 3382 2412 3436 Bollandum
2456 3382 2670 3453 eiusque
2715 3381 3082 3435 celeberrimos

600 3482 759 3537 iuxta
817 3502 885 3537 ac
950 3484 1397 3557 diligentissimos
1458 3484 1858 3540 continuatores
1917 3486 2034 3539 iure
2093 3486 2382 3555 meritoque
2449 3486 2878 3553 numeravimus,
2947 3502 3083 3555 quae

600 3586 809 3655 quidem
842 3588 983 3643 inter
1013 3606 1077 3643 ea
1108 3608 1273 3660 opera
1306 3590 1573 3658 excellere,
1614 3607 1752 3660 quae
1781 3590 1846 3645 de
1869 3590 2072 3661 primis
2101 3592 2260 3645 rebus
2291 3590 2607 3643 christianis
2643 3596 2902 3654 tractant,
2933 3607 3081 3643 nemo

600 3690 839 3762 ἕρποι-αἰ.
900 3694 1013 3746 Nec
1042 3694 1415 3748 abundantius
1448 3695 1902 3749 commemorandi
1930 3702 2054 3748 sunt
2083 3695 2395 3749 heterodoxi
2437 3695 2729 3765 scriptores
2748 3714 2766 3747 .·
2819 3694 3083 3761 Usserime,

604 3796 886 3869 Hasnaqe,
950 3796 1173 3866 Gavius,
1238 3797 1523 3869 capellus,
1590 3798 1898 3871 Liyhtfoot,
1961 3798 2350 3869 Spanhemius,
2413 3799 2704 3871 Benqelius
2721 3840 2736 3865 ,
2809 3800 3084 3866 Buddeus,

611 3900 837 3955 Witsius
892 3920 927 3956 a
986 3902 1141 3956 nobis
1202 3920 1311 3956 non
1365 3902 1524 3957 semel
1574 3903 1818 3974 allegati.
1902 3902 2132 3957 Cuinam
2195 3920 2316 3957 vero
2370 3904 2518 3976 Huq,
2565 3904 2825 3972 Kuinoel‚
2883 3903 3084 3972 Winer,

605 4006 801 4079 Anqer,
856 4006 1108 4061 Wieseler
1152 4036 1223 4046 —
1260 4007 1325 4060 de
1370 4006 1563 4077 quibus
1606 4007 1772 4060 sicuti
1814 4013 1862 4061 et
1907 4008 1972 4060 de
2017 4008 2203 4061 ceteris
2245 4008 2396 4079 qrati
2439 4008 2798 4079 aqnoscimm,
2859 4026 2947 4061 eos
2993 4026 3086 4061 nos
3173 4052 3178 4055 .

604 4112 825 4165 multum
872 4112 931 4164 in
975 4112 1307 4165 adornanda
1366 4109 1730 4183 Chronoloyia
1773 4111 2022 4167 Paulina
2069 4112 2346 4165 adiuvisse
2387 4142 2500 4179 ——,
2551 4111 2692 4181 Otto,
2737 4130 2846 4166 nou
2891 4112 3087 4165 audita

604 4218 843 4271 nomina.
904 4216 1077 4269 Haud
1120 4217 1317 4287 exiyuo
1362 4216 1674 4269 adiumento
1720 4232 1826 4270 esse
1859 4216 1921 4270 A.
1953 4216 2229 4285 Neander,
2278 4214 2466 4273 Gesch.
2517 4216 2614 4269 det·
2645 4216 2951 4288 Pflanzunq
2995 4217 3087 4268 der

606 4319 712 4377 chr.
764 4321 961 4373 Kirche
1016 4320 1187 4373 durch
1242 4320 1331 4373 die
1375 4319 1615 4389 Apostel.
1664 4320 1745 4373 ed.
1793 4320 1900 4374 ΙΙΙ.
1949 4320 2146 4375 Hamb.
2196 4322 2407 4386 1841„
2453 4320 2719 4387 fatemur.
2799 4320 2944 4383 Quos
2998 4320 3088 4392 qui

598 4400 812 4476 'noverit
842 4423 1001 4476 etiam
1026 4422 1127 4481 Ph.
1155 4422 1360 4493 Schaff,
1396 4422 1583 4480 Gesch.
1617 4424 1715 4479 der
1745 4431 1918 4495 apost.
1955 4425 2152 4478 Kirche
2183 4424 2330 4477 nebst
2353 4426 2502 4478 einer
2530 4425 2748 4497 allgem.
2775 4426 2999 4480 Einleit.
3033 4426 3086 4477 in

606 4527 660 4582 d.
697 4528 1103 4598 Kirehenyesch.
1138 4528 1322 4598 Leips.
1357 4531 1535 4584 1854.
1581 4530 1903 4601 cognoverit.
1949 4528 2038 4581 Ad
2067 4546 2151 4582 res
2181 4536 2358 4600 qestas
2399 4547 2443 4585 s.
2477 4528 2648 4582 Pauli
2679 4529 2927 4599 Apostoli
2951 4528 3088 4599 quod

607 4631 814 4698 attinet,
834 4632 1029 4693 ‚nullus
1058 4632 1273 4685 dubitat
1294 4633 1751 4702 praeclarissima
1781 4650 1892 4687 esse
1915 4650 2084 4704 opera
2103 4634 2396 4705 posthuma
2421 4630 2812 4706 Chronoloyica
2839 4634 2899 4692 J.
2917 4634 3087 4687 Pear-
