<?xml version="1.0" encoding="UTF-8"?>
<!DOCTYPE html PUBLIC "-//W3C//DTD XHTML 1.0 Transitional//EN"
    "http://www.w3.org/TR/xhtml1/DTD/xhtml1-transitional.dtd">
<html xmlns="http://www.w3.org/1999/xhtml" xml:lang="en" lang="en">
 <head>
  <title>
</title>
<meta http-equiv="Content-Type" content="text/html;charset=utf-8" />
  <meta name='ocr-system' content='tesseract 3.04.00' />
  <meta name='ocr-capabilities' content='ocr_page ocr_carea ocr_par ocr_line ocrx_word'/>
</head>
<body>
  <div class='ocr_page' id='page_1' title='image "./historiarevelat00unkngoog_0071.png"; bbox 0 0 3267 5259; ppageno 0'>
   <div class='ocr_carea' id='block_1_1' title="bbox 1120 418 2664 483">
    <p class='ocr_par' dir='ltr' id='par_1_1' title="bbox 1120 418 2664 483">
     <span class='ocr_line' id='line_1_1' title="bbox 1120 418 2664 483; baseline -0.003 -11"><span class='ocrx_word' id='word_1_1' title='bbox 1120 429 1401 472; x_wconf 72' lang='lat' dir='ltr'><strong>chronotaxis</strong></span> <span class='ocrx_word' id='word_1_2' title='bbox 1428 430 1708 483; x_wconf 63' lang='lat' dir='ltr'><strong>Evangelia.</strong></span> <span class='ocrx_word' id='word_1_3' title='bbox 2567 418 2664 467; x_wconf 87' lang='lat' dir='ltr'><strong>LV</strong></span> 
     </span>
    </p>
   </div>
   <div class='ocr_carea' id='block_1_2' title="bbox 186 606 2666 1212">
    <p class='ocr_par' dir='ltr' id='par_1_2' title="bbox 186 606 2666 1212">
     <span class='ocr_line' id='line_1_2' title="bbox 189 606 2664 689; baseline 0.003 -26"><span class='ocrx_word' id='word_1_4' title='bbox 189 606 717 666; x_wconf 82' lang='lat' dir='ltr'><strong>demonstrandum:</strong></span> <span class='ocrx_word' id='word_1_5' title='bbox 763 614 1077 687; x_wconf 82' lang='lat' dir='ltr'><strong>quatuor</strong></span> <span class='ocrx_word' id='word_1_6' title='bbox 1120 630 1264 668; x_wconf 87' lang='lat' dir='ltr'><strong>esse</strong></span> <span class='ocrx_word' id='word_1_7' title='bbox 1309 612 1497 669; x_wconf 83' lang='lat' dir='ltr'><strong>festa</strong></span> <span class='ocrx_word' id='word_1_8' title='bbox 1541 611 1947 683; x_wconf 84' lang='lat' dir='ltr'><strong>Paschatis‚</strong></span> <span class='ocrx_word' id='word_1_9' title='bbox 1998 614 2172 689; x_wconf 84' lang='lat' dir='ltr'><strong>quae</strong></span> <span class='ocrx_word' id='word_1_10' title='bbox 2216 613 2292 670; x_wconf 92' lang='lat' dir='ltr'><strong>in</strong></span> <span class='ocrx_word' id='word_1_11' title='bbox 2343 618 2664 689; x_wconf 85' lang='lat' dir='ltr'><strong>tempore</strong></span> 
     </span>
     <span class='ocr_line' id='line_1_3' title="bbox 189 711 2666 794; baseline 0.003 -25"><span class='ocrx_word' id='word_1_12' title='bbox 189 711 565 771; x_wconf 85' lang='lat' dir='ltr'><strong>ministerii</strong></span> <span class='ocrx_word' id='word_1_13' title='bbox 616 712 902 773; x_wconf 78' lang='lat' dir='ltr'><strong>Christi</strong></span> <span class='ocrx_word' id='word_1_14' title='bbox 952 721 1381 774; x_wconf 79' lang='lat' dir='ltr'><strong>evenerunt:</strong></span> <span class='ocrx_word' id='word_1_15' title='bbox 1436 736 1686 794; x_wconf 87' lang='lat' dir='ltr'><strong>quorum</strong></span> <span class='ocrx_word' id='word_1_16' title='bbox 1731 718 1851 775; x_wconf 86' lang='lat' dir='ltr'><strong>tria</strong></span> <span class='ocrx_word' id='word_1_17' title='bbox 1887 735 2155 792; x_wconf 80' lang='lat' dir='ltr'><strong>expresse</strong></span> <span class='ocrx_word' id='word_1_18' title='bbox 2201 718 2586 776; x_wconf 81' lang='lat' dir='ltr'><strong>nominantur</strong></span> <span class='ocrx_word' id='word_1_19' title='bbox 2630 739 2666 776; x_wconf 87' lang='lat' dir='ltr'>a</span> 
     </span>
     <span class='ocr_line' id='line_1_4' title="bbox 188 816 2662 900; baseline 0.003 -28"><span class='ocrx_word' id='word_1_20' title='bbox 188 839 226 873; x_wconf 62' lang='lat' dir='ltr'><strong>s.</strong></span> <span class='ocrx_word' id='word_1_21' title='bbox 246 816 471 888; x_wconf 83' lang='lat' dir='ltr'><strong>Joanne,</strong></span> <span class='ocrx_word' id='word_1_22' title='bbox 506 823 798 897; x_wconf 81' lang='lat' dir='ltr'><strong>quartum</strong></span> <span class='ocrx_word' id='word_1_23' title='bbox 824 839 855 877; x_wconf 91' lang='lat' dir='ltr'><strong>e</strong></span> <span class='ocrx_word' id='word_1_24' title='bbox 880 823 1180 879; x_wconf 81' lang='lat' dir='ltr'><strong>notatione</strong></span> <span class='ocrx_word' id='word_1_25' title='bbox 1210 841 1254 879; x_wconf 89' lang='lat' dir='ltr'><strong>s.</strong></span> <span class='ocrx_word' id='word_1_26' title='bbox 1274 821 1520 879; x_wconf 82' lang='lat' dir='ltr'><strong>Joannis</strong></span> <span class='ocrx_word' id='word_1_27' title='bbox 1544 825 1598 895; x_wconf 87' lang='lat'><strong>5,</strong></span> <span class='ocrx_word' id='word_1_28' title='bbox 1626 825 1680 878; x_wconf 91' lang='lat'><strong>1.</strong></span> <span class='ocrx_word' id='word_1_29' title='bbox 1708 826 1764 879; x_wconf 82' lang='lat' dir='ltr'><strong>et</strong></span> <span class='ocrx_word' id='word_1_30' title='bbox 1783 822 1839 878; x_wconf 88' lang='lat' dir='ltr'><strong>d.</strong></span> <span class='ocrx_word' id='word_1_31' title='bbox 1862 822 2054 879; x_wconf 80' lang='lat' dir='ltr'><strong>Lucae</strong></span> <span class='ocrx_word' id='word_1_32' title='bbox 2076 827 2130 895; x_wconf 83' lang='lat'><strong>6,</strong></span> <span class='ocrx_word' id='word_1_33' title='bbox 2157 826 2209 881; x_wconf 90' lang='lat'><strong>1.</strong></span> <span class='ocrx_word' id='word_1_34' title='bbox 2243 822 2468 900; x_wconf 89' lang='lat' dir='ltr'><strong>liquido</strong></span> <span class='ocrx_word' id='word_1_35' title='bbox 2498 823 2662 882; x_wconf 89' lang='lat' dir='ltr'><strong>colli-</strong></span> 
     </span>
     <span class='ocr_line' id='line_1_5' title="bbox 186 926 2662 1005; baseline 0.002 -25"><span class='ocrx_word' id='word_1_36' title='bbox 186 927 340 996; x_wconf 82' lang='lat' dir='ltr'><strong>gitur.</strong></span> <span class='ocrx_word' id='word_1_37' title='bbox 385 926 583 1002; x_wconf 79' lang='lat' dir='ltr'><strong>Atque</strong></span> <span class='ocrx_word' id='word_1_38' title='bbox 614 926 736 983; x_wconf 84' lang='lat' dir='ltr'><strong>ista</strong></span> <span class='ocrx_word' id='word_1_39' title='bbox 764 931 909 984; x_wconf 86' lang='lat' dir='ltr'><strong>sunt</strong></span> <span class='ocrx_word' id='word_1_40' title='bbox 938 926 1319 986; x_wconf 82' lang='lat' dir='ltr'><strong>fundamenta</strong></span> <span class='ocrx_word' id='word_1_41' title='bbox 1348 928 1783 1004; x_wconf 81' lang='lat' dir='ltr'><strong>supputationis</strong></span> <span class='ocrx_word' id='word_1_42' title='bbox 1810 946 2117 998; x_wconf 87' lang='lat' dir='ltr'><strong>annorum,</strong></span> <span class='ocrx_word' id='word_1_43' title='bbox 2152 929 2364 1005; x_wconf 87' lang='lat' dir='ltr'><strong>quibus</strong></span> <span class='ocrx_word' id='word_1_44' title='bbox 2396 927 2662 986; x_wconf 79' lang='lat' dir='ltr'><strong>Christus</strong></span> 
     </span>
     <span class='ocr_line' id='line_1_6' title="bbox 188 1029 2664 1108; baseline 0.002 -23"><span class='ocrx_word' id='word_1_45' title='bbox 188 1030 239 1085; x_wconf 90' lang='lat' dir='ltr'><strong>in</strong></span> <span class='ocrx_word' id='word_1_46' title='bbox 258 1029 575 1087; x_wconf 83' lang='lat' dir='ltr'><strong>ministerio</strong></span> <span class='ocrx_word' id='word_1_47' title='bbox 606 1050 717 1089; x_wconf 90' lang='lat' dir='ltr'><strong>suo</strong></span> <span class='ocrx_word' id='word_1_48' title='bbox 749 1037 1023 1089; x_wconf 78' lang='lat' dir='ltr'><strong>versatus</strong></span> <span class='ocrx_word' id='word_1_49' title='bbox 1054 1036 1157 1103; x_wconf 84' lang='lat' dir='ltr'><strong>est,</strong></span> <span class='ocrx_word' id='word_1_50' title='bbox 1192 1052 1227 1089; x_wconf 86' lang='lat' dir='ltr'><strong>a</strong></span> <span class='ocrx_word' id='word_1_51' title='bbox 1248 1032 1549 1108; x_wconf 82' lang='lat' dir='ltr'><strong>Baptismo</strong></span> <span class='ocrx_word' id='word_1_52' title='bbox 1580 1033 1653 1089; x_wconf 75' lang='lat' dir='ltr'><strong>ad</strong></span> <span class='ocrx_word' id='word_1_53' title='bbox 1677 1031 2020 1108; x_wconf 77' lang='lat' dir='ltr'><strong>passionem.</strong></span> <span class='ocrx_word' id='word_1_54' title='bbox 2061 1032 2396 1090; x_wconf 83' lang='lat' dir='ltr'><strong>Christus</strong></span> <span class='ocrx_word' id='word_1_55' title='bbox 2425 1033 2664 1107; x_wconf 86' lang='lat' dir='ltr'><strong>igitur</strong></span> 
     </span>
     <span class='ocr_line' id='line_1_7' title="bbox 188 1136 2660 1212; baseline 0.003 -23"><span class='ocrx_word' id='word_1_56' title='bbox 188 1136 373 1192; x_wconf 77' lang='lat' dir='ltr'><strong>iuxta</strong></span> <span class='ocrx_word' id='word_1_57' title='bbox 400 1136 579 1193; x_wconf 84' lang='lat' dir='ltr'><strong>haec</strong></span> <span class='ocrx_word' id='word_1_58' title='bbox 610 1155 747 1211; x_wconf 88' lang='lat' dir='ltr'><strong>per</strong></span> <span class='ocrx_word' id='word_1_59' title='bbox 775 1136 1187 1194; x_wconf 84' lang='lat' dir='ltr'><strong>triennium</strong></span> <span class='ocrx_word' id='word_1_60' title='bbox 1210 1136 1541 1195; x_wconf 85' lang='lat' dir='ltr'><strong>Doctoris</strong></span> <span class='ocrx_word' id='word_1_61' title='bbox 1572 1136 1854 1212; x_wconf 85' lang='lat' dir='ltr'>publici</span> <span class='ocrx_word' id='word_1_62' title='bbox 1885 1136 2142 1195; x_wconf 86' lang='lat' dir='ltr'><strong>officio</strong></span> <span class='ocrx_word' id='word_1_63' title='bbox 2169 1137 2464 1195; x_wconf 87' lang='lat' dir='ltr'><strong>functus</strong></span> <span class='ocrx_word' id='word_1_64' title='bbox 2495 1136 2660 1197; x_wconf 88' lang='lat' dir='ltr'><strong>est¹.</strong></span> 
     </span>
    </p>
   </div>
   <div class='ocr_carea' id='block_1_3' title="bbox 180 1289 2662 3976">
    <p class='ocr_par' dir='ltr' id='par_1_3' title="bbox 180 1289 2662 3976">
     <span class='ocr_line' id='line_1_8' title="bbox 368 1289 2658 1357; baseline 0 -16"><span class='ocrx_word' id='word_1_65' title='bbox 368 1289 489 1341; x_wconf 85' lang='lat' dir='ltr'><strong>Tam</strong></span> <span class='ocrx_word' id='word_1_66' title='bbox 536 1290 722 1341; x_wconf 72' lang='lat' dir='ltr'><strong>varia-e</strong></span> <span class='ocrx_word' id='word_1_67' title='bbox 768 1296 887 1341; x_wconf 74' lang='lat' dir='ltr'><strong>sunt</strong></span> <span class='ocrx_word' id='word_1_68' title='bbox 933 1290 992 1342; x_wconf 73' lang='lat' dir='ltr'><strong>de</strong></span> <span class='ocrx_word' id='word_1_69' title='bbox 1038 1290 1126 1342; x_wconf 77' lang='lat' dir='ltr'><strong>hoc</strong></span> <span class='ocrx_word' id='word_1_70' title='bbox 1172 1290 1373 1343; x_wconf 72' lang='lat' dir='ltr'><strong>sabbato</strong></span> <span class='ocrx_word' id='word_1_71' title='bbox 1419 1291 1727 1343; x_wconf 66' lang='lat' dir='ltr'><strong>erudietnum</strong></span> <span class='ocrx_word' id='word_1_72' title='bbox 1774 1292 2056 1350; x_wconf 75' lang='lat' dir='ltr'><strong>sententiae,</strong></span> <span class='ocrx_word' id='word_1_73' title='bbox 2109 1294 2162 1339; x_wconf 90' lang='lat' dir='ltr'><strong>et</strong></span> <span class='ocrx_word' id='word_1_74' title='bbox 2208 1294 2317 1341; x_wconf 85' lang='lat' dir='ltr'><strong>tam</strong></span> <span class='ocrx_word' id='word_1_75' title='bbox 2365 1290 2545 1357; x_wconf 82' lang='lat' dir='ltr'><strong>ampla</strong></span> <span class='ocrx_word' id='word_1_76' title='bbox 2593 1290 2658 1341; x_wconf 86' lang='lat' dir='ltr'><strong>de</strong></span> 
     </span>
     <span class='ocr_line' id='line_1_9' title="bbox 187 1373 2662 1443; baseline 0.002 -21"><span class='ocrx_word' id='word_1_77' title='bbox 187 1373 343 1423; x_wconf 84' lang='lat' dir='ltr'><strong>eodem</strong></span> <span class='ocrx_word' id='word_1_78' title='bbox 368 1374 687 1441; x_wconf 79' lang='lat' dir='ltr'><strong>disputandi</strong></span> <span class='ocrx_word' id='word_1_79' title='bbox 712 1376 967 1437; x_wconf 83' lang='lat' dir='ltr'><strong>materia,</strong></span> <span class='ocrx_word' id='word_1_80' title='bbox 1006 1380 1065 1426; x_wconf 88' lang='lat' dir='ltr'><strong>ut</strong></span> <span class='ocrx_word' id='word_1_81' title='bbox 1086 1377 1227 1427; x_wconf 83' lang='lat' dir='ltr'><strong>iusto</strong></span> <span class='ocrx_word' id='word_1_82' title='bbox 1266 1378 1515 1427; x_wconf 84' lang='lat' dir='ltr'><strong>tractatui</strong></span> <span class='ocrx_word' id='word_1_83' title='bbox 1553 1375 1799 1427; x_wconf 86' lang='lat' dir='ltr'><strong>sufficere</strong></span> <span class='ocrx_word' id='word_1_84' title='bbox 1835 1378 2058 1443; x_wconf 78' lang='lat' dir='ltr'><strong>possint.</strong></span> <span class='ocrx_word' id='word_1_85' title='bbox 2105 1377 2216 1427; x_wconf 87' lang='lat' dir='ltr'><strong>Nos</strong></span> <span class='ocrx_word' id='word_1_86' title='bbox 2244 1393 2390 1427; x_wconf 89' lang='lat' dir='ltr'><strong>more</strong></span> <span class='ocrx_word' id='word_1_87' title='bbox 2423 1377 2578 1428; x_wconf 88' lang='lat' dir='ltr'><strong>solito</strong></span> <span class='ocrx_word' id='word_1_88' title='bbox 2605 1380 2662 1429; x_wconf 87' lang='lat' dir='ltr'><strong>in</strong></span> 
     </span>
     <span class='ocr_line' id='line_1_10' title="bbox 186 1460 2662 1531; baseline 0.003 -22"><span class='ocrx_word' id='word_1_89' title='bbox 186 1460 453 1511; x_wconf 70' lang='lat' dir='ltr'><strong>indicandis</strong></span> <span class='ocrx_word' id='word_1_90' title='bbox 488 1464 805 1528; x_wconf 83' lang='lat' dir='ltr'><strong>potioribus</strong></span> <span class='ocrx_word' id='word_1_91' title='bbox 840 1463 1175 1513; x_wconf 88' lang='lat' dir='ltr'><strong>monimentis</strong></span> <span class='ocrx_word' id='word_1_92' title='bbox 1203 1470 1257 1513; x_wconf 87' lang='lat' dir='ltr'><strong>et</strong></span> <span class='ocrx_word' id='word_1_93' title='bbox 1281 1464 1517 1514; x_wconf 83' lang='lat' dir='ltr'><strong>fontibus</strong></span> <span class='ocrx_word' id='word_1_94' title='bbox 1542 1463 1630 1513; x_wconf 88' lang='lat' dir='ltr'><strong>hic</strong></span> <span class='ocrx_word' id='word_1_95' title='bbox 1664 1465 2001 1515; x_wconf 85' lang='lat' dir='ltr'><strong>resensendis</strong></span> <span class='ocrx_word' id='word_1_96' title='bbox 2031 1466 2449 1531; x_wconf 77' lang='lat' dir='ltr'><strong>acquiescemus,</strong></span> <span class='ocrx_word' id='word_1_97' title='bbox 2498 1467 2662 1517; x_wconf 86' lang='lat' dir='ltr'><strong>Plura</strong></span> 
     </span>
     <span class='ocr_line' id='line_1_11' title="bbox 187 1548 2660 1617; baseline 0.003 -20"><span class='ocrx_word' id='word_1_98' title='bbox 187 1548 311 1597; x_wconf 76' lang='lat' dir='ltr'><strong>dabit</strong></span> <span class='ocrx_word' id='word_1_99' title='bbox 342 1550 603 1613; x_wconf 83' lang='lat' dir='ltr'><strong>Liibkert,</strong></span> <span class='ocrx_word' id='word_1_100' title='bbox 643 1551 703 1599; x_wconf 89' lang='lat' dir='ltr'><strong>in</strong></span> <span class='ocrx_word' id='word_1_101' title='bbox 742 1564 867 1600; x_wconf 87' lang='lat' dir='ltr'><strong>ann.</strong></span> <span class='ocrx_word' id='word_1_102' title='bbox 907 1549 1055 1600; x_wconf 88' lang='lat' dir='ltr'><strong>Stud.</strong></span> <span class='ocrx_word' id='word_1_103' title='bbox 1082 1567 1133 1601; x_wconf 90' lang='lat' dir='ltr'><strong>u.</strong></span> <span class='ocrx_word' id='word_1_104' title='bbox 1160 1552 1418 1602; x_wconf 86' lang='lat' dir='ltr'><strong>Kritiken.</strong></span> <span class='ocrx_word' id='word_1_105' title='bbox 1452 1552 1601 1601; x_wconf 87' lang='lat'>1835.</span> <span class='ocrx_word' id='word_1_106' title='bbox 1639 1569 1690 1617; x_wconf 90' lang='lat' dir='ltr'><strong>p.</strong></span> <span class='ocrx_word' id='word_1_107' title='bbox 1719 1554 1836 1601; x_wconf 82' lang='lat'><strong>664.</strong></span> <span class='ocrx_word' id='word_1_108' title='bbox 1862 1568 1906 1603; x_wconf 89' lang='lat' dir='ltr'><strong>s.</strong></span> <span class='ocrx_word' id='word_1_109' title='bbox 1976 1552 2061 1601; x_wconf 87' lang='lat' dir='ltr'><strong>Ex</strong></span> <span class='ocrx_word' id='word_1_110' title='bbox 2097 1552 2379 1602; x_wconf 84' lang='lat' dir='ltr'><strong>Veteribus</strong></span> <span class='ocrx_word' id='word_1_111' title='bbox 2419 1551 2660 1617; x_wconf 83' lang='lat' dir='ltr'><strong>Syrus,</strong></span> 
     </span>
     <span class='ocr_line' id='line_1_12' title="bbox 186 1637 2658 1704; baseline 0.003 -20"><span class='ocrx_word' id='word_1_112' title='bbox 186 1637 402 1702; x_wconf 79' lang='lat' dir='ltr'><strong>antiquus</strong></span> <span class='ocrx_word' id='word_1_113' title='bbox 438 1638 714 1703; x_wconf 78' lang='lat' dir='ltr'><strong>interpres</strong></span> <span class='ocrx_word' id='word_1_114' title='bbox 753 1641 918 1703; x_wconf 82' lang='lat' dir='ltr'><strong>atque</strong></span> <span class='ocrx_word' id='word_1_115' title='bbox 954 1639 1145 1689; x_wconf 88' lang='lat' dir='ltr'><strong>rituum</strong></span> <span class='ocrx_word' id='word_1_116' title='bbox 1183 1638 1516 1689; x_wconf 89' lang='lat' dir='ltr'><strong>iudaicorum</strong></span> <span class='ocrx_word' id='word_1_117' title='bbox 1553 1638 1686 1689; x_wconf 86' lang='lat' dir='ltr'><strong>alias</strong></span> <span class='ocrx_word' id='word_1_118' title='bbox 1719 1640 1936 1704; x_wconf 87' lang='lat' dir='ltr'><strong>peritus,</strong></span> <span class='ocrx_word' id='word_1_119' title='bbox 1973 1638 2113 1689; x_wconf 84' lang='lat' dir='ltr'><strong>hanc</strong></span> <span class='ocrx_word' id='word_1_120' title='bbox 2149 1655 2336 1689; x_wconf 88' lang='lat' dir='ltr'><strong>vocem</strong></span> <span class='ocrx_word' id='word_1_121' title='bbox 2374 1640 2658 1691; x_wconf 84' lang='lat' dir='ltr'><strong>sabbatum</strong></span> 
     </span>
     <span class='ocr_line' id='line_1_13' title="bbox 186 1724 2658 1792; baseline 0.003 -22"><span class='ocrx_word' id='word_1_122' title='bbox 186 1724 459 1788; x_wconf 75' lang='lat' dir='ltr'><strong>simpliciter</strong></span> <span class='ocrx_word' id='word_1_123' title='bbox 495 1726 897 1791; x_wconf 84' lang='lat' dir='ltr'><strong>interpretatus</strong></span> <span class='ocrx_word' id='word_1_124' title='bbox 935 1730 1041 1789; x_wconf 82' lang='lat' dir='ltr'><strong>est3</strong></span> <span class='ocrx_word' id='word_1_125' title='bbox 1092 1726 1334 1776; x_wconf 86' lang='lat' dir='ltr'><strong>similiter</strong></span> <span class='ocrx_word' id='word_1_126' title='bbox 1384 1725 1554 1777; x_wconf 85' lang='lat' dir='ltr'><strong>Arab</strong></span> <span class='ocrx_word' id='word_1_127' title='bbox 1572 1742 1597 1777; x_wconf 89' lang='lat' dir='ltr'><strong>s</strong></span> <span class='ocrx_word' id='word_1_128' title='bbox 1648 1726 1820 1776; x_wconf 83' lang='lat' dir='ltr'><strong>altera</strong></span> <span class='ocrx_word' id='word_1_129' title='bbox 1855 1731 2006 1792; x_wconf 83' lang='lat' dir='ltr'><strong>parte</strong></span> <span class='ocrx_word' id='word_1_130' title='bbox 2044 1725 2378 1777; x_wconf 84' lang='lat' dir='ltr'><strong>dissimulata</strong></span> <span class='ocrx_word' id='word_1_131' title='bbox 2413 1726 2658 1779; x_wconf 82' lang='lat' dir='ltr'><strong>reddidit.</strong></span> 
     </span>
     <span class='ocr_line' id='line_1_14' title="bbox 186 1810 2659 1883; baseline 0.003 -24"><span class='ocrx_word' id='word_1_132' title='bbox 186 1810 399 1861; x_wconf 84' lang='lat' dir='ltr'><strong>Obscura</strong></span> <span class='ocrx_word' id='word_1_133' title='bbox 433 1818 583 1863; x_wconf 87' lang='lat' dir='ltr'><strong>certe</strong></span> <span class='ocrx_word' id='word_1_134' title='bbox 622 1828 759 1879; x_wconf 85' lang='lat' dir='ltr'><strong>prae</strong></span> <span class='ocrx_word' id='word_1_135' title='bbox 796 1812 943 1863; x_wconf 89' lang='lat' dir='ltr'><strong>mille</strong></span> <span class='ocrx_word' id='word_1_136' title='bbox 980 1813 1099 1863; x_wconf 81' lang='lat' dir='ltr'><strong>aliis</strong></span> <span class='ocrx_word' id='word_1_137' title='bbox 1135 1814 1267 1864; x_wconf 86' lang='lat' dir='ltr'><strong>haec</strong></span> <span class='ocrx_word' id='word_1_138' title='bbox 1304 1830 1409 1864; x_wconf 82' lang='lat' dir='ltr'><strong>vox</strong></span> <span class='ocrx_word' id='word_1_139' title='bbox 1447 1812 1679 1883; x_wconf 81' lang='grc' dir='ltr'><strong>μονήρης,</strong></span> <span class='ocrx_word' id='word_1_140' title='bbox 1718 1829 1856 1880; x_wconf 84' lang='lat' dir='ltr'><strong>quae</strong></span> <span class='ocrx_word' id='word_1_141' title='bbox 1892 1818 2098 1865; x_wconf 85' lang='lat' dir='ltr'><strong>tantum</strong></span> <span class='ocrx_word' id='word_1_142' title='bbox 2123 1813 2369 1864; x_wconf 88' lang='lat' dir='ltr'><strong>hocloco</strong></span> <span class='ocrx_word' id='word_1_143' title='bbox 2398 1818 2659 1881; x_wconf 87' lang='lat' dir='ltr'><strong>occurrit;</strong></span> 
     </span>
     <span class='ocr_line' id='line_1_15' title="bbox 184 1899 2658 1969; baseline 0.002 -22"><span class='ocrx_word' id='word_1_144' title='bbox 184 1905 225 1947; x_wconf 80' lang='lat' dir='ltr'><strong>et</strong></span> <span class='ocrx_word' id='word_1_145' title='bbox 254 1900 375 1949; x_wconf 78' lang='lat' dir='ltr'><strong>adeo</strong></span> <span class='ocrx_word' id='word_1_146' title='bbox 413 1899 635 1966; x_wconf 84' lang='lat' dir='ltr'><strong>quidem</strong></span> <span class='ocrx_word' id='word_1_147' title='bbox 676 1901 932 1963; x_wconf 80' lang='lat' dir='ltr'><strong>obscura,</strong></span> <span class='ocrx_word' id='word_1_148' title='bbox 968 1906 1029 1951; x_wconf 88' lang='lat' dir='ltr'><strong>ut</strong></span> <span class='ocrx_word' id='word_1_149' title='bbox 1062 1902 1387 1952; x_wconf 85' lang='lat' dir='ltr'><strong>obscuritate</strong></span> <span class='ocrx_word' id='word_1_150' title='bbox 1424 1903 1603 1951; x_wconf 88' lang='lat' dir='ltr'><strong>suain</strong></span> <span class='ocrx_word' id='word_1_151' title='bbox 1630 1902 1971 1968; x_wconf 86' lang='lat' dir='ltr'><strong>proverbium</strong></span> <span class='ocrx_word' id='word_1_152' title='bbox 1997 1901 2141 1967; x_wconf 86' lang='lat' dir='ltr'><strong>apud</strong></span> <span class='ocrx_word' id='word_1_153' title='bbox 2168 1900 2404 1953; x_wconf 83' lang='lat' dir='ltr'><strong>Graecos</strong></span> <span class='ocrx_word' id='word_1_154' title='bbox 2435 1903 2658 1969; x_wconf 80' lang='lat' dir='ltr'><strong>abierit3</strong></span> 
     </span>
     <span class='ocr_line' id='line_1_16' title="bbox 182 1986 2660 2054; baseline 0.003 -21"><span class='ocrx_word' id='word_1_155' title='bbox 182 1986 295 2035; x_wconf 71' lang='lat' dir='ltr'><strong>sicut</strong></span> <span class='ocrx_word' id='word_1_156' title='bbox 326 2002 387 2037; x_wconf 80' lang='lat' dir='ltr'><strong>ex</strong></span> <span class='ocrx_word' id='word_1_157' title='bbox 422 1986 459 2037; x_wconf 84' lang='lat' dir='ltr'><strong>J</strong></span> <span class='ocrx_word' id='word_1_158' title='bbox 470 2002 695 2037; x_wconf 83' lang='lat' dir='ltr'><strong>oanne</strong></span> <span class='ocrx_word' id='word_1_159' title='bbox 735 1986 905 2038; x_wconf 80' lang='lat' dir='ltr'><strong>citri</strong></span> <span class='ocrx_word' id='word_1_160' title='bbox 944 1989 1195 2054; x_wconf 87' lang='lat' dir='ltr'><strong>episcopo</strong></span> <span class='ocrx_word' id='word_1_161' title='bbox 1231 1989 1393 2039; x_wconf 81' lang='lat' dir='ltr'><strong>refert</strong></span> <span class='ocrx_word' id='word_1_162' title='bbox 1415 1989 1468 2040; x_wconf 85' lang='lat' dir='ltr'><strong>J.</strong></span> <span class='ocrx_word' id='word_1_163' title='bbox 1496 1988 1871 2051; x_wconf 83' lang='lat' dir='ltr'><strong>Casaubonus,</strong></span> <span class='ocrx_word' id='word_1_164' title='bbox 1909 1990 2121 2040; x_wconf 80' lang='lat' dir='ltr'><strong>exercit.</strong></span> <span class='ocrx_word' id='word_1_165' title='bbox 2149 1988 2290 2039; x_wconf 87' lang='lat' dir='ltr'><strong>XIV.</strong></span> <span class='ocrx_word' id='word_1_166' title='bbox 2329 1989 2398 2039; x_wconf 89' lang='lat' dir='ltr'><strong>ad</strong></span> <span class='ocrx_word' id='word_1_167' title='bbox 2423 1989 2660 2041; x_wconf 81' lang='lat' dir='ltr'><strong>Annales</strong></span> 
     </span>
     <span class='ocr_line' id='line_1_17' title="bbox 183 2073 2658 2142; baseline 0.003 -22"><span class='ocrx_word' id='word_1_168' title='bbox 183 2073 287 2122; x_wconf 81' lang='lat' dir='ltr'><strong>eccl.</strong></span> <span class='ocrx_word' id='word_1_169' title='bbox 310 2074 429 2125; x_wconf 83' lang='lat' dir='ltr'><strong>Bar.</strong></span> <span class='ocrx_word' id='word_1_170' title='bbox 454 2092 509 2141; x_wconf 87' lang='lat' dir='ltr'><strong>p.</strong></span> <span class='ocrx_word' id='word_1_171' title='bbox 530 2077 659 2127; x_wconf 86' lang='grc'><strong>308.</strong></span> <span class='ocrx_word' id='word_1_172' title='bbox 711 2075 837 2125; x_wconf 84' lang='lat' dir='ltr'><strong>Jam</strong></span> <span class='ocrx_word' id='word_1_173' title='bbox 863 2073 987 2125; x_wconf 87' lang='lat' dir='ltr'><strong>olim</strong></span> <span class='ocrx_word' id='word_1_174' title='bbox 1022 2090 1067 2125; x_wconf 89' lang='lat' dir='ltr'><strong>s.</strong></span> <span class='ocrx_word' id='word_1_175' title='bbox 1092 2076 1533 2141; x_wconf 80' lang='lat' dir='ltr'><strong>Hieronymus</strong></span> <span class='ocrx_word' id='word_1_176' title='bbox 1570 2093 1764 2127; x_wconf 84' lang='lat' dir='ltr'><strong>vocum</strong></span> <span class='ocrx_word' id='word_1_177' title='bbox 1790 2078 2154 2127; x_wconf 86' lang='lat' dir='ltr'><strong>obscuriorum</strong></span> <span class='ocrx_word' id='word_1_178' title='bbox 2177 2077 2461 2142; x_wconf 79' lang='lat' dir='ltr'><strong>indagator</strong></span> <span class='ocrx_word' id='word_1_179' title='bbox 2497 2078 2658 2128; x_wconf 88' lang='lat' dir='ltr'><strong>soler-</strong></span> 
     </span>
     <span class='ocr_line' id='line_1_18' title="bbox 183 2162 2656 2231; baseline 0.003 -23"><span class='ocrx_word' id='word_1_180' title='bbox 183 2162 383 2211; x_wconf 73' lang='lat' dir='ltr'><strong>tissimus</strong></span> <span class='ocrx_word' id='word_1_181' title='bbox 424 2162 743 2213; x_wconf 86' lang='lat' dir='ltr'><strong>incredibili</strong></span> <span class='ocrx_word' id='word_1_182' title='bbox 788 2163 1035 2227; x_wconf 85' lang='lat' dir='ltr'><strong>flagravit</strong></span> <span class='ocrx_word' id='word_1_183' title='bbox 1070 2162 1331 2214; x_wconf 85' lang='lat' dir='ltr'><strong>desiderio</strong></span> <span class='ocrx_word' id='word_1_184' title='bbox 1370 2164 1599 2227; x_wconf 91' lang='lat' dir='ltr'><strong>sciendi,</strong></span> <span class='ocrx_word' id='word_1_185' title='bbox 1653 2164 1950 2215; x_wconf 87' lang='lat' dir='ltr'><strong>cuiusmodi</strong></span> <span class='ocrx_word' id='word_1_186' title='bbox 1999 2164 2112 2214; x_wconf 90' lang='lat' dir='ltr'><strong>dies</strong></span> <span class='ocrx_word' id='word_1_187' title='bbox 2154 2164 2256 2215; x_wconf 81' lang='lat' dir='ltr'><strong>hac</strong></span> <span class='ocrx_word' id='word_1_188' title='bbox 2292 2181 2424 2216; x_wconf 86' lang='lat' dir='ltr'><strong>voce</strong></span> <span class='ocrx_word' id='word_1_189' title='bbox 2461 2164 2656 2231; x_wconf 83' lang='lat' dir='ltr'><strong>siguifi-</strong></span> 
     </span>
     <span class='ocr_line' id='line_1_19' title="bbox 182 2252 2660 2318; baseline 0.003 -23"><span class='ocrx_word' id='word_1_190' title='bbox 182 2256 331 2313; x_wconf 82' lang='lat' dir='ltr'><strong>cetnr;</strong></span> <span class='ocrx_word' id='word_1_191' title='bbox 384 2252 477 2315; x_wconf 88' lang='lat' dir='ltr'><strong>qui</strong></span> <span class='ocrx_word' id='word_1_192' title='bbox 532 2254 725 2301; x_wconf 84' lang='lat' dir='ltr'><strong>tamen</strong></span> <span class='ocrx_word' id='word_1_193' title='bbox 774 2266 843 2300; x_wconf 86' lang='lat' dir='ltr'><strong>nc</strong></span> <span class='ocrx_word' id='word_1_194' title='bbox 894 2266 957 2300; x_wconf 88' lang='lat' dir='ltr'><strong>ex</strong></span> <span class='ocrx_word' id='word_1_195' title='bbox 1004 2258 1354 2317; x_wconf 83' lang='lat' dir='ltr'><strong>praeceptore</strong></span> <span class='ocrx_word' id='word_1_196' title='bbox 1408 2268 1505 2302; x_wconf 90' lang='lat' dir='ltr'><strong>suo</strong></span> <span class='ocrx_word' id='word_1_197' title='bbox 1557 2252 1772 2318; x_wconf 89' lang='lat' dir='ltr'><strong>quidem</strong></span> <span class='ocrx_word' id='word_1_198' title='bbox 1819 2269 1862 2302; x_wconf 87' lang='lat' dir='ltr'><strong>s.</strong></span> <span class='ocrx_word' id='word_1_199' title='bbox 1902 2252 2158 2317; x_wconf 85' lang='lat' dir='ltr'><strong>Gregorio</strong></span> <span class='ocrx_word' id='word_1_200' title='bbox 2207 2252 2549 2303; x_wconf 81' lang='lat' dir='ltr'><strong>Nazianzeno</strong></span> <span class='ocrx_word' id='word_1_201' title='bbox 2603 2252 2660 2302; x_wconf 91' lang='lat' dir='ltr'><strong>id</strong></span> 
     </span>
     <span class='ocr_line' id='line_1_20' title="bbox 182 2339 2658 2406; baseline 0.003 -22"><span class='ocrx_word' id='word_1_202' title='bbox 182 2350 477 2400; x_wconf 83' lang='lat' dir='ltr'><strong>cognoscere</strong></span> <span class='ocrx_word' id='word_1_203' title='bbox 515 2339 723 2403; x_wconf 83' lang='lat' dir='ltr'><strong>potuit,</strong></span> <span class='ocrx_word' id='word_1_204' title='bbox 762 2354 863 2388; x_wconf 87' lang='lat' dir='ltr'><strong>ceu</strong></span> <span class='ocrx_word' id='word_1_205' title='bbox 898 2339 1013 2405; x_wconf 89' lang='lat' dir='ltr'><strong>ipse</strong></span> <span class='ocrx_word' id='word_1_206' title='bbox 1050 2339 1213 2389; x_wconf 85' lang='lat' dir='ltr'><strong>refert</strong></span> <span class='ocrx_word' id='word_1_207' title='bbox 1250 2355 1332 2405; x_wconf 91' lang='lat' dir='ltr'><strong>ep.</strong></span> <span class='ocrx_word' id='word_1_208' title='bbox 1357 2339 1476 2389; x_wconf 86' lang='lat' dir='ltr'><strong>LII.</strong></span> <span class='ocrx_word' id='word_1_209' title='bbox 1515 2339 1583 2389; x_wconf 80' lang='lat' dir='ltr'><strong>ad</strong></span> <span class='ocrx_word' id='word_1_210' title='bbox 1621 2340 1810 2405; x_wconf 84' lang='lat' dir='ltr'><strong>Nepet.</strong></span> <span class='ocrx_word' id='word_1_211' title='bbox 1849 2341 1898 2390; x_wconf 87' lang='grc'><strong>8.</strong></span> <span class='ocrx_word' id='word_1_212' title='bbox 1933 2356 1986 2405; x_wconf 93' lang='lat' dir='ltr'><strong>p.</strong></span> <span class='ocrx_word' id='word_1_213' title='bbox 2015 2341 2132 2389; x_wconf 83' lang='grc'><strong>263.</strong></span> <span class='ocrx_word' id='word_1_214' title='bbox 2191 2340 2366 2406; x_wconf 83' lang='lat' dir='ltr'><strong>Atque</strong></span> <span class='ocrx_word' id='word_1_215' title='bbox 2403 2340 2658 2391; x_wconf 82' lang='lat' dir='ltr'><strong>Erasmus</strong></span> 
     </span>
     <span class='ocr_line' id='line_1_21' title="bbox 180 2422 2658 2493; baseline 0.002 -22"><span class='ocrx_word' id='word_1_216' title='bbox 180 2422 365 2488; x_wconf 80' lang='lat' dir='ltr'><strong>linguae</strong></span> <span class='ocrx_word' id='word_1_217' title='bbox 411 2440 657 2491; x_wconf 74' lang='lat' dir='ltr'><strong>graecae</strong></span> <span class='ocrx_word' id='word_1_218' title='bbox 704 2425 1141 2491; x_wconf 79' lang='lat' dir='ltr'><strong>callentissimus,</strong></span> <span class='ocrx_word' id='word_1_219' title='bbox 1186 2426 1320 2477; x_wconf 88' lang='lat' dir='ltr'><strong>nihil</strong></span> <span class='ocrx_word' id='word_1_220' title='bbox 1356 2444 1387 2477; x_wconf 91' lang='lat' dir='ltr'><strong>e</strong></span> <span class='ocrx_word' id='word_1_221' title='bbox 1423 2428 1630 2493; x_wconf 84' lang='lat' dir='ltr'><strong>graecis</strong></span> <span class='ocrx_word' id='word_1_222' title='bbox 1677 2427 1843 2478; x_wconf 87' lang='lat' dir='ltr'><strong>literis</strong></span> <span class='ocrx_word' id='word_1_223' title='bbox 1894 2442 2176 2493; x_wconf 85' lang='lat' dir='ltr'><strong>superesse</strong></span> <span class='ocrx_word' id='word_1_224' title='bbox 2217 2432 2364 2477; x_wconf 84' lang='lat' dir='ltr'><strong>ratus</strong></span> <span class='ocrx_word' id='word_1_225' title='bbox 2401 2432 2503 2490; x_wconf 85' lang='lat' dir='ltr'><strong>est,</strong></span> <span class='ocrx_word' id='word_1_226' title='bbox 2553 2443 2658 2493; x_wconf 90' lang='lat' dir='ltr'><strong>quo</strong></span> 
     </span>
     <span class='ocr_line' id='line_1_22' title="bbox 182 2510 2660 2581; baseline 0.002 -24"><span class='ocrx_word' id='word_1_227' title='bbox 182 2510 295 2559; x_wconf 70' lang='lat' dir='ltr'><strong>hnc</strong></span> <span class='ocrx_word' id='word_1_228' title='bbox 328 2511 627 2563; x_wconf 85' lang='lat' dir='ltr'><strong>dictionem</strong></span> <span class='ocrx_word' id='word_1_229' title='bbox 664 2512 901 2563; x_wconf 82' lang='lat' dir='ltr'><strong>illustret</strong></span> <span class='ocrx_word' id='word_1_230' title='bbox 935 2514 997 2563; x_wconf 90' lang='lat' dir='ltr'><strong>V.</strong></span> <span class='ocrx_word' id='word_1_231' title='bbox 1025 2512 1127 2581; x_wconf 88' lang='lat' dir='ltr'><strong>Op.</strong></span> <span class='ocrx_word' id='word_1_232' title='bbox 1154 2530 1293 2565; x_wconf 85' lang='lat' dir='ltr'><strong>omn.</strong></span> <span class='ocrx_word' id='word_1_233' title='bbox 1321 2514 1403 2563; x_wconf 90' lang='lat' dir='ltr'><strong>ed.</strong></span> <span class='ocrx_word' id='word_1_234' title='bbox 1429 2514 1603 2580; x_wconf 85' lang='lat' dir='ltr'><strong>Lugd.</strong></span> <span class='ocrx_word' id='word_1_235' title='bbox 1630 2515 1750 2564; x_wconf 85' lang='lat' dir='ltr'><strong>Bat.</strong></span> <span class='ocrx_word' id='word_1_236' title='bbox 1780 2516 1929 2565; x_wconf 89' lang='grc'><strong>1703.</strong></span> <span class='ocrx_word' id='word_1_237' title='bbox 1967 2514 2060 2577; x_wconf 89' lang='lat' dir='ltr'><strong>VI,</strong></span> <span class='ocrx_word' id='word_1_238' title='bbox 2087 2515 2205 2563; x_wconf 79' lang='lat'><strong>264.</strong></span> <span class='ocrx_word' id='word_1_239' title='bbox 2257 2512 2362 2563; x_wconf 88' lang='lat' dir='ltr'><strong>Sed</strong></span> <span class='ocrx_word' id='word_1_240' title='bbox 2399 2513 2660 2579; x_wconf 87' lang='lat' dir='ltr'><strong>quidquid</strong></span> 
     </span>
     <span class='ocr_line' id='line_1_23' title="bbox 182 2596 2660 2676; baseline 0.002 -31"><span class='ocrx_word' id='word_1_241' title='bbox 182 2596 233 2647; x_wconf 81' lang='lat' dir='ltr'><strong>de</strong></span> <span class='ocrx_word' id='word_1_242' title='bbox 274 2600 605 2651; x_wconf 76' lang='lat' dir='ltr'><strong>obscuritate</strong></span> <span class='ocrx_word' id='word_1_243' title='bbox 654 2600 763 2651; x_wconf 89' lang='lat' dir='ltr'><strong>loci</strong></span> <span class='ocrx_word' id='word_1_244' title='bbox 814 2605 923 2663; x_wconf 85' lang='lat' dir='ltr'><strong>est,</strong></span> <span class='ocrx_word' id='word_1_245' title='bbox 974 2617 1073 2653; x_wconf 87' lang='lat' dir='ltr'><strong>nos</strong></span> <span class='ocrx_word' id='word_1_246' title='bbox 1120 2618 1229 2653; x_wconf 89' lang='lat' dir='ltr'><strong>non</strong></span> <span class='ocrx_word' id='word_1_247' title='bbox 1277 2601 1445 2651; x_wconf 88' lang='lat' dir='ltr'><strong>ullum</strong></span> <span class='ocrx_word' id='word_1_248' title='bbox 1496 2616 1693 2668; x_wconf 80' lang='lat' dir='ltr'><strong>operae</strong></span> <span class='ocrx_word' id='word_1_249' title='bbox 1741 2604 1968 2668; x_wconf 85' lang='lat' dir='ltr'><strong>pretium</strong></span> <span class='ocrx_word' id='word_1_250' title='bbox 2018 2602 2209 2652; x_wconf 88' lang='lat' dir='ltr'><strong>fecisse</strong></span> <span class='ocrx_word' id='word_1_251' title='bbox 2256 2600 2591 2676; x_wconf 50' lang='lat' dir='ltr'><strong>arbitramur.</strong></span> <span class='ocrx_word' id='word_1_252' title='bbox 2615 2602 2660 2651; x_wconf 88' lang='lat' dir='ltr'><strong>si</strong></span> 
     </span>
     <span class='ocr_line' id='line_1_24' title="bbox 182 2686 2662 2755; baseline 0.002 -22"><span class='ocrx_word' id='word_1_253' title='bbox 182 2686 539 2750; x_wconf 68' lang='lat' dir='ltr'><strong>explicationes</strong></span> <span class='ocrx_word' id='word_1_254' title='bbox 615 2686 667 2737; x_wconf 91' lang='lat' dir='ltr'><strong>S.</strong></span> <span class='ocrx_word' id='word_1_255' title='bbox 719 2686 775 2738; x_wconf 87' lang='lat' dir='ltr'><strong>S.</strong></span> <span class='ocrx_word' id='word_1_256' title='bbox 828 2688 891 2738; x_wconf 93' lang='lat' dir='ltr'><strong>P.</strong></span> <span class='ocrx_word' id='word_1_257' title='bbox 948 2689 1007 2738; x_wconf 90' lang='lat' dir='ltr'><strong>P.</strong></span> <span class='ocrx_word' id='word_1_258' title='bbox 1065 2694 1119 2739; x_wconf 89' lang='lat' dir='ltr'><strong>et</strong></span> <span class='ocrx_word' id='word_1_259' title='bbox 1172 2687 1224 2739; x_wconf 89' lang='lat' dir='ltr'><strong>S.</strong></span> <span class='ocrx_word' id='word_1_260' title='bbox 1276 2687 1329 2739; x_wconf 90' lang='lat' dir='ltr'><strong>S.</strong></span> <span class='ocrx_word' id='word_1_261' title='bbox 1386 2690 1453 2739; x_wconf 89' lang='lat' dir='ltr'><strong>E.</strong></span> <span class='ocrx_word' id='word_1_262' title='bbox 1508 2690 2010 2741; x_wconf 85' lang='lat' dir='ltr'><strong>enumeraverimus.</strong></span> <span class='ocrx_word' id='word_1_263' title='bbox 2089 2690 2282 2755; x_wconf 85' lang='lat' dir='ltr'><strong>Itaque</strong></span> <span class='ocrx_word' id='word_1_264' title='bbox 2345 2690 2518 2755; x_wconf 80' lang='lat' dir='ltr'><strong>prima</strong></span> <span class='ocrx_word' id='word_1_265' title='bbox 2580 2692 2662 2739; x_wconf 87' lang='lat' dir='ltr'><strong>est</strong></span> 
     </span>
     <span class='ocr_line' id='line_1_25' title="bbox 182 2774 2660 2843; baseline 0.002 -22"><span class='ocrx_word' id='word_1_266' title='bbox 182 2774 617 2840; x_wconf 55' lang='lat' dir='ltr'><strong>&amp;Epiphanii,</strong></span> <span class='ocrx_word' id='word_1_267' title='bbox 656 2775 807 2825; x_wconf 82' lang='lat' dir='ltr'><strong>haer.</strong></span> <span class='ocrx_word' id='word_1_268' title='bbox 848 2776 1014 2837; x_wconf 87' lang='lat' dir='ltr'><strong>XXX,</strong></span> <span class='ocrx_word' id='word_1_269' title='bbox 1050 2778 1133 2825; x_wconf 84' lang='grc'><strong>32.</strong></span> <span class='ocrx_word' id='word_1_270' title='bbox 1169 2777 1213 2839; x_wconf 91' lang='lat'><strong>1,</strong></span> <span class='ocrx_word' id='word_1_271' title='bbox 1256 2778 1371 2826; x_wconf 85' lang='lat'><strong>158.</strong></span> <span class='ocrx_word' id='word_1_272' title='bbox 1411 2779 1478 2841; x_wconf 86' lang='grc'><strong>9.,</strong></span> <span class='ocrx_word' id='word_1_273' title='bbox 1517 2779 1609 2843; x_wconf 89' lang='lat' dir='ltr'><strong>qui</strong></span> <span class='ocrx_word' id='word_1_274' title='bbox 1647 2778 1805 2828; x_wconf 84' lang='lat' dir='ltr'><strong>docet</strong></span> <span class='ocrx_word' id='word_1_275' title='bbox 1842 2778 2136 2828; x_wconf 87' lang='lat' dir='ltr'><strong>Sabbatum</strong></span> <span class='ocrx_word' id='word_1_276' title='bbox 2171 2776 2660 2841; x_wconf 86' lang='lat' dir='ltr'><strong>secundo-primum</strong></span> 
     </span>
     <span class='ocr_line' id='line_1_26' title="bbox 184 2862 2660 2930; baseline 0.003 -23"><span class='ocrx_word' id='word_1_277' title='bbox 184 2874 279 2909; x_wconf 74' lang='lat' dir='ltr'><strong>esse</strong></span> <span class='ocrx_word' id='word_1_278' title='bbox 315 2864 487 2927; x_wconf 81' lang='lat' dir='ltr'><strong>„quod</strong></span> <span class='ocrx_word' id='word_1_279' title='bbox 524 2868 589 2913; x_wconf 81' lang='lat' dir='ltr'><strong>et</strong></span> <span class='ocrx_word' id='word_1_280' title='bbox 624 2865 843 2928; x_wconf 88' lang='lat' dir='ltr'><strong>proprie</strong></span> <span class='ocrx_word' id='word_1_281' title='bbox 881 2864 959 2913; x_wconf 83' lang='lat' dir='ltr'><strong>ita</strong></span> <span class='ocrx_word' id='word_1_282' title='bbox 992 2862 1191 2913; x_wconf 82' lang='lat' dir='ltr'><strong>dictum</strong></span> <span class='ocrx_word' id='word_1_283' title='bbox 1228 2869 1332 2926; x_wconf 88' lang='lat' dir='ltr'><strong>est,</strong></span> <span class='ocrx_word' id='word_1_284' title='bbox 1384 2870 1439 2914; x_wconf 86' lang='lat' dir='ltr'><strong>et</strong></span> <span class='ocrx_word' id='word_1_285' title='bbox 1476 2880 1780 2929; x_wconf 84' lang='lat' dir='ltr'><strong>azymorum</strong></span> <span class='ocrx_word' id='word_1_286' title='bbox 1818 2865 1958 2915; x_wconf 89' lang='lat' dir='ltr'><strong>diem</strong></span> <span class='ocrx_word' id='word_1_287' title='bbox 2003 2865 2290 2930; x_wconf 84' lang='lat' dir='ltr'><strong>sequitur.“</strong></span> <span class='ocrx_word' id='word_1_288' title='bbox 2355 2863 2660 2915; x_wconf 87' lang='lat' dir='ltr'><strong>Secundum</strong></span> 
     </span>
     <span class='ocr_line' id='line_1_27' title="bbox 186 2946 2658 3015; baseline 0.004 -21"><span class='ocrx_word' id='word_1_289' title='bbox 186 2946 345 2999; x_wconf 77' lang='lat' dir='ltr'><strong>damus</strong></span> <span class='ocrx_word' id='word_1_290' title='bbox 378 2950 565 3001; x_wconf 86' lang='lat' dir='ltr'><strong>locum</strong></span> <span class='ocrx_word' id='word_1_291' title='bbox 607 2964 650 3000; x_wconf 84' lang='lat' dir='ltr'><strong>s.</strong></span> <span class='ocrx_word' id='word_1_292' title='bbox 677 2950 1048 3013; x_wconf 83' lang='lat' dir='ltr'><strong>Ambrosio,</strong></span> <span class='ocrx_word' id='word_1_293' title='bbox 1087 2966 1259 3001; x_wconf 82' lang='lat' dir='ltr'><strong>enarr.</strong></span> <span class='ocrx_word' id='word_1_294' title='bbox 1290 2953 1347 3000; x_wconf 91' lang='lat' dir='ltr'><strong>in</strong></span> <span class='ocrx_word' id='word_1_295' title='bbox 1371 2952 1458 3001; x_wconf 86' lang='lat' dir='ltr'><strong>Ps.</strong></span> <span class='ocrx_word' id='word_1_296' title='bbox 1496 2952 1716 3014; x_wconf 86' lang='lat' dir='ltr'><strong>XLVII,</strong></span> <span class='ocrx_word' id='word_1_297' title='bbox 1747 2954 1792 3002; x_wconf 90' lang='lat'><strong>1.</strong></span> <span class='ocrx_word' id='word_1_298' title='bbox 1818 2953 1860 3015; x_wconf 88' lang='grc' dir='ltr'><strong>Ι,</strong></span> <span class='ocrx_word' id='word_1_299' title='bbox 1883 2954 2002 3003; x_wconf 85' lang='grc'><strong>935..</strong></span> <span class='ocrx_word' id='word_1_300' title='bbox 2055 2952 2194 3014; x_wconf 85' lang='lat' dir='ltr'><strong>„Ubi</strong></span> <span class='ocrx_word' id='word_1_301' title='bbox 2221 2951 2462 3002; x_wconf 85' lang='lat' dir='ltr'><strong>Christus</strong></span> <span class='ocrx_word' id='word_1_302' title='bbox 2486 2968 2658 3003; x_wconf 84' lang='lat' dir='ltr'><strong>resur-</strong></span> 
     </span>
     <span class='ocr_line' id='line_1_28' title="bbox 186 3038 2658 3106; baseline 0.003 -23"><span class='ocrx_word' id='word_1_303' title='bbox 186 3038 389 3087; x_wconf 83' lang='lat' dir='ltr'><strong>rectione</strong></span> <span class='ocrx_word' id='word_1_304' title='bbox 434 3053 537 3089; x_wconf 83' lang='lat' dir='ltr'><strong>sua</strong></span> <span class='ocrx_word' id='word_1_305' title='bbox 594 3042 844 3089; x_wconf 83' lang='lat' dir='ltr'><strong>octavam</strong></span> <span class='ocrx_word' id='word_1_306' title='bbox 878 3066 943 3075; x_wconf 90' lang='lat'>—</span> <span class='ocrx_word' id='word_1_307' title='bbox 980 3038 1118 3089; x_wconf 89' lang='lat' dir='ltr'><strong>diem</strong></span> <span class='ocrx_word' id='word_1_308' title='bbox 1154 3068 1218 3076; x_wconf 95' lang='lat'>—</span> <span class='ocrx_word' id='word_1_309' title='bbox 1252 3038 1631 3103; x_wconf 83' lang='lat' dir='ltr'><strong>sanctificavit,</strong></span> <span class='ocrx_word' id='word_1_310' title='bbox 1682 3041 1860 3105; x_wconf 88' lang='lat' dir='ltr'><strong>coepit</strong></span> <span class='ocrx_word' id='word_1_311' title='bbox 1895 3039 2084 3090; x_wconf 81' lang='lat' dir='ltr'><strong>eadem</strong></span> <span class='ocrx_word' id='word_1_312' title='bbox 2120 3041 2291 3105; x_wconf 86' lang='lat' dir='ltr'><strong>prima</strong></span> <span class='ocrx_word' id='word_1_313' title='bbox 2327 3054 2472 3104; x_wconf 89' lang='lat' dir='ltr'><strong>esse,</strong></span> <span class='ocrx_word' id='word_1_314' title='bbox 2517 3055 2658 3106; x_wconf 86' lang='lat' dir='ltr'><strong>quae</strong></span> 
     </span>
     <span class='ocr_line' id='line_1_29' title="bbox 187 3122 2660 3194; baseline 0.003 -25"><span class='ocrx_word' id='word_1_315' title='bbox 187 3128 349 3175; x_wconf 73' lang='lat' dir='ltr'><strong>octava</strong></span> <span class='ocrx_word' id='word_1_316' title='bbox 384 3132 483 3176; x_wconf 85' lang='lat' dir='ltr'><strong>est.</strong></span> <span class='ocrx_word' id='word_1_317' title='bbox 546 3124 715 3175; x_wconf 85' lang='lat' dir='ltr'><strong>Unde</strong></span> <span class='ocrx_word' id='word_1_318' title='bbox 752 3130 807 3175; x_wconf 93' lang='lat' dir='ltr'><strong>et</strong></span> <span class='ocrx_word' id='word_1_319' title='bbox 841 3126 898 3175; x_wconf 90' lang='lat' dir='ltr'><strong>in</strong></span> <span class='ocrx_word' id='word_1_320' title='bbox 934 3126 1233 3191; x_wconf 77' lang='lat' dir='ltr'><strong>Evangelio</strong></span> <span class='ocrx_word' id='word_1_321' title='bbox 1272 3126 1498 3193; x_wconf 82' lang='lat' dir='ltr'><strong>legimus</strong></span> <span class='ocrx_word' id='word_1_322' title='bbox 1534 3122 1924 3194; x_wconf 83' lang='grc' dir='ltr'>δευτερόπρωτον</span> <span class='ocrx_word' id='word_1_323' title='bbox 1961 3126 2272 3189; x_wconf 81' lang='lat' dir='ltr'><strong>sabbatum,</strong></span> <span class='ocrx_word' id='word_1_324' title='bbox 2317 3126 2460 3193; x_wconf 90' lang='lat' dir='ltr'><strong>quod</strong></span> <span class='ocrx_word' id='word_1_325' title='bbox 2495 3126 2660 3177; x_wconf 79' lang='lat' dir='ltr'><strong>latine</strong></span> 
     </span>
     <span class='ocr_line' id='line_1_30' title="bbox 186 3207 2660 3281; baseline 0.004 -26"><span class='ocrx_word' id='word_1_326' title='bbox 186 3207 349 3261; x_wconf 78' lang='lat' dir='ltr'><strong>dicitur</strong></span> <span class='ocrx_word' id='word_1_327' title='bbox 405 3212 951 3278; x_wconf 86' lang='lat' dir='ltr'><strong>secundo-primum.</strong></span> <span class='ocrx_word' id='word_1_328' title='bbox 1034 3214 1141 3263; x_wconf 91' lang='lat' dir='ltr'><strong>Ubi</strong></span> <span class='ocrx_word' id='word_1_329' title='bbox 1198 3216 1339 3263; x_wconf 90' lang='lat' dir='ltr'><strong>enim</strong></span> <span class='ocrx_word' id='word_1_330' title='bbox 1398 3214 1668 3265; x_wconf 76' lang='lat' dir='ltr'><strong>dominica</strong></span> <span class='ocrx_word' id='word_1_331' title='bbox 1728 3214 1840 3264; x_wconf 87' lang='lat' dir='ltr'><strong>dies</strong></span> <span class='ocrx_word' id='word_1_332' title='bbox 1901 3215 2078 3281; x_wconf 87' lang='lat' dir='ltr'><strong>coepit</strong></span> <span class='ocrx_word' id='word_1_333' title='bbox 2135 3214 2488 3279; x_wconf 86' lang='lat' dir='ltr'><strong>praecellere,</strong></span> <span class='ocrx_word' id='word_1_334' title='bbox 2552 3230 2660 3280; x_wconf 81' lang='lat' dir='ltr'><strong>qua</strong></span> 
     </span>
     <span class='ocr_line' id='line_1_31' title="bbox 190 3296 2662 3368; baseline 0.003 -25"><span class='ocrx_word' id='word_1_335' title='bbox 190 3296 417 3350; x_wconf 83' lang='lat' dir='ltr'><strong>Dominus</strong></span> <span class='ocrx_word' id='word_1_336' title='bbox 462 3302 794 3364; x_wconf 79' lang='lat' dir='ltr'><strong>resurrexit3</strong></span> <span class='ocrx_word' id='word_1_337' title='bbox 844 3300 1127 3351; x_wconf 82' lang='lat' dir='ltr'><strong>sabbatum</strong></span> <span class='ocrx_word' id='word_1_338' title='bbox 1178 3301 1322 3367; x_wconf 91' lang='lat' dir='ltr'><strong>quod</strong></span> <span class='ocrx_word' id='word_1_339' title='bbox 1367 3302 1594 3368; x_wconf 85' lang='lat' dir='ltr'><strong>primum</strong></span> <span class='ocrx_word' id='word_1_340' title='bbox 1645 3307 1783 3364; x_wconf 81' lang='lat' dir='ltr'><strong>erat,</strong></span> <span class='ocrx_word' id='word_1_341' title='bbox 1831 3301 2124 3352; x_wconf 87' lang='lat' dir='ltr'><strong>secundum</strong></span> <span class='ocrx_word' id='word_1_342' title='bbox 2169 3301 2354 3352; x_wconf 87' lang='lat' dir='ltr'><strong>haberi</strong></span> <span class='ocrx_word' id='word_1_343' title='bbox 2404 3302 2582 3366; x_wconf 89' lang='lat' dir='ltr'><strong>coepit</strong></span> <span class='ocrx_word' id='word_1_344' title='bbox 2626 3315 2662 3351; x_wconf 75' lang='lat' dir='ltr'><strong>a</strong></span> 
     </span>
     <span class='ocr_line' id='line_1_32' title="bbox 190 3385 2662 3454; baseline 0.002 -23"><span class='ocrx_word' id='word_1_345' title='bbox 190 3385 378 3447; x_wconf 72' lang='lat' dir='ltr'><strong>primo-⁶</strong></span> <span class='ocrx_word' id='word_1_346' title='bbox 440 3387 605 3437; x_wconf 80' lang='lat' dir='ltr'><strong>Haec</strong></span> <span class='ocrx_word' id='word_1_347' title='bbox 644 3392 825 3437; x_wconf 86' lang='lat' dir='ltr'><strong>autem</strong></span> <span class='ocrx_word' id='word_1_348' title='bbox 862 3388 1127 3437; x_wconf 86' lang='lat' dir='ltr'><strong>sententia</strong></span> <span class='ocrx_word' id='word_1_349' title='bbox 1162 3389 1387 3452; x_wconf 82' lang='lat' dir='ltr'><strong>mystica</strong></span> <span class='ocrx_word' id='word_1_350' title='bbox 1430 3389 1601 3454; x_wconf 79' lang='lat' dir='ltr'><strong>mag-is</strong></span> <span class='ocrx_word' id='word_1_351' title='bbox 1641 3394 1746 3451; x_wconf 81' lang='lat' dir='ltr'><strong>est,</strong></span> <span class='ocrx_word' id='word_1_352' title='bbox 1795 3404 1950 3454; x_wconf 85' lang='lat' dir='ltr'><strong>quam</strong></span> <span class='ocrx_word' id='word_1_353' title='bbox 1997 3388 2234 3439; x_wconf 81' lang='lat' dir='ltr'><strong>literalis.</strong></span> <span class='ocrx_word' id='word_1_354' title='bbox 2295 3389 2530 3438; x_wconf 84' lang='lat' dir='ltr'><strong>Tertiam</strong></span> <span class='ocrx_word' id='word_1_355' title='bbox 2567 3388 2662 3437; x_wconf 81' lang='lat' dir='ltr'><strong>dat</strong></span> 
     </span>
     <span class='ocr_line' id='line_1_33' title="bbox 190 3472 2656 3538; baseline 0.002 -17"><span class='ocrx_word' id='word_1_356' title='bbox 190 3472 531 3525; x_wconf 75' lang='lat' dir='ltr'><strong>s.Joannes</strong></span> <span class='ocrx_word' id='word_1_357' title='bbox 576 3474 1107 3538; x_wconf 80' lang='lat' dir='ltr'><strong>chrysostomus,</strong></span> <span class='ocrx_word' id='word_1_358' title='bbox 1145 3474 1285 3526; x_wconf 90' lang='lat' dir='ltr'><strong>hom.</strong></span> <span class='ocrx_word' id='word_1_359' title='bbox 1310 3476 1557 3526; x_wconf 85' lang='lat' dir='ltr'><strong>XXXIX.</strong></span> <span class='ocrx_word' id='word_1_360' title='bbox 1582 3477 1640 3525; x_wconf 92' lang='lat' dir='ltr'><strong>in</strong></span> <span class='ocrx_word' id='word_1_361' title='bbox 1675 3475 1864 3526; x_wconf 80' lang='lat' dir='ltr'><strong>Matth.</strong></span> <span class='ocrx_word' id='word_1_362' title='bbox 1889 3478 1969 3537; x_wconf 87' lang='grc'><strong>12,</strong></span> <span class='ocrx_word' id='word_1_363' title='bbox 2002 3478 2048 3525; x_wconf 89' lang='grc'><strong>1.</strong></span> <span class='ocrx_word' id='word_1_364' title='bbox 2085 3476 2202 3537; x_wconf 91' lang='lat' dir='ltr'><strong>VII,</strong></span> <span class='ocrx_word' id='word_1_365' title='bbox 2228 3477 2345 3525; x_wconf 85' lang='lat'><strong>431.</strong></span> <span class='ocrx_word' id='word_1_366' title='bbox 2397 3475 2656 3537; x_wconf 82' lang='lat' dir='ltr'><strong>„Quando</strong></span> 
     </span>
     <span class='ocr_line' id='line_1_34' title="bbox 192 3556 2658 3636; baseline 0.002 -29"><span class='ocrx_word' id='word_1_367' title='bbox 192 3556 405 3625; x_wconf 82' lang='lat' dir='ltr'><strong>duplices</strong></span> <span class='ocrx_word' id='word_1_368' title='bbox 440 3563 621 3613; x_wconf 81' lang='lat' dir='ltr'><strong>feriae</strong></span> <span class='ocrx_word' id='word_1_369' title='bbox 660 3566 829 3625; x_wconf 82' lang='lat' dir='ltr'><strong>erant,</strong></span> <span class='ocrx_word' id='word_1_370' title='bbox 868 3568 922 3611; x_wconf 88' lang='lat' dir='ltr'><strong>et</strong></span> <span class='ocrx_word' id='word_1_371' title='bbox 956 3562 1171 3612; x_wconf 83' lang='lat' dir='ltr'><strong>sabbati</strong></span> <span class='ocrx_word' id='word_1_372' title='bbox 1204 3562 1439 3625; x_wconf 89' lang='lat' dir='ltr'><strong>Domini,</strong></span> <span class='ocrx_word' id='word_1_373' title='bbox 1478 3568 1532 3613; x_wconf 86' lang='lat' dir='ltr'><strong>et</strong></span> <span class='ocrx_word' id='word_1_374' title='bbox 1562 3563 1782 3636; x_wconf 76' lang='lat' dir='ltr'><strong>alterius</strong></span> <span class='ocrx_word' id='word_1_375' title='bbox 1819 3563 1923 3613; x_wconf 92' lang='lat' dir='ltr'><strong>sibi</strong></span> <span class='ocrx_word' id='word_1_376' title='bbox 1958 3564 2080 3614; x_wconf 86' lang='lat' dir='ltr'><strong>festi</strong></span> <span class='ocrx_word' id='word_1_377' title='bbox 2118 3562 2501 3624; x_wconf 85' lang='lat' dir='ltr'><strong>succedentis“,</strong></span> <span class='ocrx_word' id='word_1_378' title='bbox 2541 3577 2658 3613; x_wconf 88' lang='lat' dir='ltr'><strong>esse</strong></span> 
     </span>
     <span class='ocr_line' id='line_1_35' title="bbox 192 3646 2656 3715; baseline 0.002 -21"><span class='ocrx_word' id='word_1_379' title='bbox 192 3646 441 3699; x_wconf 70' lang='lat' dir='ltr'><strong>sabbatum</strong></span> <span class='ocrx_word' id='word_1_380' title='bbox 480 3648 998 3715; x_wconf 87' lang='lat' dir='ltr'><strong>secundo-primum.</strong></span> <span class='ocrx_word' id='word_1_381' title='bbox 1049 3648 1305 3710; x_wconf 78' lang='lat' dir='ltr'><strong>Quartam</strong></span> <span class='ocrx_word' id='word_1_382' title='bbox 1332 3649 1485 3701; x_wconf 79' lang='lat' dir='ltr'><strong>affert</strong></span> <span class='ocrx_word' id='word_1_383' title='bbox 1519 3667 1561 3701; x_wconf 87' lang='lat' dir='ltr'><strong>s.</strong></span> <span class='ocrx_word' id='word_1_384' title='bbox 1587 3650 1886 3700; x_wconf 87' lang='lat' dir='ltr'><strong>Isidorus</strong></span> <span class='ocrx_word' id='word_1_385' title='bbox 1924 3650 2296 3713; x_wconf 87' lang='lat' dir='ltr'><strong>Pelusiota,</strong></span> <span class='ocrx_word' id='word_1_386' title='bbox 2333 3650 2426 3715; x_wconf 87' lang='lat' dir='ltr'><strong>qui</strong></span> <span class='ocrx_word' id='word_1_387' title='bbox 2448 3650 2656 3701; x_wconf 85' lang='lat' dir='ltr'><strong>Isidoro</strong></span> 
     </span>
     <span class='ocr_line' id='line_1_36' title="bbox 196 3730 2660 3803; baseline 0.004 -25"><span class='ocrx_word' id='word_1_388' title='bbox 196 3730 387 3785; x_wconf 80' lang='lat' dir='ltr'><strong>diacono</strong></span> <span class='ocrx_word' id='word_1_389' title='bbox 426 3752 514 3803; x_wconf 86' lang='lat' dir='ltr'><strong>ep.</strong></span> <span class='ocrx_word' id='word_1_390' title='bbox 542 3736 645 3800; x_wconf 85' lang='lat'><strong>111,</strong></span> <span class='ocrx_word' id='word_1_391' title='bbox 674 3738 791 3787; x_wconf 89' lang='grc'><strong>110.</strong></span> <span class='ocrx_word' id='word_1_392' title='bbox 830 3737 911 3787; x_wconf 88' lang='lat' dir='ltr'><strong>ed.</strong></span> <span class='ocrx_word' id='word_1_393' title='bbox 938 3738 1135 3803; x_wconf 81' lang='lat' dir='ltr'><strong>Migne.</strong></span> <span class='ocrx_word' id='word_1_394' title='bbox 1172 3754 1223 3803; x_wconf 89' lang='lat' dir='ltr'><strong>p.</strong></span> <span class='ocrx_word' id='word_1_395' title='bbox 1250 3739 1367 3788; x_wconf 83' lang='lat'><strong>813.</strong></span> <span class='ocrx_word' id='word_1_396' title='bbox 1406 3738 1618 3788; x_wconf 87' lang='lat' dir='ltr'><strong>scribit:</strong></span> <span class='ocrx_word' id='word_1_397' title='bbox 1661 3738 2124 3803; x_wconf 83' lang='lat' dir='ltr'><strong>„Deuteroproton</strong></span> <span class='ocrx_word' id='word_1_398' title='bbox 2161 3738 2358 3788; x_wconf 88' lang='lat' dir='ltr'><strong>dictum</strong></span> <span class='ocrx_word' id='word_1_399' title='bbox 2396 3742 2492 3799; x_wconf 83' lang='lat' dir='ltr'><strong>est,</strong></span> <span class='ocrx_word' id='word_1_400' title='bbox 2531 3739 2660 3803; x_wconf 80' lang='lat' dir='ltr'><strong>quia</strong></span> 
     </span>
     <span class='ocr_line' id='line_1_37' title="bbox 196 3823 2657 3891; baseline 0.003 -23"><span class='ocrx_word' id='word_1_401' title='bbox 196 3824 425 3881; x_wconf 77' lang='lat' dir='ltr'><strong>posterius</strong></span> <span class='ocrx_word' id='word_1_402' title='bbox 450 3823 677 3891; x_wconf 85' lang='lat' dir='ltr'><strong>quidem</strong></span> <span class='ocrx_word' id='word_1_403' title='bbox 701 3824 789 3875; x_wconf 89' lang='lat' dir='ltr'><strong>die</strong></span> <span class='ocrx_word' id='word_1_404' title='bbox 812 3823 1055 3874; x_wconf 79' lang='lat' dir='ltr'><strong>Paschae</strong></span> <span class='ocrx_word' id='word_1_405' title='bbox 1081 3826 1305 3890; x_wconf 88' lang='lat' dir='ltr'><strong>primum</strong></span> <span class='ocrx_word' id='word_1_406' title='bbox 1333 3828 1509 3876; x_wconf 81' lang='lat' dir='ltr'><strong>autem</strong></span> <span class='ocrx_word' id='word_1_407' title='bbox 1536 3828 1890 3890; x_wconf 71' lang='lat' dir='ltr'><strong>azymorum-‘³</strong></span> <span class='ocrx_word' id='word_1_408' title='bbox 1930 3824 2126 3886; x_wconf 81' lang='lat' dir='ltr'><strong>Quinto</strong></span> <span class='ocrx_word' id='word_1_409' title='bbox 2151 3826 2216 3876; x_wconf 87' lang='lat' dir='ltr'><strong>V.</strong></span> <span class='ocrx_word' id='word_1_410' title='bbox 2243 3824 2447 3885; x_wconf 83' lang='lat' dir='ltr'><strong>Beda,</strong></span> <span class='ocrx_word' id='word_1_411' title='bbox 2475 3840 2657 3890; x_wconf 86' lang='lat' dir='ltr'><strong>expos.</strong></span> 
     </span>
     <span class='ocr_line' id='line_1_38' title="bbox 196 3904 2657 3976; baseline 0.003 -22"><span class='ocrx_word' id='word_1_412' title='bbox 196 3904 239 3954; x_wconf 85' lang='lat' dir='ltr'><strong>in</strong></span> <span class='ocrx_word' id='word_1_413' title='bbox 268 3907 385 3959; x_wconf 81' lang='lat' dir='ltr'><strong>Luc.</strong></span> <span class='ocrx_word' id='word_1_414' title='bbox 411 3912 461 3975; x_wconf 82' lang='lat'><strong>6,</strong></span> <span class='ocrx_word' id='word_1_415' title='bbox 502 3914 555 3961; x_wconf 83' lang='lat'><strong>1.</strong></span> <span class='ocrx_word' id='word_1_416' title='bbox 594 3910 699 3976; x_wconf 89' lang='lat' dir='ltr'><strong>Op.</strong></span> <span class='ocrx_word' id='word_1_417' title='bbox 737 3909 821 3961; x_wconf 89' lang='lat' dir='ltr'><strong>ed.</strong></span> <span class='ocrx_word' id='word_1_418' title='bbox 860 3910 975 3961; x_wconf 89' lang='lat' dir='ltr'><strong>Col.</strong></span> <span class='ocrx_word' id='word_1_419' title='bbox 1004 3912 1069 3973; x_wconf 85' lang='lat' dir='ltr'><strong>V,</strong></span> <span class='ocrx_word' id='word_1_420' title='bbox 1108 3914 1226 3963; x_wconf 81' lang='grc'><strong>279.</strong></span> <span class='ocrx_word' id='word_1_421' title='bbox 1254 3912 1567 3963; x_wconf 85' lang='lat' dir='ltr'><strong>-laudata</strong></span> <span class='ocrx_word' id='word_1_422' title='bbox 1601 3911 1826 3963; x_wconf 83' lang='lat' dir='ltr'><strong>Nicolao</strong></span> <span class='ocrx_word' id='word_1_423' title='bbox 1867 3912 1934 3963; x_wconf 86' lang='lat' dir='ltr'><strong>de</strong></span> <span class='ocrx_word' id='word_1_424' title='bbox 1969 3912 2100 3963; x_wconf 82' lang='lat' dir='ltr'><strong>Lira</strong></span> <span class='ocrx_word' id='word_1_425' title='bbox 2135 3911 2204 3962; x_wconf 78' lang='lat' dir='ltr'><strong>ad</strong></span> <span class='ocrx_word' id='word_1_426' title='bbox 2240 3911 2291 3961; x_wconf 87' lang='lat' dir='ltr'><strong>h.</strong></span> <span class='ocrx_word' id='word_1_427' title='bbox 2317 3911 2352 3962; x_wconf 95' lang='lat' dir='ltr'><strong>l.</strong></span> <span class='ocrx_word' id='word_1_428' title='bbox 2390 3910 2474 3962; x_wconf 88' lang='lat' dir='ltr'><strong>ed.</strong></span> <span class='ocrx_word' id='word_1_429' title='bbox 2499 3910 2657 3961; x_wconf 77' lang='lat' dir='ltr'><strong>Antv.</strong></span> 
     </span>
    </p>
   </div>
   <div class='ocr_carea' id='block_1_4' title="bbox 204 4030 587 4044">
    <p class='ocr_par' dir='ltr' id='par_1_4' title="bbox 204 4030 587 4044">
     <span class='ocr_line' id='line_1_39' title="bbox 204 4030 587 4044; baseline 0 1215"><span class='ocrx_word' id='word_1_430' title='bbox 204 4030 587 4044; x_wconf 95' lang='lat' dir='ltr'><strong> </strong></span> 
     </span>
    </p>
   </div>
   <div class='ocr_carea' id='block_1_5' title="bbox 200 4104 2660 4700">
    <p class='ocr_par' dir='ltr' id='par_1_5' title="bbox 200 4104 2660 4700">
     <span class='ocr_line' id='line_1_40' title="bbox 374 4104 2660 4171; baseline 0 -16"><span class='ocrx_word' id='word_1_431' title='bbox 374 4105 413 4169; x_wconf 89' lang='lat'><strong>¹)</strong></span> <span class='ocrx_word' id='word_1_432' title='bbox 462 4106 572 4167; x_wconf 81' lang='lat' dir='ltr'><strong>Qui</strong></span> <span class='ocrx_word' id='word_1_433' title='bbox 624 4108 806 4154; x_wconf 80' lang='lat' dir='ltr'><strong>autem</strong></span> <span class='ocrx_word' id='word_1_434' title='bbox 856 4120 1045 4155; x_wconf 87' lang='lat' dir='ltr'><strong>unum</strong></span> <span class='ocrx_word' id='word_1_435' title='bbox 1094 4106 1171 4155; x_wconf 88' lang='lat' dir='ltr'><strong>uti</strong></span> <span class='ocrx_word' id='word_1_436' title='bbox 1209 4122 1254 4156; x_wconf 91' lang='lat' dir='ltr'><strong>e.</strong></span> <span class='ocrx_word' id='word_1_437' title='bbox 1295 4122 1344 4171; x_wconf 88' lang='lat' dir='ltr'><strong>g.</strong></span> <span class='ocrx_word' id='word_1_438' title='bbox 1381 4106 1447 4156; x_wconf 88' lang='lat' dir='ltr'><strong>N.</strong></span> <span class='ocrx_word' id='word_1_439' title='bbox 1482 4105 1677 4169; x_wconf 83' lang='lat' dir='ltr'><strong>Manu,</strong></span> <span class='ocrx_word' id='word_1_440' title='bbox 1726 4105 1792 4155; x_wconf 90' lang='lat' dir='ltr'><strong>de</strong></span> <span class='ocrx_word' id='word_1_441' title='bbox 1839 4107 1981 4156; x_wconf 81' lang='lat' dir='ltr'><strong>veris</strong></span> <span class='ocrx_word' id='word_1_442' title='bbox 2017 4107 2171 4157; x_wconf 78' lang='lat' dir='ltr'><strong>annis</strong></span> <span class='ocrx_word' id='word_1_443' title='bbox 2206 4105 2258 4155; x_wconf 86' lang='lat' dir='ltr'><strong>J.</strong></span> <span class='ocrx_word' id='word_1_444' title='bbox 2299 4104 2358 4155; x_wconf 86' lang='lat' dir='ltr'><strong>C.</strong></span> <span class='ocrx_word' id='word_1_445' title='bbox 2400 4104 2569 4155; x_wconf 76' lang='lat' dir='ltr'><strong>natali</strong></span> <span class='ocrx_word' id='word_1_446' title='bbox 2606 4110 2660 4156; x_wconf 87' lang='lat' dir='ltr'><strong>et</strong></span> 
     </span>
     <span class='ocr_line' id='line_1_41' title="bbox 202 4192 2658 4259; baseline 0.002 -23"><span class='ocrx_word' id='word_1_447' title='bbox 202 4196 353 4240; x_wconf 77' lang='lat' dir='ltr'><strong>emort.</strong></span> <span class='ocrx_word' id='word_1_448' title='bbox 387 4192 513 4243; x_wconf 83' lang='lat' dir='ltr'><strong>diss.</strong></span> <span class='ocrx_word' id='word_1_449' title='bbox 550 4192 729 4242; x_wconf 88' lang='lat' dir='ltr'><strong>Lond.</strong></span> <span class='ocrx_word' id='word_1_450' title='bbox 760 4193 911 4241; x_wconf 83' lang='grc'><strong>1752.</strong></span> <span class='ocrx_word' id='word_1_451' title='bbox 948 4208 999 4257; x_wconf 88' lang='lat' dir='ltr'><strong>p.</strong></span> <span class='ocrx_word' id='word_1_452' title='bbox 1035 4194 1149 4243; x_wconf 87' lang='grc'><strong>169.</strong></span> <span class='ocrx_word' id='word_1_453' title='bbox 1177 4210 1250 4256; x_wconf 85' lang='lat' dir='ltr'><strong>s.;</strong></span> <span class='ocrx_word' id='word_1_454' title='bbox 1286 4194 1373 4243; x_wconf 84' lang='lat' dir='ltr'><strong>vel</strong></span> <span class='ocrx_word' id='word_1_455' title='bbox 1412 4194 1570 4244; x_wconf 83' lang='lat' dir='ltr'><strong>etiam</strong></span> <span class='ocrx_word' id='word_1_456' title='bbox 1607 4193 1730 4243; x_wconf 91' lang='lat' dir='ltr'><strong>duo</strong></span> <span class='ocrx_word' id='word_1_457' title='bbox 1767 4198 1972 4243; x_wconf 85' lang='lat' dir='ltr'><strong>tantum</strong></span> <span class='ocrx_word' id='word_1_458' title='bbox 2010 4192 2276 4243; x_wconf 80' lang='lat' dir='ltr'><strong>Paschsta</strong></span> <span class='ocrx_word' id='word_1_459' title='bbox 2312 4208 2355 4241; x_wconf 91' lang='lat' dir='ltr'><strong>e.</strong></span> <span class='ocrx_word' id='word_1_460' title='bbox 2395 4208 2445 4258; x_wconf 82' lang='lat' dir='ltr'><strong>g.</strong></span> <span class='ocrx_word' id='word_1_461' title='bbox 2469 4192 2658 4259; x_wconf 82' lang='lat' dir='ltr'><strong>Lamy,</strong></span> 
     </span>
     <span class='ocr_line' id='line_1_42' title="bbox 203 4278 2658 4346; baseline 0.002 -19"><span class='ocrx_word' id='word_1_462' title='bbox 203 4286 301 4340; x_wconf 62' lang='lat' dir='ltr'><strong>tpp.</strong></span> <span class='ocrx_word' id='word_1_463' title='bbox 334 4278 509 4331; x_wconf 85' lang='lat' dir='ltr'><strong>chron.</strong></span> <span class='ocrx_word' id='word_1_464' title='bbox 547 4279 621 4343; x_wconf 93' lang='lat'><strong>11,</strong></span> <span class='ocrx_word' id='word_1_465' title='bbox 650 4282 701 4329; x_wconf 83' lang='lat'><strong>6.</strong></span> <span class='ocrx_word' id='word_1_466' title='bbox 739 4294 793 4344; x_wconf 89' lang='lat' dir='ltr'><strong>p.</strong></span> <span class='ocrx_word' id='word_1_467' title='bbox 822 4280 937 4329; x_wconf 81' lang='lat'><strong>196.</strong></span> <span class='ocrx_word' id='word_1_468' title='bbox 964 4294 1007 4329; x_wconf 88' lang='lat' dir='ltr'><strong>s.</strong></span> <span class='ocrx_word' id='word_1_469' title='bbox 1056 4278 1251 4346; x_wconf 80' lang='lat' dir='ltr'><strong>Anger,</strong></span> <span class='ocrx_word' id='word_1_470' title='bbox 1290 4280 1357 4329; x_wconf 91' lang='lat' dir='ltr'><strong>de</strong></span> <span class='ocrx_word' id='word_1_471' title='bbox 1394 4284 1551 4345; x_wconf 86' lang='lat' dir='ltr'><strong>temp.</strong></span> <span class='ocrx_word' id='word_1_472' title='bbox 1589 4281 1646 4329; x_wconf 87' lang='lat' dir='ltr'><strong>in</strong></span> <span class='ocrx_word' id='word_1_473' title='bbox 1670 4280 1734 4329; x_wconf 79' lang='lat' dir='ltr'><strong>A.</strong></span> <span class='ocrx_word' id='word_1_474' title='bbox 1760 4296 1800 4330; x_wconf 87' lang='lat' dir='ltr'><strong>r.</strong></span> <span class='ocrx_word' id='word_1_475' title='bbox 1833 4298 1884 4346; x_wconf 88' lang='lat' dir='ltr'><strong>p.</strong></span> <span class='ocrx_word' id='word_1_476' title='bbox 1913 4282 1994 4331; x_wconf 82' lang='lat'><strong>28.</strong></span> <span class='ocrx_word' id='word_1_477' title='bbox 2032 4280 2172 4329; x_wconf 89' lang='lat' dir='ltr'><strong>inter</strong></span> <span class='ocrx_word' id='word_1_478' title='bbox 2206 4280 2422 4330; x_wconf 91' lang='lat' dir='ltr'><strong>Domini</strong></span> <span class='ocrx_word' id='word_1_479' title='bbox 2456 4280 2658 4345; x_wconf 86' lang='lat' dir='ltr'><strong>baptis-</strong></span> 
     </span>
     <span class='ocr_line' id='line_1_43' title="bbox 205 4365 2658 4433; baseline 0.001 -19"><span class='ocrx_word' id='word_1_480' title='bbox 205 4376 319 4414; x_wconf 81' lang='lat' dir='ltr'><strong>mum</strong></span> <span class='ocrx_word' id='word_1_481' title='bbox 351 4373 403 4416; x_wconf 85' lang='lat' dir='ltr'><strong>et</strong></span> <span class='ocrx_word' id='word_1_482' title='bbox 435 4369 549 4419; x_wconf 86' lang='lat' dir='ltr'><strong>eius</strong></span> <span class='ocrx_word' id='word_1_483' title='bbox 586 4371 815 4417; x_wconf 87' lang='lat' dir='ltr'><strong>mortem</strong></span> <span class='ocrx_word' id='word_1_484' title='bbox 853 4365 1007 4432; x_wconf 79' lang='lat' dir='ltr'><strong>lapsa</strong></span> <span class='ocrx_word' id='word_1_485' title='bbox 1043 4382 1161 4418; x_wconf 86' lang='lat' dir='ltr'><strong>esse</strong></span> <span class='ocrx_word' id='word_1_486' title='bbox 1199 4368 1419 4431; x_wconf 82' lang='lat' dir='ltr'><strong>docent3</strong></span> <span class='ocrx_word' id='word_1_487' title='bbox 1464 4382 1548 4417; x_wconf 87' lang='lat' dir='ltr'><strong>res</strong></span> <span class='ocrx_word' id='word_1_488' title='bbox 1587 4366 1782 4418; x_wconf 84' lang='lat' dir='ltr'><strong>Christi</strong></span> <span class='ocrx_word' id='word_1_489' title='bbox 1819 4372 2110 4433; x_wconf 86' lang='lat' dir='ltr'><strong>temporum</strong></span> <span class='ocrx_word' id='word_1_490' title='bbox 2149 4367 2410 4432; x_wconf 81' lang='lat' dir='ltr'><strong>angustiis</strong></span> <span class='ocrx_word' id='word_1_491' title='bbox 2444 4372 2658 4433; x_wconf 81' lang='lat' dir='ltr'><strong>cogunt.</strong></span> 
     </span>
     <span class='ocr_line' id='line_1_44' title="bbox 206 4448 2658 4521; baseline 0.001 -19"><span class='ocrx_word' id='word_1_492' title='bbox 206 4448 289 4509; x_wconf 81' lang='lat' dir='ltr'><strong>Qui</strong></span> <span class='ocrx_word' id='word_1_493' title='bbox 320 4459 487 4505; x_wconf 80' lang='lat' dir='ltr'><strong>sutem</strong></span> <span class='ocrx_word' id='word_1_494' title='bbox 524 4456 771 4521; x_wconf 84' lang='lat' dir='ltr'><strong>quinque</strong></span> <span class='ocrx_word' id='word_1_495' title='bbox 805 4453 1070 4519; x_wconf 78' lang='lat' dir='ltr'><strong>paschata</strong></span> <span class='ocrx_word' id='word_1_496' title='bbox 1104 4455 1599 4516; x_wconf 86' lang='lat' dir='ltr'><strong>comminiscuntur,</strong></span> <span class='ocrx_word' id='word_1_497' title='bbox 1644 4455 1856 4520; x_wconf 86' lang='lat' dir='ltr'><strong>longius</strong></span> <span class='ocrx_word' id='word_1_498' title='bbox 1891 4454 1969 4503; x_wconf 89' lang='lat' dir='ltr'><strong>illi</strong></span> <span class='ocrx_word' id='word_1_499' title='bbox 2017 4467 2187 4503; x_wconf 83' lang='lat' dir='ltr'><strong>anuos</strong></span> <span class='ocrx_word' id='word_1_500' title='bbox 2237 4453 2431 4504; x_wconf 86' lang='lat' dir='ltr'><strong>Christi</strong></span> <span class='ocrx_word' id='word_1_501' title='bbox 2467 4454 2658 4521; x_wconf 88' lang='lat' dir='ltr'><strong>produ-</strong></span> 
     </span>
     <span class='ocr_line' id='line_1_45' title="bbox 209 4540 2658 4607; baseline 0.003 -22"><span class='ocrx_word' id='word_1_502' title='bbox 209 4546 311 4588; x_wconf 75' lang='lat' dir='ltr'><strong>cunt</strong></span> <span class='ocrx_word' id='word_1_503' title='bbox 342 4542 451 4591; x_wconf 86' lang='lat' dir='ltr'><strong>sine</strong></span> <span class='ocrx_word' id='word_1_504' title='bbox 482 4542 782 4595; x_wconf 82' lang='lat' dir='ltr'><strong>sufficienti</strong></span> <span class='ocrx_word' id='word_1_505' title='bbox 820 4542 1043 4591; x_wconf 84' lang='lat' dir='ltr'><strong>ratione.</strong></span> <span class='ocrx_word' id='word_1_506' title='bbox 1092 4542 1238 4607; x_wconf 84' lang='lat' dir='ltr'><strong>Lege</strong></span> <span class='ocrx_word' id='word_1_507' title='bbox 1274 4541 1377 4592; x_wconf 88' lang='lat' dir='ltr'><strong>hac</strong></span> <span class='ocrx_word' id='word_1_508' title='bbox 1413 4540 1479 4591; x_wconf 87' lang='lat' dir='ltr'><strong>de</strong></span> <span class='ocrx_word' id='word_1_509' title='bbox 1516 4558 1573 4591; x_wconf 85' lang='lat' dir='ltr'><strong>re</strong></span> <span class='ocrx_word' id='word_1_510' title='bbox 1609 4543 1654 4591; x_wconf 87' lang='lat' dir='ltr'><strong>si</strong></span> <span class='ocrx_word' id='word_1_511' title='bbox 1691 4542 1841 4591; x_wconf 81' lang='lat' dir='ltr'><strong>lubet</strong></span> <span class='ocrx_word' id='word_1_512' title='bbox 1877 4541 1934 4593; x_wconf 87' lang='lat' dir='ltr'><strong>C.</strong></span> <span class='ocrx_word' id='word_1_513' title='bbox 1965 4540 2270 4605; x_wconf 69' lang='lat' dir='ltr'><strong>Beronium‚</strong></span> <span class='ocrx_word' id='word_1_514' title='bbox 2309 4541 2380 4591; x_wconf 84' lang='lat' dir='ltr'><strong>ad</strong></span> <span class='ocrx_word' id='word_1_515' title='bbox 2413 4556 2462 4591; x_wconf 79' lang='lat' dir='ltr'><strong>a.</strong></span> <span class='ocrx_word' id='word_1_516' title='bbox 2490 4540 2548 4590; x_wconf 82' lang='lat' dir='ltr'><strong>C.</strong></span> <span class='ocrx_word' id='word_1_517' title='bbox 2575 4542 2658 4593; x_wconf 83' lang='lat'><strong>31.</strong></span> 
     </span>
     <span class='ocr_line' id='line_1_46' title="bbox 200 4627 785 4700; baseline 0.015 -30"><span class='ocrx_word' id='word_1_518' title='bbox 200 4637 239 4669; x_wconf 86' lang='lat' dir='ltr'><strong>n.</strong></span> <span class='ocrx_word' id='word_1_519' title='bbox 270 4627 341 4675; x_wconf 79' lang='lat'><strong>36.</strong></span> <span class='ocrx_word' id='word_1_520' title='bbox 374 4642 485 4700; x_wconf 75' lang='lat' dir='ltr'><strong>seq.</strong></span> <span class='ocrx_word' id='word_1_521' title='bbox 522 4631 568 4694; x_wconf 87' lang='lat' dir='ltr'><strong>I,</strong></span> <span class='ocrx_word' id='word_1_522' title='bbox 612 4632 699 4681; x_wconf 84' lang='grc'><strong>76.</strong></span> <span class='ocrx_word' id='word_1_523' title='bbox 742 4643 785 4679; x_wconf 88' lang='lat' dir='ltr'><strong>s.</strong></span> 
     </span>
    </p>
   </div>
  </div>
 </body>
</html>
