3267 5259
1170 460 1407 503 Concilium
1432 460 1749 513 Apostolorum.
2507 516 2512 521 ,
2580 451 2707 514 353

217 642 282 697 et
343 655 477 719 quo
546 632 801 698 facilius
852 633 919 697 hi
976 656 1123 698 cum
1169 632 1293 697 illis
1345 636 1411 698 in
1470 656 1671 699 unum
1719 644 1979 699 coetum
2028 636 2532 721 coniungantur,
2588 660 2709 723 per

210 744 434 810 literas
482 744 566 809 ab
612 746 691 809 iis
737 745 1136 831 exigendum
1180 745 1355 811 fore:
1417 756 1490 812 ut
1534 770 1573 811 a
1620 747 1988 813 carnibus
2035 748 2204 813 Diis
2251 748 2704 832 immolatis,

215 860 743 939 scortatione,
790 859 1195 924 suffocato
1246 869 1311 924 et
1358 862 1740 945 sanguine
1789 859 2190 926 abstinerent
2213 866 2250 926 ¹.
2328 860 2706 927 Secundum

214 970 379 1035 haec
415 973 747 1035 communi
781 970 1042 1037 concilii
1073 972 1338 1038 decreto
1373 975 1693 1038 sancitum
1727 983 1853 1039 est:
1894 974 2183 1057 ,Visum
2217 984 2332 1039 est
2364 973 2707 1061 Spiritui

216 1084 559 1150 Sanct02
628 1096 703 1149 et
770 1085 1033 1169 nobiS,
1114 1086 1309 1151 nihil
1377 1085 1586 1152 ultra
1653 1090 2062 1175 imp‘onere
2131 1087 2356 1153 vobis
2414 1090 2705 1173 oneriS,

216 1220 447 1282 quam
480 1198 1255 1264 haecnecessariaz³
1297 1210 1380 1263 ut
1425 1199 1912 1265 abstineatis
1955 1224 2096 1266 vos
2143 1200 2234 1265 ab
2281 1200 2706 1265 immolatis

216 1309 821 1375 simulacrorum
872 1321 948 1376 et
986 1312 1370 1397 sanguine
1420 1321 1493 1377 et
1537 1314 1930 1378 suffocato
1980 1323 2056 1379 et
2103 1314 2706 1378 fornicatione!

214 1422 293 1487 In
358 1422 619 1487 concilii
680 1427 1069 1489 sententiam
1131 1425 1449 1511 synodica
1512 1424 1597 1489 ad
1657 1426 2106 1491 Antiochenos
2169 1435 2234 1490 et
2293 1425 2580 1513 reliquos
2640 1428 2706 1491 in

218 1534 413 1622 Syria
478 1536 716 1602 fratres
782 1537 1111 1621 scribitur,
1189 1562 1385 1626 quam
1450 1541 1689 1626 primis
1761 1542 1828 1604 in
1895 1540 2198 1605 Ecclesia
2267 1540 2422 1605 viris
2489 1540 2705 1605 Judae

218 1662 661 1735 cognomento
699 1650 1034 1716 Barsabae
1085 1661 1150 1717 et
1194 1652 1387 1736 Silae,
1437 1676 1586 1717 cum
1616 1653 1822 1719 Paulo
1859 1664 1924 1719 et
1953 1652 2262 1718 Barnaba
2291 1652 2704 1719 Antiochiam

214 1762 687 1849 perferendam
732 1764 1142 1829 tradiderunt
1160 1768 1204 1829 ⁴.
1256 1763 1384 1845 Qui
1431 1788 1581 1830 cum
1610 1766 2029 1831 Antiochiam
2075 1768 2407 1831 venissent
2451 1765 2708 1830 reddita

219 1887 287 1941 et
331 1875 505 1941 lecta
565 1876 881 1962 synodica
940 1878 1217 1963 gentiles
1275 1878 1644 1965 neophytos
1706 1902 1956 1945 summo
2023 1880 2387 1944 affecerunt
2444 1878 2705 1963 gaudio,

210 1987 515 2053 libertate
550 2012 747 2075 quam
778 1988 1071 2055 Christus
1101 2000 1469 2076 pepererat,
1500 1994 1764 2078 potitos,
1795 1992 1948 2056 Non
1976 1992 2178 2056 multo
2212 2000 2361 2077 post
2389 2014 2438 2055 s,
2472 1992 2706 2056 Petrus

212 2100 597 2166 invisendae
642 2100 985 2167 Ecclesiae
1030 2102 1449 2167 Antiochiam
1495 2126 1564 2167 se
1613 2103 1917 2188 contulit3
1963 2102 2184 2189 ibique
2231 2127 2385 2167 usus
2419 2103 2708 2168 fidelium

212 2237 301 2279 ex
348 2213 699 2299 gentilibus
760 2215 846 2279 ad
893 2214 1132 2280 Christi
1192 2239 1385 2280 sacra
1442 2219 1774 2281 conversis
1839 2216 2340 2299 consuetudine,
2401 2216 2703 2302 neglecto

213 2326 587 2391 discrimine
637 2327 1029 2391 mundorum
1079 2339 1145 2392 et
1186 2328 1698 2413 immundorum,
1748 2330 1928 2394 cibos
1977 2353 2124 2395 cum
2164 2331 2240 2393 iis
2290 2352 2525 2415 capere
2573 2352 2706 2393 non

212 2438 556 2503 dubitavit.
626 2439 760 2504 Ubi
807 2441 895 2505 ita
941 2441 1255 2505 familiare
1306 2464 1455 2506 cum
1499 2441 2196 2507 Ethnico-Christianis
2244 2444 2704 2507 commercium

212 2552 509 2635 haberet,
542 2552 835 2617 nonnulli
868 2577 903 2617 e
939 2564 1132 2618 coetu
1162 2553 1548 2639 solymitano
1568 2558 1593 2597 ⁵
1622 2555 1882 2638 Judaei,
1917 2558 2026 2641 qui
2058 2578 2188 2619 una
2219 2578 2370 2619 cum
2401 2556 2703 2638 Evange-

210 2665 299 2728 lio
326 2664 564 2750 legalia
590 2663 1030 2730 observabant
1051 2669 1343 2731 instituta
1359 2677 1857 2732 murmurarunt.
1889 2668 2119 2732 Petrus
2146 2691 2370 2733 eorum
2393 2667 2704 2731 invidiam

211 2776 677 2861 declinaturus,
728 2780 947 2865 coepit
985 2802 1128 2843 sese
1188 2802 1273 2843 ex
1312 2780 1913 2845 incircumcisorum
1959 2782 2220 2845 arctiori
2268 2778 2701 2844 familiaritate

428 3090 465 3153 ¹)
516 3088 703 3155 Neque
759 3088 1047 3141 Christiani
1101 3090 1277 3141 studio
1332 3090 1492 3156 Legis
1548 3089 1749 3141 addicti
1804 3095 2122 3155 querantur:
2183 3090 2423 3155 Moysem
2477 3092 2700 3157 eiusque

208 3176 458 3225 instituta
494 3176 727 3241 aboleri,
772 3178 988 3242 Moyses
1026 3177 1165 3227 enim
1205 3194 1304 3227 ceu
1340 3176 1503 3227 Liber
1543 3176 1752 3227 divinus
1789 3177 2010 3242 singulis
2055 3177 2292 3229 sabbatis
2331 3177 2525 3242 legitur
2559 3177 2700 3243 lege-

208 3270 427 3328 turque.
502 3262 541 3329 ²)
588 3264 872 3313 Auctorem
918 3262 1118 3313 decreti
1166 3264 1405 3329 allegant
1450 3262 1703 3328 Spiritum
1750 3262 2019 3313 Sanctum.
2082 3263 2424 3313 Concludunt
2458 3263 2704 3329 Apostoli

209 3367 239 3400 e
266 3351 613 3415 suggestione
652 3348 879 3415 Spiritus
918 3350 989 3413 S„
1029 3366 1184 3416 quein
1210 3349 1451 3401 Christus
1490 3350 1595 3400 illis
1632 3352 1964 3416 promiserat,
1990 3356 2051 3399 ut
2075 3366 2166 3400 eos
2194 3366 2400 3399 omnem
2425 3351 2702 3399 veritatem

209 3436 448 3487 doceret.
496 3436 560 3486 V.
596 3454 647 3502 p.
688 3439 804 3487 121.
844 3440 961 3487 175.
996 3454 1037 3488 s.
1098 3436 1309 3487 Deinde
1358 3437 1591 3487 addunt:
1641 3442 1728 3499 „et
1773 3437 1978 3499 nobis“,
2028 3452 2162 3502 quos
2199 3436 2339 3486 idem
2377 3435 2603 3502 Spiritus
2648 3435 2700 3485 S.

208 3524 395 3587 posuit
430 3538 613 3589 regere
650 3523 951 3574 Ecclesiam
986 3524 1103 3588 Dei,
1145 3530 1197 3574 et
1234 3525 1427 3590 quibus
1473 3526 1823 3574 meminerant
1865 3523 2064 3574 dictum
2101 3540 2219 3574 esse
2256 3539 2290 3573 a
2327 3522 2536 3573 Christo
2577 3525 2702 3589 „qui

208 3624 309 3659 vos
348 3609 501 3659 audit
534 3626 618 3660 me
655 3610 853 3660 audit.“
904 3610 1098 3661 Joann.
1128 3614 1209 3673 14,
1238 3614 1321 3661 26.
1358 3611 1474 3661 Act.
1501 3614 1583 3674 20,
1612 3612 1694 3660 28.
1733 3612 1863 3660 Luc.
1894 3613 1974 3673 10,
2003 3612 2083 3659 16.
2133 3611 2291 3660 Tales
2318 3615 2444 3661 sunt
2468 3612 2700 3660 omnium

210 3696 579 3747 conciliorum
616 3695 949 3749 definitiones
985 3698 1041 3747 in
1066 3696 1314 3749 Ecclesia
1353 3697 1646 3748 Catholica.
1696 3697 1743 3747 E
1777 3697 2020 3747 doctrina
2049 3696 2276 3762 Spiritus
2304 3696 2355 3747 S.
2389 3702 2442 3747 et
2465 3697 2702 3761 legitima

208 3784 559 3846 auctoritate,
608 3798 769 3849 quam
814 3784 979 3834 veluti
1018 3783 1285 3835 Christum
1330 3784 1513 3834 audire
1552 3784 1830 3844 debemus,
1880 3785 2058 3833 omnia
2094 3776 2402 3834 decernunt.
2464 3784 2698 3845 Quorum

207 3869 411 3919 iudicio
448 3870 551 3920 nisi
586 3870 892 3936 simpliciter
929 3872 1343 3936 acquiescimus,
1381 3875 1459 3921 tot
1496 3876 1652 3920 erunt
1687 3872 1740 3919 in
1776 3870 2024 3920 Ecclesia
2060 3870 2364 3931 schismata,
2409 3876 2540 3935 quot
2576 3874 2701 3919 sunt

210 3962 393 4007 astuta
431 3962 485 4007 et
520 3958 761 4022 inquieta
805 3957 1074 4007 hominum
1122 3960 1315 4023 capita.
1392 3956 1431 4023 ³)
1470 3957 1678 4007 Sonant
1723 3956 1896 4007 adhuc
1942 3957 2138 4007 clarius
2184 3956 2318 4006 haec
2365 3956 2530 4006 verba
2571 3954 2700 4021 legi-

206 4046 395 4093 timam
432 4048 485 4093 et
522 4048 719 4093 certam
757 4045 1036 4110 apostolici
1074 4044 1273 4095 decreti
1310 4046 1706 4107 auctoritatem,
1760 4045 1846 4093 cui
1883 4059 1917 4093 a
1951 4042 2198 4094 fidelibus
2235 4044 2538 4093 necessario
2577 4042 2701 4091 obe-

208 4130 467 4181 diendum
502 4130 621 4180 fuit.
684 4130 897 4191 „Onus“
946 4136 1143 4181 vocant
1189 4132 1397 4181 ratione
1433 4132 1733 4197 praecepti3
1785 4130 2152 4191 „necessaria“
2196 4130 2378 4179 dicunt
2423 4145 2531 4177 non
2576 4128 2702 4193 quia

210 4234 277 4267 ex
314 4232 415 4268 sua
451 4224 645 4267 natura
682 4222 735 4267 et
770 4219 1089 4269 necessitate
1128 4217 1246 4267 finis
1284 4246 1349 4253 —
1388 4217 1505 4267 sola
1541 4221 1768 4283 excepta
1807 4216 2160 4266 fornicatione
2197 4244 2263 4253 —
2302 4232 2483 4265 eorum
2522 4215 2700 4265 obser-

208 4306 356 4353 vatio
393 4305 700 4355 necessaria
737 4309 876 4367 erat,
924 4304 1017 4354 sed
1055 4306 1183 4370 quia
1221 4309 1485 4370 quatenus
1524 4304 1593 4354 ad
1630 4308 1840 4370 tempus
1885 4308 2172 4369 praecepta
2208 4330 2274 4339 —
2315 4306 2374 4352 ut
2411 4303 2700 4352 rectissime

208 4390 445 4441 advertit
479 4391 577 4440 Th.
614 4389 974 4455 Stapletonus,
1011 4390 1267 4441 Antidota
1301 4392 1357 4439 in
1394 4390 1529 4440 Acta
1564 4390 1957 4456 Apostolorum,
1997 4407 2082 4456 op.
2122 4390 2203 4439 ed.
2243 4390 2363 4439 Par.
2402 4390 2552 4439 1620.
2601 4388 2699 4450 ΙΙΙ,

207 4480 332 4527 449.
356 4504 452 4539 -,
480 4480 535 4526 et
572 4490 739 4526 causa
773 4478 1047 4541 praecepti
1084 4478 1313 4542 vigente,
1354 4479 1656 4527 necessario
1693 4478 2013 4527 necessitate
2050 4477 2320 4543 praecepti
2365 4476 2702 4526 observanda

208 4579 245 4613 a
284 4562 537 4615 fidelibus
576 4568 744 4613 erant.
819 4564 861 4627 ⁴)
900 4564 983 4612 Ex
1021 4566 1283 4614 communi
1322 4563 1588 4630 suffragia
1663 4564 1704 4630 ⁵)
1745 4562 1910 4614 Cuius
1947 4562 2110 4614 Urbis
2149 4580 2189 4615 s.
2217 4563 2458 4614 Jacobus
2495 4565 2698 4629 episco-

208 4666 339 4716 pum
374 4651 589 4716 agebat.

312 4742 519 4791 Danko,
550 4742 669 4783 nint.
702 4740 995 4783 Revelationi·
1023 4742 1211 4783 divinae.
1240 4742 1297 4783 11.
2325 4740 2390 4786 23
