3267 5259
591 474 718 537 342
1336 486 1451 527 Hist.
1482 486 1588 528 Rev.
1619 486 1712 528 div.
1741 486 1910 527 Pei-iod.
1939 486 1994 527 11.
2013 496 2107 537 cap.
2137 486 2334 537 primum.

591 662 874 713 admodum
912 663 961 711 h.
1000 663 1035 711 l.
1074 668 1128 711 et
1164 678 1325 729 saepe
1362 664 1535 728 inquit
1571 663 1876 728 Apostolus,
1929 664 1974 713 E
2001 662 2224 729 reliquis
2261 664 2557 725 sententiis,
2608 678 2746 727 quas
2783 662 2871 712 hic
2905 680 3074 713 recen-

590 766 708 799 sere
734 765 834 799 nec
857 756 1032 812 vacat,
1072 765 1169 799 nec
1195 750 1389 814 placet,
1428 750 1567 799 duae
1592 754 1720 799 sunt
1741 750 1993 815 potiores.
2043 750 2166 799 Una
2193 764 2330 815 quae
2365 766 2476 799 rem
2511 765 2725 799 omnem
2751 750 2822 799 ad
2847 752 3076 800 morbum

594 838 831 902 corporis
872 836 1046 886 refert.
1109 837 1361 886 Veterum
1399 838 1503 885 iam
1550 852 1658 886 non
1707 851 1908 901 paucos
1947 838 2014 887 de
2051 838 2244 902 capitis
2291 836 2476 886 dolore
2521 837 2792 901 cogitasse
2840 838 3078 886 observat

592 924 905 985 Cotelerius,
932 926 989 973 in
1014 929 1121 973 not.
1148 924 1217 973 ad
1240 924 1384 973 Mon.
1412 924 1559 973 Eccl.
1586 940 1662 989 gr.
1689 924 1731 986 1,
1762 925 1879 974 756.
1918 923 2040 973 coll.
2065 942 2118 990 p.
2145 926 2262 973 252.
2311 922 2458 973 Idem
2483 928 2704 973 sumunt
2733 924 2838 973 Th.
2862 925 3076 974 Bartho-

588 1013 755 1073 linus,
807 1011 873 1061 de
920 1012 1118 1061 morbis
1164 1011 1293 1061 bibl.
1343 1028 1396 1077 p.
1436 1012 1550 1060 106.
1612 1010 1674 1059 L.
1720 1011 2022 1074 Bettholdt,
2075 1011 2200 1061 diss.
2243 1027 2288 1060 c.
2333 1026 2374 1059 s.
2423 1010 2496 1060 11.
2539 1010 2652 1060 Erl.
2699 1012 2856 1061 1821.
2911 1029 2962 1077 p.
3005 1016 3078 1062 14.

590 1100 674 1148 W.
708 1099 909 1165 Meyer,
946 1098 1025 1148 kr.
1065 1114 1129 1148 ex
1164 1098 1232 1148 Η.
1266 1087 1335 1148 U.
1371 1097 1419 1147 d.
1454 1098 1523 1147 11.
1562 1097 1621 1147 B.
1661 1112 1710 1148 a.
1759 1098 1845 1147 die
1891 1098 2018 1148 Kor.
2058 1098 2201 1149 (ἔδει.
2239 1099 2390 1148 1856.
2427 1116 2480 1163 p.
2516 1099 2635 1147 285.
2695 1098 2954 1157 Redslob,
2991 1100 3076 1147 das

590 1186 903 1251 Mysterium
939 1185 990 1235 d.
1018 1184 1182 1235 Stelle
1217 1186 1287 1235 11.
1322 1186 1448 1235 Kor.
1488 1187 1567 1248 12,
1605 1188 1790 1236 1—10.
1829 1186 2021 1234 Hamb.
2063 1186 2210 1236 1860.
2259 1184 2320 1235 A.
2355 1185 2542 1247 Maier,
2581 1184 2632 1234 d.
2671 1201 2770 1234 zw.
2809 1185 2902 1234 Br.
2937 1186 3076 1234 Pauli

593 1288 663 1322 an
702 1272 751 1321 d.
776 1273 903 1322 Kor.
941 1287 992 1338 p.
1020 1274 1139 1321 221.
1166 1288 1207 1321 s.
1258 1272 1311 1321 J.
1339 1271 1398 1321 C.
1426 1272 1484 1320 C.
1513 1272 1802 1334 Hofmann,
1830 1272 1879 1321 d.
1907 1288 2002 1321 zw.
2040 1271 2128 1322 Br.
2153 1272 2214 1321 P.
2241 1286 2290 1321 a.
2319 1270 2368 1320 d.
2395 1272 2521 1320 Kor.
2561 1288 2613 1336 p.
2639 1274 2765 1322 308.
2793 1288 2837 1321 s.
2893 1272 3078 1321 Verum

592 1360 720 1409 licet
755 1358 888 1408 haec
927 1360 1106 1423 opinio
1140 1375 1248 1408 non
1284 1360 1398 1409 sine
1435 1359 1676 1408 veritatis
1713 1360 1892 1423 specie
1931 1358 2264 1419 defendatur,
2303 1358 2610 1407 accuratius
2647 1372 2893 1423 expensa
2927 1358 3078 1408 colla-

595 1447 751 1496 bitur.
811 1446 977 1495 Nulla
1012 1447 1151 1495 enim
1192 1449 1415 1510 apparet
1450 1446 1586 1494 ratio
1633 1460 1730 1494 cur
1764 1445 2078 1511 Apostolus,
2127 1446 2170 1495 si
2209 1460 2396 1495 revera
2433 1444 2500 1493 de
2543 1446 2734 1513 morbo
2777 1446 3080 1511 loqueretur

592 1534 806 1599 proprie
852 1534 929 1582 sic
979 1531 1147 1593 dieto,
1198 1548 1307 1581 non
1354 1534 1531 1597 potius
1579 1527 1722 1581 νόσον
1769 1531 1857 1581 vel
1907 1532 2104 1593 simile,
2155 1545 2314 1597 quam
2361 1531 2620 1596 colaphos
2667 1534 2962 1597 scripserit.
3031 1532 3080 1580 Si

592 1619 809 1669 morbus
846 1619 1041 1683 aliquis
1079 1620 1286 1669 etiamsi
1322 1620 1667 1683 gravissimus
1705 1618 1832 1681 fuit,
1881 1634 1989 1667 non
2027 1618 2161 1667 adeo
2201 1616 2650 1667 extraordinarius
2691 1624 2840 1681 erat,
2879 1619 3080 1684 qualem

592 1705 795 1755 Paulus
831 1711 1009 1755 tamen
1057 1707 1268 1770 omnino
1316 1705 1479 1755 fuisse
1526 1710 1744 1770 propter
1790 1710 2168 1770 exsuperantes
2215 1702 2572 1754 revelationes
2617 1704 2906 1771 sig-nificat.
2967 1706 3082 1771 Ipsa

597 1793 805 1842 demum
841 1791 1085 1856 Apostoli
1133 1790 1456 1856 deprecati0‚
1496 1798 1550 1841 et
1583 1806 1898 1856 responsum
1935 1791 2166 1850 Domini,
2206 1791 2275 1839 ad
2313 1790 2460 1840 aliud
2509 1790 2780 1841 difficilius
2819 1797 3080 1841 certamen

597 1878 882 1929 deducunt.
936 1878 1117 1928 Altera
1152 1880 1419 1928 sententia
1442 1878 1509 1927 ad
1536 1878 1866 1928 calamitates
1903 1878 2081 1927 varias
2107 1878 2176 1927 ab
2205 1877 2528 1927 adversariis
2567 1878 2832 1929 toleratas
2855 1881 3082 1945 respicit.
3139 1918 3146 1927 .

594 1966 747 2015 Haec
784 1966 987 2030 placuit
1022 1964 1441 2026 LakemacherO,
1481 1964 1611 2013 Obs.
1647 1964 1775 2029 phil.
1810 1963 1853 2024 Ι,
1885 1966 1932 2012 5.
1973 1962 2037 2012 de
2073 1963 2197 2029 palo
2235 1966 2384 2012 carni
2423 1964 2580 2013 Pauli
2618 1964 2764 2027 datu,
2805 1982 2859 2031 p.
2899 1968 3012 2015 111.
3045 1982 3081 2015 s.

594 2053 677 2103 W.
716 2053 913 2115 Cave0,
948 2052 1122 2116 Antiq.
1159 2053 1341 2115 Apost.
1378 2051 1523 2115 Lips.
1564 2053 1712 2101 1696.
1751 2068 1801 2115 p.
1841 2051 1958 2100 427.
2017 2049 2316 2113 Fritzsche,
2357 2050 2426 2099 de
2461 2051 2702 2100 nonnull.
2745 2058 2888 2117 post.
2925 2054 2985 2101 P.
3019 2052 3080 2101 ad

596 2138 717 2188 Cor.
756 2155 837 2204 ep.
882 2138 983 2187 loc.
1028 2137 1154 2189 diss.
1198 2137 1345 2203 Lips.
1386 2140 1534 2188 1824.
1579 2138 1652 2201 11,
1691 2140 1806 2189 130.
1845 2155 1886 2188 s.
1949 2138 2053 2187 Sed
2099 2138 2402 2188 huiusmodi
2451 2140 2824 2204 interpretatio
2874 2141 3082 2188 nimium

594 2225 795 2275 recedit
844 2240 877 2274 a
928 2227 1149 2291 propria
1202 2225 1485 2275 verborum
1539 2230 1822 2291 potestate.
1899 2226 2003 2275 Res
2053 2240 2212 2290 quam
2269 2226 2380 2291 agit
2433 2226 2660 2287 Paulus,
2717 2226 2806 2275 vel
2865 2227 3082 2275 maxime

594 2317 875 2377 repugnat,
922 2326 1023 2361 nec
1061 2311 1357 2377 exemplum
1405 2314 1579 2360 exstat
1613 2311 1974 2362 locutionibus
2011 2310 2062 2361 h.
2099 2312 2132 2360 l.
2173 2312 2347 2361 obviis
2391 2312 2618 2363 iniurias
2663 2313 2734 2361 ab
2786 2312 3082 2362 hominibus

593 2399 770 2449 illatas
808 2401 997 2449 notari.
1050 2400 1122 2449 Ut
1157 2404 1446 2462 taceamus,
1487 2398 1630 2463 quod
1665 2398 1956 2463 Apostolus
1995 2414 2112 2448 cum
2151 2398 2216 2448 de
2251 2398 2432 2449 multis
2468 2399 2738 2465 loquatur,
2776 2416 2890 2449 non
2917 2408 3083 2449 tamen

596 2486 787 2536 dixerit
823 2486 1042 2552 angelos
1080 2485 1174 2535 sed
1212 2485 1482 2551 angelum,
1536 2490 1590 2536 et
1636 2484 1903 2535 addiderit
1947 2484 2214 2535 stimulum
2263 2484 2406 2535 huuc
2449 2487 2506 2534 in
2553 2501 2714 2536 carne
2751 2497 2858 2537 sua
2895 2487 3082 2536 datum.

594 2574 817 2623 Accedit
854 2573 1082 2638 denique
1119 2573 1254 2623 alios
1294 2589 1506 2638 quoque
1542 2572 1826 2638 Evangelii
1861 2587 2154 2638 praecones
2193 2578 2534 2638 sanctosque⁴
2561 2575 2706 2622 viros
2743 2588 2938 2639 passos
2973 2590 3082 2623 esse

593 2662 730 2711 tales
768 2662 943 2711 carnis
979 2662 1217 2711 iniurias.

647 2914 706 2991 ξ.
754 2914 856 2977 69.
915 2910 999 2973 Ι).
1047 2910 1265 2973 Petri
1309 2910 1674 2996 Apostoli
1719 2912 1869 2974 iter
1913 2911 2336 2975 Romanum
2385 2922 2459 2975 et
2506 2914 3045 2999 episcopatus.

804 3082 895 3147 Ut
940 3082 1026 3147 ad
1056 3084 1240 3168 regni
1286 3084 1385 3146 sui
1433 3106 1656 3148 curam
1703 3083 1894 3148 rediit
1939 3106 2058 3147 rex
2090 3084 2500 3150 Judaeorum
2537 3084 2848 3151 Herodes
2875 3089 2914 3167 ¹,
2961 3108 3082 3171 quo

598 3218 821 3261 eorum
870 3197 1120 3259 animos
1166 3194 1286 3259 sibi
1320 3195 1717 3277 devinceret,
1767 3196 2092 3261 ‚Iacobum
2111 3198 2154 3278 ²,
2203 3196 2453 3261 nefarie
2488 3198 2704 3282 gladio
2741 3200 3082 3263 interemit.

594 3309 773 3373 Petri
806 3330 1067 3394 quoque
1101 3330 1333 3372 necem
1368 3309 1800 3393 gratissimam
1843 3309 1984 3374 fore
2017 3308 2059 3374 J
2063 3308 2288 3373 udaeis
2333 3309 2761 3395 intelligebat,
2807 3310 3080 3397 ideoque.

598 3443 745 3484 eum
794 3422 1041 3485 carceri
1094 3423 1511 3507 mancipavit.
1588 3421 1752 3486 Post
1793 3421 2146 3486 Paschales
2193 3422 2388 3487 ferias
2443 3422 2768 3509 supplicio
2825 3423 3082 3487 afficere

598 3535 1052 3615 constituerat,
1112 3535 1230 3597 nisi
1276 3535 1535 3619 tyranni
1582 3536 1920 3599 saevitiam
1964 3534 2378 3621 providentia
2423 3535 2550 3599 Dei
2597 3538 3080 3621 praevertisset.

600 3646 793 3709 Fusis
826 3648 997 3710 enim
1030 3669 1147 3732 pro
1180 3646 1603 3732 periclitantis
1651 3649 1880 3711 summi
1913 3650 2192 3733 pastoris
2237 3646 2444 3713 salute
2492 3647 2964 3715 ardentissimis
3003 3647 3082 3711 ab

598 3757 900 3822 Ecclesia
954 3758 1295 3844 precibus,
1356 3770 1559 3824 noctu
1603 3782 1724 3844 per
1769 3758 2072 3844 angelum
2129 3760 2404 3824 vinculis
2450 3760 2700 3825 solutus
2747 3773 2818 3827 et
2861 3772 3078 3848 aperto

598 3892 862 3935 carcere
923 3869 1087 3935 liber
1146 3872 1373 3957 suique
1435 3873 1589 3935 iuris
1653 3874 1863 3937 oranti
1922 3871 2216 3937 redditur
2279 3872 2641 3938 Ecclesiae.
2737 3874 2944 3940 Simul
2999 3872 3080 3937 ad

599 3983 764 4049 haec
810 3982 1217 4069 Jerosolyma
1265 3986 1579 4049 excessit:
1630 3986 1732 4066 ,εἰς
1779 3990 1960 4067 ἕτερον
2003 3990 2249 4051 τὸπονιῑῧ.
2313 3984 2462 4066 Quo
2505 3996 2726 4051 autem
2775 4012 2824 4051 e.
2859 3988 3080 4051 Petrus

596 4098 987 4181 perrexerit,
1047 4108 1617 4183 commoratusque
1665 4098 1862 4163 fuerit
1918 4120 2036 4184 per
2082 4102 2524 4184 septennium,
2581 4122 2827 4186 nempe
2883 4120 3076 4183 usque

598 4206 682 4271 ad
712 4207 1002 4272 habitum
1034 4208 1507 4295 Hierosolymis
1540 4210 1906 4293 concilium,
1951 4210 2017 4275 S.
2045 4210 2382 4296 Scriptura
2427 4210 2590 4296 silet,
2637 4212 2846 4277 habet
2871 4222 3078 4275 autem

596 4318 889 4403 traditio;
962 4343 1129 4407 quae
1190 4331 1286 4386 tot
1347 4322 1672 4408 tantisque
1733 4322 2032 4408 perhibet
2093 4326 2480 4389 testimoniis
2541 4325 2882 4406 ,Petrum
2947 4323 3078 4387 sub

811 4497 847 4559 ¹)
904 4497 1022 4546 Alio
1083 4499 1313 4559 nomine,
1372 4503 1423 4547 et
1479 4496 1693 4563 quidem
1754 4498 1898 4564 apud
1951 4499 2205 4564 profanos
2261 4500 2638 4565 frequentiori,
2702 4502 2993 4567 Agrippa
3049 4516 3080 4549 a

601 4578 825 4629 Claudio
878 4598 1039 4648 regno
1086 4590 1291 4633 auctus.
1368 4582 1407 4649 2)
1465 4582 1831 4650 Cognomento
1885 4586 2162 4647 maiorem,
2219 4586 2490 4636 Zebedaei
2543 4584 2712 4637 filium
2767 4594 2822 4637 et
2871 4589 3080 4637 fratrem

598 4665 844 4717 Joannis.
896 4668 976 4717 Cf.
1014 4686 1067 4735 p.
1109 4671 1224 4719 194.
1299 4670 1339 4735 ³)
1378 4670 1493 4719 Act.
1534 4672 1615 4734 12,
1657 4673 1841 4721 1—17.
