3267 5259
1128 480 1407 532 &angelium
1437 492 1473 521 s.
1493 480 1691 521 somnis.
2530 467 2656 531 293

190 683 355 721 remus
402 664 805 721 obedientiam
848 663 1093 720 Joannis
1145 682 1285 735 erga
1326 662 1360 718 J
1365 680 1527 718 esum
1545 704 1559 731 ‚
1614 660 1780 717 cuius
1831 660 2200 718 luculentum
2251 659 2656 719 testimonium

193 768 357 838 dedit,
401 768 641 844 quando
681 786 816 825 cum
856 768 1035 825 Petro
1064 799 1149 809 —-
1179 765 1465 823 familiari
1508 785 1646 841 prae
1683 764 1927 842 reliquis
1955 784 2060 822 suo
2092 797 2176 807 —
2207 765 2554 823 mittebatur
2583 766 2658 837 ad

194 872 494 946 parandum
532 872 783 947 pascha3
830 876 1099 929 constans
1144 889 1275 929 cum
1306 870 1539 927 Christo
1578 870 1794 928 amoris
1833 870 1974 927 unio
2010 868 2168 941 fecit,
2209 873 2278 926 ut
2315 889 2352 927 a
2393 869 2656 945 patiente

192 982 239 1033 et
280 976 560 1033 moriente
605 975 863 1033 Domino
898 976 1009 1033 vix
1055 974 1454 1033 divelleretur.
1531 972 1728 1035 Quare
1771 979 1831 1031 et
1873 978 2122 1031 matrem
2160 992 2326 1031 suam
2369 974 2656 1031 Dominus

196 1080 382 1137 Noster
428 1080 467 1137 J
468 1081 679 1137 oannis
724 1080 953 1154 pridem
989 1080 1100 1137 sibi
1143 1080 1408 1152 cognitae
1444 1078 1583 1135 fidei
1621 1078 1890 1136 credidit.
1966 1077 2466 1139 Quemadmodum
2514 1098 2654 1137 vero

190 1184 305 1240 Jesu
349 1184 597 1242 ultimus
628 1184 703 1241 ad
734 1202 965 1240 crucem
1011 1183 1269 1240 animam
1311 1186 1539 1257 agentis
1582 1184 1837 1259 suspiria
1881 1182 2143 1259 excepit;
2191 1185 2278 1239 ita
2319 1182 2545 1258 primus
2589 1185 2654 1241 in

190 1288 465 1363 sepulchro
506 1288 759 1345 eundem
796 1289 1207 1344 resuscitatum
1253 1288 1561 1364 quaesivit.
1634 1287 1954 1363 Superbiae
1994 1291 2190 1343 autem
2229 1286 2328 1345 vel
2372 1289 2655 1345 vanitatis

190 1394 241 1448 in
278 1398 437 1450 tanta
472 1392 889 1468 praerogativa
930 1390 1163 1448 nullum
1212 1392 1505 1466 reperitur
1543 1393 1886 1465 vestigium,
1939 1391 2240 1449 enimvero
2285 1390 2351 1447 in
2395 1392 2652 1449 fastuosa

190 1496 417 1553 Salomes
449 1494 463 1533 ¹
508 1496 797 1572 pet-itione
818 1540 832 1566 ,
881 1501 1077 1553 noster
1122 1495 1437 1571 Apostolus
1484 1495 1711 1553 nullam
1755 1496 1966 1553 habuit
2007 1500 2254 1572 partem.
2319 1494 2534 1553 Statim
2579 1515 2654 1553 ex

190 1620 287 1677 quo
324 1600 607 1658 Dominus
649 1600 717 1657 in
757 1618 927 1657 cruce
966 1600 1278 1671 exaltatus,
1322 1604 1567 1657 matrem
1598 1619 1764 1657 suam
1802 1600 2238 1657 dilectissimam
2279 1600 2403 1657 eius
2446 1599 2653 1676 pietati

188 1708 235 1761 et
254 1704 626 1762 sollicitudini
659 1705 967 1776 commisit,
1000 1704 1070 1762 B.
1094 1704 1168 1761 V.
1193 1704 1445 1762 Mariam
1476 1706 1541 1761 in
1573 1700 1662 1779 ,τὰ
1688 1700 1844 1779 ἴδιαί,
1875 1705 2229 1781 ubicumque
2260 1702 2521 1761 locorum
2544 1704 2652 1762 illa

192 1809 385 1866 fuerint
434 1811 690 1885 aceepit3
742 1813 802 1866 et
840 1827 977 1865 mox
1020 1808 1257 1886 quidem
1301 1812 1433 1883 post
1476 1808 1983 1865 Resurrectionem
2022 1808 2089 1865 in
2129 1808 2326 1885 aliquo
2371 1809 2445 1865 ad
2495 1828 2654 1866 mare

190 1912 487 1971 Tiberiadis
530 1914 745 1989 oppido
765 1958 779 1984 ‚
831 1914 937 1971 ubi
979 1914 1309 1989 piscaturae
1353 1930 1590 1988 operam
1638 1914 1781 1970 dans
1819 1932 1856 1969 a
1896 1914 2181 1987 Magistro
2219 1914 2500 1971 inventus
2545 1917 2650 1970 est.

189 2016 387 2075 Deinde
428 2017 861 2094 Hierosolymis
904 2016 1088 2091 Virgo
1133 2036 1263 2074 cum
1310 2016 1557 2091 Virgine
1600 2020 1945 2075 morabatur
1965 2014 2008 2089 ²,
2057 2036 2238 2094 usque
2285 2018 2358 2074 ad
2405 2022 2652 2075 mortem

189 2120 475 2197 Deiparae,
522 2123 691 2179 cuius
730 2122 1093 2196 singularem
1129 2122 1195 2178 in
1240 2122 1399 2178 omni
1440 2126 1658 2179 eventu
1697 2141 1898 2183 curam
1946 2124 2204 2197 gerebat.
2259 2124 2541 2179 Assumta
2585 2120 2650 2178 in

188 2226 349 2283 coelos
383 2226 630 2301 gloriose
670 2225 1031 2299 Angelorum
1062 2225 1291 2299 Regina
1308 2222 1350 2298 3,
1398 2226 1464 2283 in
1508 2226 1710 2289 Asiam
1755 2246 1816 2283 se
1863 2227 2144 2302 recepisse
2187 2227 2475 2295 traditur3
2526 2226 2646 2295 ‚ubi

188 2328 309 2386 olim
336 2329 901 2406 philosophabantur
929 2349 1127 2387 omnes
1157 2330 1410 2387 Graecae
1442 2330 1788 2406 disciplinae
1817 2331 2101 2387 homines‘
2121 2328 2165 2388 ⁴.

326 2682 381 2753 §-
426 2676 526 2738 55.
607 2670 1065 2754 Evangelii
1114 2673 1395 2756 quarti
1446 2674 1823 2753 occasio,
1873 2692 2184 2755 scopus
2232 2679 2490 2754 atque

1144 2784 1670 2846 oeconomia.

374 3026 444 3089 ln
469 3026 847 3111 regionibus
870 3025 1069 3089 Asiae
1101 3024 1213 3089 ubi
1245 3034 1475 3110 ageret
1504 3026 1566 3089 d.
1593 3024 1638 3089 J
1642 3048 1888 3089 oannes
1912 3024 2349 3109 Evangelium
2371 3027 2652 3111 primum

184 3138 579 3221 praedicavit,
622 3136 860 3203 deinde
892 3148 1125 3223 rogatu
1158 3136 1625 3223 discipulorum
1677 3148 1743 3202 et
1775 3140 2060 3203 omnium
2093 3161 2265 3223 pene
2313 3138 2650 3223 episcopo-

183 3270 309 3313 rum
330 3252 521 3315 Asiae
550 3253 683 3315 iam
718 3250 1132 3335 grandaevus
1162 3250 1361 3315 literis
1392 3250 1551 3315 illud
1583 3252 2020 3336 consignavit:
2055 3252 2142 3315 ad
2171 3250 2648 3315 retundendam

186 3372 362 3446 atque
396 3364 875 3448 coarguendam
892 3367 915 3405 ⁵
944 3363 1423 3427 haereticorum
1451 3386 1535 3426 ex
1562 3362 2026 3428 Gnosticorum
2051 3365 2406 3449 praecipue
2438 3362 2650 3446 turba,

185 3472 469 3558 Corinthi,
514 3476 1004 3553 Nicolaitarum,
1052 3474 1505 3541 Ebionitarum
1546 3476 1950 3561 aliorumque
1992 3478 2310 3541 insaniam
2333 3480 2376 3540 6.
2437 3474 2651 3561 Lege-

377 3790 411 3855 ¹)
442 3792 504 3840 V.
540 3808 592 3856 p.
631 3791 716 3840 48.
765 3791 981 3851 Quanta
1025 3792 1165 3839 enim
1202 3790 1363 3839 fuerit
1408 3790 1711 3841 humilitate
1757 3794 1907 3855 patet
1943 3806 2009 3839 ex
2045 3791 2146 3839 Ev.
2183 3793 2268 3852 21,
2304 3792 2388 3840 23.
2450 3790 2492 3853 ²)
2531 3790 2650 3851 Quo

184 3890 289 3923 cum
323 3876 499 3927 eadem
536 3876 711 3927 rediit.
758 3876 875 3925 Act.
906 3878 951 3938 1,
980 3878 1061 3925 14.
1123 3876 1165 3941 ³)
1206 3876 1267 3925 V.
1292 3876 1599 3938 Baronium,
1640 3876 1710 3927 ad
1735 3890 1783 3926 a.
1811 3876 1933 3925 Chr.
1959 3878 2044 3927 48.
2069 3892 2121 3926 n.
2148 3878 2198 3926 4.
2223 3893 2266 3928 s.
2303 3893 2355 3941 p.
2390 3878 2508 3926 344.
2535 3892 2649 3941 seq.

188 3962 241 4009 Δ.
258 3960 555 4025 Smffinum,
582 3963 650 4013 de
674 3962 849 4012 Maria
870 3962 937 4012 V.
956 3978 1001 4012 c.
1025 3965 1071 4012 7.
1096 3980 1147 4028 p.
1176 3964 1295 4013 398.
1351 3964 1395 4027 ⁴)
1422 3952 1495 4013 Ut
1520 3962 1684 4013 habet
1705 3978 1930 4028 magnus
1956 3968 2136 4013 orator
2161 3979 2202 4013 s.
2225 3962 2649 4026 Chrysostomus,

186 4048 233 4096 in
264 4048 451 4100 Joann.
473 4052 613 4101 hom.
640 4050 711 4112 11,
739 4052 787 4099 2.
814 4066 865 4115 p.
892 4052 941 4100 9.
1003 4050 1045 4113 ⁵)
1082 4050 1373 4114 Valentini,
1406 4052 1559 4100 iuxta
1596 4066 1639 4100 s.
1665 4050 1996 4100 Victorinum
2031 4050 2165 4111 Pet„
2202 4052 2258 4099 in
2295 4049 2462 4113 Apoc.
2491 4051 2573 4111 11,
2602 4051 2647 4098 1.

186 4150 229 4197 p.
270 4136 351 4185 59.
426 4136 465 4202 ⁸)
514 4137 579 4186 Id
624 4136 771 4202 quod
818 4136 1043 4202 antiqua
1087 4141 1142 4186 et
1184 4139 1433 4201 perennis
1480 4138 1535 4186 in
1578 4137 1828 4187 Ecclesia
1871 4136 2004 4186 fides
2047 4137 2162 4187 fuit.
2237 4135 2324 4185 Sic
2371 4140 2518 4185 ratus
2569 4140 2650 4185 est

186 4218 380 4286 Papias,
406 4224 540 4289 apud
566 4222 627 4273 C.
646 4224 701 4273 J.
718 4223 791 4273 Μ.
812 4222 1157 4273 Thomasium
1184 4223 1285 4289 Op.
1306 4240 1408 4273 om.
1426 4224 1577 4273 Rom.
1602 4225 1751 4274 1747.
1777 4224 1819 4285 I,
1844 4225 1961 4273 344.
2000 4240 2042 4273 s.
2061 4223 2334 4284 Irenaeus,
2363 4222 2482 4272 adv.
2502 4222 2647 4272 haer.

186 4306 269 4369 ΠΙ,
294 4311 375 4369 11,
404 4313 443 4359 l.
474 4327 526 4375 p.
552 4312 673 4361 462.
708 4310 953 4360 Clemens
976 4310 1077 4374 AL,
1112 4310 1257 4375 apud
1280 4310 1592 4373 Eusebium,
1627 4311 1696 4359 H.
1723 4312 1788 4360 E.
1826 4310 1916 4372 VI,
1945 4312 2026 4358 14.
2059 4326 2113 4374 p.
2139 4310 2256 4359 216.
2291 4308 2646 4375 Epiphanius,

188 4392 315 4443 haer.
338 4396 523 4459 LXIX,
545 4398 631 4446 23.
654 4413 708 4463 p.
735 4398 853 4447 747.
878 4412 920 4447 s.
962 4396 1335 4461 Hieronymus,
1364 4397 1430 4446 de
1454 4399 1551 4447 vir.
1576 4398 1770 4447 illustr.
1795 4413 1840 4446 c.
1863 4398 1910 4445 9.
1936 4412 1986 4461 p.
2008 4398 2091 4445 54.
2125 4396 2409 4458 Eusebius,
2435 4395 2470 4445 l.
2491 4396 2648 4458 0.111,

186 4480 257 4529 28.
280 4498 329 4547 p.
354 4484 434 4533 99.
470 4483 801 4545 Philastrius,
831 4482 891 4533 C.
918 4482 983 4532 de
1010 4482 1155 4533 haer.
1180 4500 1231 4533 n.
1262 4486 1341 4534 17.
1381 4498 1468 4549 ap.
1506 4484 1646 4534 Gall.
1671 4484 1790 4545 VII,
1817 4485 1936 4533 487.
1977 4483 2070 4531 Ex.
2088 4484 2397 4533 recentioris
2423 4484 2543 4533 aevi
2572 4484 2650 4533 in-

184 4568 485 4631 terpretibus
506 4570 607 4620 hoe
632 4571 807 4635 ipsum
836 4569 1131 4621 affin-mann
1169 4567 1229 4619 C.
1255 4572 1526 4636 Vitriuga,
1565 4570 1631 4620 de
1669 4571 1952 4621 occasione
2001 4574 2056 4620 et
2089 4586 2254 4635 scopo
2291 4570 2502 4636 prologi
2548 4570 2650 4620 Ev.

183 4652 364 4703 Joann.
392 4655 483 4721 Ap.
509 4657 635 4707 Obs.
660 4674 702 4707 s.
730 4657 795 4719 V,
824 4659 905 4705 10.
942 4655 1023 4718 11,
1065 4658 1181 4707 136.
1207 4674 1248 4707 s.
1274 4657 1324 4707 J.
1350 4657 1439 4706 Fr.
1466 4657 1748 4719 Buddeus,
1784 4656 1850 4705 de
1878 4656 2123 4707 Ecclesia
2149 4663 2320 4723 apost.
2345 4657 2470 4710 Jen.
2499 4659 2647 4707 1729.
