3267 5259
1098 438 1295 489 Epistola
1322 441 1367 480 S.
1388 438 1513 481 Pauli
1540 439 1597 480 ad
1624 440 1852 481 hmanas.
2593 430 2720 495 407

214 615 467 666 doctores
504 632 642 681 mys
654 617 1139 667 ticoasceticos
1177 611 1597 679 ,,Ἰουδαῑζοντας“
1624 615 1886 668 habemus
1911 646 1976 654 —-
2001 618 2072 667 de
2095 618 2310 669 nomine
2333 620 2586 682 ceterum,
2620 634 2725 685 quo

214 703 584 768 insigniuntur
630 718 872 769 pugnare
919 703 1169 753 nolumus
1203 731 1296 765 —‚
1344 703 1435 767 qui
1472 718 1611 753 cum
1650 703 1848 769 Legis
1883 704 2221 755 Mosaicae
2257 704 2507 766 studio,
2545 706 2723 757 theo-

215 804 281 837 so
295 806 331 854 p
345 788 549 839 hismi
577 790 845 854 quandam
864 790 1123 839 rationem
1148 790 1445 855 iungebant
1470 794 1523 839 et
1547 790 1601 839 in
1626 789 1929 855 profitenda
1953 790 2208 857 religione
2229 792 2520 842 christiana
2541 794 2723 858 mysti-

215 877 365 925 cismi
404 875 647 926 colorem
672 890 801 941 prae
828 891 885 926 se
910 876 1173 938 ferebant,
1198 877 1253 926 in
1286 864 1607 927 severio‘rem
1634 875 1972 942 disciplinam
1998 878 2284 928 asceticam
2311 878 2722 944 propendentes.

216 962 582 1023 Quantumvis
627 965 763 1013 enim
810 962 1137 1029 disputatum
1180 964 1251 1013 sit
1294 962 1361 1013 de
1394 965 1607 1013 nomine
1641 968 1698 1014 et
1728 965 1944 1014 notione
1983 963 2368 1031 philosophiae,
2413 980 2552 1031 quae
2595 970 2654 1015 ut
2690 980 2724 1015 a

214 1064 417 1115 graeca
442 1050 878 1117 distingueretur,
907 1049 1261 1101 orientalis
1286 1050 1607 1116 adpellatur,
1625 1050 1731 1101 hoc
1758 1052 1969 1100 omnino
1995 1050 2099 1101 fide
2119 1052 2456 1102 historiarum
2482 1056 2719 1102 constat:

216 1143 466 1203 tempore
492 1138 723 1203 Augusti
749 1143 803 1187 et
827 1138 1161 1203 sequentium
1194 1139 1573 1203 imperatorum
1597 1138 1959 1187 Romanorum
1985 1141 2270 1203 praecipue
2295 1141 2350 1189 in
2376 1139 2506 1189 Asia
2528 1139 2722 1189 Minori

213 1224 523 1289 sapientiae
574 1223 845 1289 quoddam
890 1240 1059 1289 genus
1108 1223 1439 1290 divulgatum
1500 1224 1693 1285 fuisse,
1749 1225 1894 1291 quod
1945 1226 2004 1275 in
2059 1227 2314 1291 originem
2369 1232 2422 1275 et
2475 1230 2720 1277 naturam

214 1312 501 1377 geniorum
526 1312 860 1375 superiorum
890 1312 1182 1377 inquireret
1194 1318 1347 1374 ;⁸ncc
1372 1326 1481 1361 non
1505 1311 1698 1374 media,
1734 1312 1992 1377 imprimis
2017 1313 2266 1373 ascetics„
2305 1312 2714 1385 commendaret,

213 1413 447 1463 quorum
486 1412 591 1460 ope
625 1396 867 1447 homines
904 1399 1159 1449 consortii
1196 1397 1475 1449 cuiusdam
1512 1396 1700 1447 horum
1727 1398 2009 1464 spirituum
2033 1400 2322 1465 participes
2347 1398 2460 1449 fieri
2484 1404 2719 1465 possent.

214 1485 361 1535 Hinc
416 1485 632 1535 somnia
690 1484 1199 1551 Neoplatonicorum
1252 1486 1390 1534 inter
1442 1485 1696 1549 gentiles,
1767 1484 2144 1536 Gnosticorum
2196 1486 2336 1536 inter
2389 1484 2720 1536 Christianos

212 1576 559 1621 emanarunt.

320 1852 385 1929 ξ.
435 1851 543 1915 81.
613 1845 1176 1931 Argumentum
1224 1845 1619 1931 epistolae
1667 1844 1731 1910 d.
1771 1845 1998 1911 Pauli
2046 1846 2138 1910 ad
2182 1846 2596 1912 Romanos.

430 2053 715 2120 Sanctus
747 2054 983 2119 Petrus
1011 2052 1481 2140 Apostolorum
1512 2053 1831 2139 Princeps
1857 2056 1976 2119 etsi
2011 2054 2346 2119 Romanae
2373 2053 2716 2121 Ecclesiae

212 2170 395 2235 foret
439 2168 813 2254 Episcopus
837 2217 856 2250 ,
904 2168 1286 2253 saepissime
1348 2176 1569 2231 tamen
1616 2177 1689 2231 ut
1731 2166 1966 2231 Pastor
2011 2168 2228 2233 ovium
2277 2177 2343 2232 et
2396 2189 2714 2253 agnorum

214 2280 487 2363 aberat,
539 2302 689 2345 cum
738 2289 1069 2366 oporteret
1110 2281 1323 2367 ipsum
1369 2281 1566 2344 variis
1610 2280 1678 2343 in
1723 2277 1884 2344 locis
1924 2280 2320 2344 constituere
2361 2278 2714 2345 Ecclesiae.

212 2394 519 2459 Absente
551 2394 681 2458 iam
712 2392 1056 2479 praesule¹
1105 2391 1166 2455 d.
1198 2392 1419 2475 Petr0‚
1466 2393 1686 2477 gravis
1734 2402 1798 2457 et
1835 2393 2206 2479 perniciosa
2250 2394 2420 2457 inter
2463 2392 2712 2475 fideles,

214 2510 329 2594 qui
372 2506 443 2572 id
490 2509 803 2592 temporis
848 2506 1099 2572 Romae
1148 2515 1363 2587 erant,
1416 2544 1499 2553 —
1546 2507 1784 2592 partim
1833 2528 1920 2571 ex
1967 2504 2291 2571 Gentibus
2347 2508 2584 2592 partim
2629 2528 2714 2571 ex

217 2620 503 2686 Judaeis
534 2618 621 2683 ad
658 2618 986 2684 Christum
1019 2620 1353 2684 conversis
1382 2656 1467 2665 —-
1502 2628 1647 2683 orta
1678 2628 1778 2683 est
1809 2620 2282 2703 controversia3
2331 2620 2455 2683 utri
2500 2620 2716 2705 potius

212 2734 433 2798 meriti
466 2732 707 2797 fuerint
738 2733 1237 2797 conversionem
1262 2730 1345 2794 ad
1378 2729 1620 2795 fidem?
1668 2730 1966 2817 Cumque
1992 2729 2274 2795 Judaei‘2
2294 2731 2712 2819 magnificen-

210 2850 343 2911 tius
358 2845 791 2932 loquerentur
810 2845 892 2909 de
917 2847 1237 2910 maiorum
1261 2867 1527 2909 suorum
1550 2846 1972 2929 meritis,-in
1991 2866 2265 2931 quorum
2285 2867 2570 2932 persona
2590 2848 2715 2931 ipsi

212 2960 497 3024 fuissent
518 2956 908 3045 peculiarius
932 2958 999 3021 in
1018 2958 1147 3021 Dei
1169 2956 1485 3043 populum
1511 2956 1703 3021 electi
1722 2994 1806 3005 —
1829 2956 2124 3023 Gentiles
2149 2959 2344 3023 etiam
2369 2957 2713 3044 gloriosius

210 3074 545 3136 iactarent
574 3092 839 3135 suorum
872 3072 1239 3156 sapientum
1281 3070 1666 3153 doctrinam,
1713 3068 2054 3135 illustrium
2099 3070 2547 3157 legislatorum
2589 3075 2712 3135 vir-

211 3193 423 3249 tutem
446 3188 499 3247 ³:
557 3186 813 3270 utrique
876 3183 967 3249 de
1012 3186 1293 3269 ,gratia
1336 3183 1963 3249 iustificationis‘
2008 3207 2140 3249 non
2195 3194 2374 3249 recte
2421 3206 2706 3249 sensere.

216 3296 487 3384 Quippe
538 3318 735 3382 quam
780 3318 915 3363 non
958 3296 1271 3380 habuere,
1318 3306 1391 3361 ut
1435 3295 1816 3362 debuissent
1859 3319 1976 3383 pro
2025 3296 2198 3361 dono
2247 3297 2374 3361 Dei
2405 3298 2710 3382 gratuito,

212 3432 449 3474 verum
496 3412 629 3475 suis
678 3431 966 3496 suaeque
1013 3411 1225 3495 gentis
1270 3411 1515 3474 meritis
1561 3418 1963 3495 arrogarent.
2027 3408 2221 3473 Istius
2267 3408 2446 3475 modi
2492 3431 2711 3474 aemu-

210 3520 571 3588 lationibus
644 3532 708 3587 et
776 3522 1287 3588 dissensionibus
1353 3524 1420 3586 in
1484 3522 1622 3587 dies
1683 3522 2106 3609 gliscentibus
2171 3521 2231 3586 d.
2281 3522 2524 3587 Paulus
2591 3544 2710 3608 pro

210 3658 489 3701 munere
522 3658 641 3700 suo
667 3635 1189 3721 Apostolatus
1218 3636 1623 3721 gentium⁴,
1659 3635 2135 3701 occurrendum
2167 3635 2290 3700 sibi
2323 3658 2468 3701 esse
2499 3645 2710 3718 ratus3

432 3920 471 3983 ¹)
522 3918 675 3979 Quae
722 3918 935 3969 occasio
982 3915 1243 3983 Apostolo
1289 3916 1474 3967 oblata
1518 3916 1677 3967 fuerit
1725 3916 1794 3966 ad
1838 3916 1978 3967 hanc
2028 3916 2308 3982 epistolam
2357 3916 2708 3978 scribendam,

208 4022 405 4073 parum
456 4020 695 4057 essemus
741 4007 1001 4067 curaturi,
1056 4006 1161 4054 nisi
1206 4005 1321 4055 eius
1377 4004 1569 4054 notitia
1612 4003 1684 4054 ad
1729 4004 2008 4055 consilium
2056 4004 2358 4055 Literarum
2407 4005 2709 4055 accuratius

208 4092 595 4154 definiendum,
632 4094 777 4143 viam
812 4092 971 4143 nobis
1006 4096 1236 4157 pararet.
1293 4090 1462 4142 Grata
1498 4095 1678 4141 autem
1711 4095 1888 4141 mente
1925 4090 2322 4156 agnoscendum
2359 4095 2463 4153 est,
2499 4092 2556 4141 in
2591 4092 2711 4156 ipsa

206 4180 449 4248 epistola
504 4180 702 4246 passim
762 4180 985 4244 reperiri
1043 4180 1272 4244 vestigia
1320 4180 1619 4231 occasionis
1666 4178 1736 4229 ad
1783 4194 1900 4228 eam
1949 4178 2272 4229 exarandam
2321 4178 2707 4244 suppeditatas.

206 4267 497 4330 Quomodo
533 4268 591 4316 in
626 4266 773 4317 Urbe
810 4266 1211 4332 corruptissima
1247 4266 1535 4317 effloruerit
1568 4271 1678 4316 tam
1718 4264 1944 4316 celebris
1970 4271 2185 4332 tamque
2211 4265 2432 4331 pulchre
2459 4264 2708 4314 ordinata

206 4355 483 4415 Ecclesia,
522 4354 641 4419 quis
678 4368 859 4403 semen
894 4353 1185 4419 Evangelii
1220 4355 1423 4419 primus
1446 4354 1521 4403 ibi
1554 4355 1827 4419 sparserit,
1867 4354 1986 4417 quis
2009 4353 2325 4417 irrigaverit,
2363 4356 2421 4403 ut
2445 4368 2514 4402 ne
2539 4366 2708 4401 more-

204 4458 330 4493 mur
354 4444 413 4492 in
439 4441 618 4504 rebus,
656 4440 725 4490 de
749 4440 941 4506 quibus
979 4439 1223 4503 diximus,
1258 4442 1473 4508 penitus
1509 4441 1778 4491 mittimus.
1817 4440 1880 4489 V.
1906 4457 1957 4505 p.
1985 4440 2102 4489 343.
2131 4456 2172 4489 s.
2235 4438 2280 4503 ²)
2321 4439 2707 4499 Contentionis,

208 4531 289 4579 uti
330 4528 548 4595 quidem
584 4528 815 4591 videtur,
851 4534 1115 4580 auctores.
1178 4530 1223 4592 ³)
1260 4528 1540 4594 Multaque
1577 4528 1687 4578 alia
1723 4528 1834 4577 suis
1861 4542 1894 4576 a
1918 4526 2208 4577 maioribus
2246 4526 2520 4591 praeclare
2557 4530 2710 4591 gesta

208 4616 527 4665 efferebant.
599 4616 643 4679 ⁴)
682 4615 746 4664 V.
784 4631 837 4679 p.
876 4616 994 4665 340.
1031 4616 1149 4665 376.
