3267 5259
1133 438 1391 485 suessorum
1420 440 1635 485 tumultus
1663 442 1710 484 st
1736 442 1919 494 strages.
2638 426 2766 492 483

278 620 535 695 riganda
582 622 795 692 imbre;
850 626 919 680 ut
970 624 1297 681 uberrimos
1346 623 1577 682 Christo
1618 624 1802 682 ferret
1847 625 2074 681 fructus
2120 624 2445 680 hominum.
2509 621 2768 679 Istorum

276 727 479 784 virtus
509 730 569 784 et
598 727 777 784 robur
806 730 907 796 est,
960 746 1109 805 quae
1152 747 1273 785 una
1315 728 1804 806 nequissimorum
1847 728 2157 786 christiani
2201 725 2456 785 nominis
2498 725 2760 783 hostium

278 830 575 905 impetum
618 831 927 902 sustinuit,
976 836 1215 890 conatus
1261 834 1561 908 repressit,
1610 837 1768 891 vires
1814 833 2152 908 animosque
2193 831 2400 905 fregit3
2449 832 2567 888 imo
2608 830 2762 905 ipsos

278 934 463 992 etiam
492 934 687 993 hostes
714 934 927 993 fractos
956 937 1105 994 vicit
1132 940 1305 1014 atque
1335 936 1567 1012 subegit
1594 935 1630 994 ¹.

640 1228 681 1306 ἓ
726 1229 827 1293 99.
874 1225 1024 1289 Dei
1070 1224 1425 1290 vindicta
1469 1228 1545 1289 in
1589 1225 1986 1312 improbos
2032 1224 2405 1291 Judaeos.

494 1421 643 1479 Cum
671 1423 945 1479 adversus
974 1422 1197 1480 Christi
1225 1422 1542 1481 Ecclesiam
1572 1424 1819 1499 pessima
1847 1442 2107 1502 quaeque
2138 1420 2354 1479 Romae
2383 1425 2726 1495 gererentur
2751 1441 2764 1491 ;

278 1526 495 1582 Festus
526 1525 591 1582 in
618 1526 841 1583 Judaea
870 1530 1134 1585 mortuus
1164 1532 1269 1585 est.
1323 1528 1479 1585 Nero
1508 1529 1712 1585 audita
1741 1527 2134 1604 procuratoris
2165 1532 2351 1584 morte
2381 1524 2669 1583 Albinum
2700 1527 2765 1582 in

276 1629 313 1686 J
318 1630 566 1687 udaeam
618 1629 778 1687 misit
830 1631 1169 1706 praesidem.
1232 1630 1348 1693 Qui
1409 1633 1751 1709 priusquam
1802 1632 2137 1701 adveniret,
2193 1634 2439 1688 Ananus
2499 1648 2762 1687 summus

284 1734 558 1809 pontifex
581 1730 623 1805 2,
669 1740 1063 1811 opportunum
1106 1742 1334 1813 tempus
1376 1743 1536 1794 ratus
1578 1738 1921 1815 synedrium
1968 1738 2185 1810 coegit;
2235 1741 2294 1794 et
2333 1752 2609 1809 arrogans
2653 1735 2767 1793 sibi

281 1839 375 1895 ius
414 1838 577 1896 vitae
616 1844 675 1896 et
720 1840 924 1898 mortis
964 1841 1299 1898 Jacobum
1343 1841 1650 1899 fratrem
1696 1838 2058 1912 Domini³‚
2107 1859 2238 1897 cum
2285 1839 2420 1897 aliis
2466 1838 2767 1897 nonnullis

282 1950 571 2021 tanquam
602 1944 914 2002 violatores
945 1945 1119 2019 Legis
1158 1946 1441 2003 mosaicae
1474 1950 1736 2002 extremo
1769 1944 2056 2022 supplicio
2085 1944 2284 2001 affecit
2301 1942 2344 2002 ⁴.
2399 1943 2482 2001 Ut
2511 1943 2769 2001 Hebraei

281 2050 423 2105 boni
458 2048 709 2123 pastoris
739 2048 829 2105 sui
863 2049 1206 2119 doctrinam,
1254 2069 1369 2127 qua
1403 2050 1581 2107 etiam
1627 2054 1759 2125 post
1805 2050 2032 2108 obitum
2083 2048 2265 2125 ipsius
2309 2048 2761 2118 instruerentur,

280 2154 602 2210 haberent:
656 2172 790 2209 non
838 2154 1064 2210 multo
1122 2158 1287 2211 ante
1337 2153 1772 2230 martyrium
1826 2154 2024 2211 dedit
2070 2154 2150 2210 ad
2203 2173 2315 2211 eos
2366 2151 2764 2228 epistolam.

286 2256 363 2313 In
412 2257 580 2331 peius
624 2258 875 2313 ruebant
920 2258 1134 2315 omnia.
1190 2257 1473 2319 Quamvis
1503 2258 1726 2315 Judaea
1764 2259 1874 2315 hac
1903 2260 2158 2315 maxime
2189 2262 2377 2314 aetate
2407 2256 2768 2315 verminaret

284 2359 678 2418 multitudine
709 2361 1032 2432 hominum,
1067 2368 1127 2418 et
1149 2362 1353 2436 opibus
1384 2382 1611 2439 quoquc
1643 2361 1899 2433 floreret,
1934 2367 2108 2439 atque
2131 2383 2167 2419 a
2189 2361 2536 2439 quibusdam
2559 2360 2766 2438 Syriae

284 2465 655 2540 praesidibus
674 2465 1073 2540 indulgentius
1091 2466 1293 2523 habita
1314 2468 1421 2535 sit3
1453 2468 1670 2541 passim
1701 2472 1896 2524 tamen
1920 2486 1956 2523 a
1981 2467 2451 2542 procuratoribus
2482 2464 2760 2541 posterio-

284 2570 458 2627 ribus
491 2570 831 2644 cumprimis
855 2570 1051 2627 Gessio
1074 2569 1263 2641 Flor0,
1300 2590 1413 2627 non
1440 2576 1560 2627 tam
1592 2575 1751 2628 recta
1781 2590 1956 2648 quam
1976 2570 2261 2627 exhausta
2283 2574 2342 2627 et
2370 2562 2637 2645 oppressa
2660 2575 2764 2627 est.

285 2676 683 2731 Accesserunt
723 2674 878 2731 mala
921 2674 1055 2746 alia,
1100 2674 1417 2750 specimina
1461 2675 1776 2749 singularis
1821 2695 2038 2751 poenae
2084 2675 2344 2743 divinae;
2393 2674 2524 2731 dira
2563 2676 2764 2745 fames,

281 2778 563 2849 latrones,
598 2779 813 2849 sicarii,
848 2780 1377 2855 pseudoprophetae
1408 2782 1839 2853 grassabantur.
1889 2780 2018 2837 Imo
2048 2780 2199 2856 quod
2237 2777 2600 2849 horribilius,
2634 2798 2767 2835 cum

283 2883 525 2941 Christo
549 2882 657 2939 Dei
684 2882 837 2940 Filio
870 2883 1197 2941 auscultare
1229 2884 1572 2955 renuissent,
1609 2884 2068 2961 pseudochristos
2093 2882 2294 2941 audire
2317 2882 2598 2958 compulsi
2629 2886 2768 2940 sunt

280 2986 389 3045 diu
422 2993 713 3066 noctuque
745 2988 1128 3045 vociferantes
1151 2986 1192 3045 5.
1256 2989 1376 3045 Nec
1417 2988 1645 3046 felicior
1685 2990 1800 3047 fuit
1831 2988 2155 3063 Religionis
2186 2988 2462 3046 conditio,
2517 2987 2766 3046 Etiamsi

280 3092 444 3149 enim
470 3074 663 3150 cultus
694 3097 971 3150 externus
1002 3094 1173 3149 iuxta
1204 3098 1507 3168 praecepta
1529 3093 1700 3168 Legis
1731 3093 1794 3151 in
1826 3093 2063 3169 Templo
2094 3092 2520 3163 institueretur,
2555 3096 2615 3149 et
2638 3096 2762 3149 tota

279 3198 408 3253 fero
438 3195 775 3254 Palaestina
803 3197 1025 3255 consita
1054 3196 1233 3254 fuerit
1263 3198 1573 3273 synagogis
1590 3198 1644 3267 ϋ;
1695 3204 1891 3255 tamen
1921 3199 2126 3255 divina
2156 3199 2377 3273 pariter
2409 3216 2476 3254 ac
2505 3197 2766 3254 humana

282 3302 421 3358 iura
450 3300 957 3377 proculcabantur.
994 3300 1123 3359 Imo
1153 3301 1281 3377 ipsa
1318 3321 1481 3359 sacra
1504 3296 1624 3359 Dei
1660 3303 1824 3359 aedes
1847 3299 1886 3373 ⁷,
1921 3324 1957 3361 a
1986 3301 2341 3360 turbulentis
2371 3300 2766 3358 sacerdotibus

280 3410 341 3463 et
372 3404 632 3463 factiosis
663 3405 1037 3480 pontificibus
1066 3406 1131 3461 in
1165 3411 1355 3481 partes
1385 3407 1696 3478 distractis,
1731 3412 1791 3463 et
1818 3426 1984 3483 saepe
2014 3408 2170 3464 inter
2194 3426 2252 3463 se
2276 3404 2756 3479 digladiantibus,

280 3510 543 3585 turpiter
572 3510 768 3566 fuerat
795 3510 1119 3585 profanata.
1173 3510 1438 3567 Maxima
1469 3510 1645 3586 pestis
1676 3510 1838 3569 intra
1866 3510 2092 3568 viscera
2113 3509 2290 3567 Urbis
2313 3509 2542 3567 Zelotae
2572 3509 2756 3578 fuere,

278 3614 384 3693 qui
416 3633 533 3690 quo
563 3615 749 3687 magis
778 3615 1029 3690 specioso
1059 3613 1291 3671 nomine
1324 3615 1559 3672 divinae
1584 3614 1728 3689 legis
1752 3615 2184 3673 observantiam
2214 3634 2353 3690 prae
2383 3634 2442 3670 se
2472 3614 2756 3685 ferebant,

281 3718 393 3776 hoc
424 3717 805 3793 impotentius
836 3719 897 3775 in
930 3717 1142 3792 vulgus
1173 3719 1625 3777 dominabantur
1647 3718 1687 3777 S.
1735 3720 1881 3777 Cum
1911 3721 2020 3776 hoc
2051 3720 2430 3776 deterrimum
2459 3717 2763 3792 ingrueret

499 3940 535 4003 ι)
586 3940 666 3990 cf.
704 3941 764 3989 P.
808 3940 867 3989 C.
908 3940 1133 3991 Ansaldi
1180 3940 1243 3992 Ο.
1281 3941 1358 4002 Ρ.,
1410 3940 1475 3989 de
1523 3942 1704 3989 causis
1750 3941 1968 4004 inopiae
2017 3945 2256 3989 veterum
2305 3946 2762 3990 monumentorum

278 4043 377 4093 pro
416 4029 579 4091 copia
614 4028 903 4091 Martyrum
951 4026 1314 4093 dignoscenda
1350 4027 1471 4077 adv.
1509 4026 1870 4077 Doduvellum
1919 4027 2045 4077 diss.
2083 4026 2302 4078 Medici.
2342 4028 2489 4076 1⁷40.
2529 4042 2578 4090 p.
2609 4028 2690 4079 96.
2719 4042 2762 4075 s.

277 4114 368 4165 Pr.
396 4113 642 4174 Panella,
680 4114 875 4178 disput.
902 4114 1023 4166 hist.
1054 4114 1228 4180 dogm.
1270 4113 1334 4163 de
1370 4115 1710 4178 martyribus.
1759 4114 1971 4163 Patavii
2003 4116 2153 4164 1862.
2189 4130 2241 4178 p.
2277 4116 2324 4162 9.
2364 4129 2406 4163 s.
2480 4113 2520 4178 2)
2559 4112 2764 4163 Saddu-

278 4216 445 4252 caeus
484 4200 801 4250 crudelitate
840 4202 1082 4266 insignis.
1145 4201 1185 4264 ³)
1222 4200 1676 4265 Jerosolymarum
1710 4201 2035 4266 episcopum.
2097 4200 2136 4263 ⁴)
2177 4200 2230 4249 S.
2255 4199 2498 4250 Jacobus
2524 4216 2553 4250 e
2577 4200 2764 4266 templi

277 4288 501 4353 fastigio
540 4302 795 4352 praeceps
833 4291 1016 4350 actus,
1065 4286 1161 4337 sed
1198 4304 1265 4337 ex
1300 4286 1458 4351 lapsu
1498 4287 1676 4337 adhuc
1723 4292 2020 4351 superstes3
2067 4284 2338 4351 lapidibus
2387 4288 2539 4335 iussu
2583 4286 2762 4337 Anani

278 4380 559 4435 contusus,
598 4388 665 4423 ac
701 4374 913 4424 tandem
949 4374 1171 4424 fullonis
1206 4374 1349 4423 fuste
1386 4376 1563 4438 capite
1602 4372 1874 4423 confracto
1911 4375 2144 4423 animam
2181 4374 2477 4438 piissimam
2516 4373 2760 4423 Creatori

276 4461 531 4513 reddidit.
586 4460 650 4514 V.
676 4462 744 4510 L.
772 4460 937 4522 Smid,
976 4462 1043 4511 de
1078 4461 1547 4526 persecutionibus
1585 4476 1720 4525 quas
1745 4460 1778 4509 J
1786 4460 1946 4510 udasi
1983 4476 2028 4509 c.
2057 4460 2328 4510 Christum
2359 4462 2426 4510 ei.
2453 4460 2604 4511 Eccl.
2623 4477 2761 4511 mov,

278 4548 458 4598 Limb.
482 4549 635 4598 1832.
661 4562 713 4611 p.
738 4548 782 4597 7.
802 4562 845 4599 s.
908 4548 948 4613 ⁵)
979 4546 1059 4598 Cf.
1084 4547 1398 4612 Josephum,
1424 4547 1490 4597 de
1514 4546 1661 4598 bello
1685 4547 1776 4610 IV,
1798 4548 1846 4600 5.
1872 4563 1922 4612 p.
1951 4548 2068 4597 286.
2095 4563 2136 4597 s.
2199 4546 2242 4611 ⁶)
2269 4547 2353 4597 Ad
2379 4562 2514 4611 quas
2538 4562 2761 4613 magnus

278 4640 397 4685 erat
420 4648 734 4685 concursus.
790 4633 833 4697 ⁷)
858 4633 1009 4685 Alias
1033 4634 1353 4685 veneranda.
1411 4632 1453 4697 ⁸)
1480 4634 1543 4685 V.
1564 4634 1633 4683 Η.
1655 4634 1717 4687 V.
1738 4634 1800 4683 Τ.
1819 4650 1873 4699 p.
1892 4634 2009 4683 596.
2048 4633 2254 4684 Seditio
2279 4639 2395 4684 erat
2419 4649 2528 4685 non
2552 4634 2760 4700 religio.

2353 4722 2454 4773 31*
