3267 5259
602 416 729 481 266
1350 429 1413 469 De
1440 428 1635 471 fontibus
1663 428 1826 471 Hister.
1857 428 1910 468 D.
1939 429 1992 469 Π.
2021 428 2068 469 J.
2095 426 2140 468 C.
2167 438 2321 467 eomn.

602 602 844 667 ordinis
906 604 1120 667 minus
1182 611 1559 669 accuratum
1608 602 2100 667 observatorem
2143 600 2342 665 fuisse
2387 600 2596 665 videri
2653 608 2903 687 posset3
2957 599 3044 664 sed

600 725 851 781 attenta
894 714 1177 781 lectione
1221 726 1403 801 patet
1444 714 1940 800 Evangelistam
1985 724 2194 779 totum
2237 713 2510 778 Librum
2555 736 2744 777 suum
2791 714 2858 776 in
2903 724 3046 776 certa

598 828 892 895 membra
938 826 1347 915 dispertitum
1396 850 1557 911 esse,
1621 850 1898 913 quorum
1945 828 2402 892 commissuras
2457 848 2543 889 ex
2585 824 2805 889 verbis
2847 848 3044 910 agnos-

600 944 831 1025 cimus,
895 941 1131 1028 quibus
1190 944 1471 1027 scriptor
1528 942 1594 1005 in
1655 942 2028 1005 universum
2087 939 2346 1021 dicens,
2407 937 2808 1024 singularum
2863 960 3046 1001 rerum

598 1053 1102 1140 descriptionem
1165 1053 1269 1119 vel
1328 1054 1492 1117 finiit
1547 1052 1656 1117 vel
1718 1052 2073 1117 exorditur.
2151 1050 2340 1131 Quae
2386 1053 2460 1134 si,
2523 1060 2596 1113 ut
2657 1061 2836 1115 certo
2891 1049 3045 1114 nobis

595 1189 981 1253 persuasum
1025 1166 1361 1249 habemus,
1415 1188 1575 1231 vera
1620 1176 1803 1231 sunt:
1850 1174 2070 1252 partes
2116 1164 2461 1249 Evangelii
2507 1163 2870 1228 secundum
2913 1162 3044 1225 Mat-

594 1280 857 1344 thaeum
905 1281 1193 1365 quinque
1240 1278 1636 1364 distinguere
1681 1278 1904 1344 licebit
1919 1281 1958 1342 ¹.
2004 1278 2085 1342 In
2127 1279 2340 1364 prima
2383 1278 2612 1364 parte²
2657 1277 2929 1362 scriptor
2953 1274 3043 1338 abs

596 1415 668 1457 se
728 1401 993 1459 narrata
1053 1391 1135 1456 de
1198 1404 1373 1475 ortu,
1432 1392 1736 1469 infantia,
1799 1391 2154 1479 baptismo,
2215 1393 2454 1456 ieiunio
2519 1400 2720 1476 atque
2781 1390 3046 1475 auspiciis

594 1507 879 1570 muneris
910 1504 1191 1569 docendi
1222 1505 1284 1570 J.
1319 1504 1393 1571 O.
1428 1504 1758 1570 concludit
1789 1506 2209 1571 annotatione
2227 1508 2280 1568 ³:
2329 1504 2562 1570 Jesum
2593 1503 2708 1568 ubi
2743 1504 2912 1568 circa
2949 1504 3042 1565 cir-

596 1640 743 1681 cum
788 1619 859 1681 in
903 1619 1255 1703 synagogis
1314 1616 1603 1700 doceret,
1667 1628 1734 1682 et
1793 1620 2024 1704 quovis
2082 1616 2314 1683 morbo
2359 1618 2646 1701 aegrotis
2690 1614 3045 1692 mederetur,

590 1728 853 1815 popula
899 1729 1187 1816 undique
1249 1728 1561 1794 affluente
1608 1730 1914 1817 famaque
1971 1732 2039 1795 in
2083 1730 2225 1823 dies
2271 1740 2608 1794 crescente
2653 1740 2857 1794 totam
2903 1726 3046 1792 Gali-

591 1841 804 1907 laeam
848 1864 1253 1929 peragrasse.
1324 1841 1526 1907 Simili
1571 1843 1767 1908 modo
1816 1844 2019 1930 partis
2064 1842 2434 1909 secundae⁴
2479 1843 2680 1907 finem
2723 1841 3044 1905 indic-atum

593 1934 957 2039 videmus53
1036 1955 1267 2019 eadem
1337 1955 1475 2020 fere
1550 1958 1846 2022 rationess
1917 1978 2072 2043 pars
2144 1958 2375 2020 tertia⁷
2451 1955 2536 2019 ad
2613 1956 2862 2019 exitum
2927 1975 3046 2039 per-

596 2067 872 2133 ducitur.
947 2067 1109 2132 Pars
1172 2072 1442 2153 quarta8
1500 2072 1591 2132 ita
1647 2070 2052 2151 terminatur,
2117 2079 2192 2133 ut
2251 2068 2440 2134 simu]
2501 2067 2922 2153 Evangelista
2979 2064 3047 2129 ad

601 2191 963 2245 extremam
1038 2190 1329 2245 transeat
1399 2170 1875 2265 narrationem,
1947 2191 2143 2267 atque
2211 2205 2291 2246 ea
2358 2204 2526 2267 quae
2589 2192 2779 2266 gesta
2833 2190 2970 2245 sunt
3016 2201 3048 2240 a

592 2294 901 2377 Domin0,
970 2302 1323 2379 antequam
1380 2293 1874 2380 Hierosolymas
1934 2294 2308 2380 triumphali
2373 2296 2500 2359 ritu
2565 2293 3047 2379 ingrederetur⁹,

592 2416 1019 2472 secernantur
1076 2405 1159 2470 ab
1221 2408 1317 2489 iis,
1385 2429 1553 2492 quae
1616 2407 1814 2473 Jesus
1880 2416 2112 2493 postea
2168 2406 2406 2490 verbis,
2475 2406 2690 2489 factis,
2757 2406 3046 2491 passione,

591 2530 801 2584 morte
849 2529 916 2584 et
958 2522 1435 2584 resurrectione
1482 2521 1757 2606 peregit.
1846 2520 2036 2586 Haec
2081 2528 2302 2585 autem
2345 2528 2534 2605 parte
2583 2520 2872 2604 quintalo
2925 2538 3046 2602 per-

592 2641 973 2696 tractantur.

792 2913 849 2990 §.
896 2913 1001 2976 46.
1065 2909 1305 2989 Quem
1354 2909 1446 2974 ob
1494 2910 1736 2974 finem
1783 2911 2164 2995 scriptum
2209 2911 2308 2973 sit
2352 2908 2874 2993 Evangelium

1590 3046 1640 3087 s.
1673 3021 2072 3086 Matthaei.

799 3210 976 3291 Quid
1034 3235 1083 3275 s.
1130 3210 1500 3276 Matthaeus
1562 3234 1712 3277 cum
1757 3210 2193 3297 Evangelium
2255 3234 2443 3276 suum
2507 3222 2830 3293 exararet,
2886 3230 3047 3295 prae-

592 3325 781 3409 cipue
838 3325 903 3387 in
950 3325 1166 3388 animo
1213 3322 1504 3407 haberet,
1564 3323 1632 3387 id
1692 3326 1903 3410 ipsum
1965 3347 2050 3388 ex
2109 3324 2349 3407 verbis,
2414 3322 2651 3408 quibus
2711 3322 3051 3387 inscribitur

590 3438 817 3518 ,Βίβλος
860 3441 1135 3518 γενέσεως
1180 3440 1359 3514 Ἰησοῦ
1402 3442 1633 3519 Χριστοῦ
1679 3440 1789 3499 υἱοῦ
1833 3434 2028 3499 Λοιυΐδί
2087 3438 2243 3501 satis
2305 3436 2567 3501 elucere
2628 3438 2760 3501 iam
2801 3436 3048 3500 Veteres

590 3571 901 3614 monuere
922 3552 988 3614 ¹¹.
1038 3548 1432 3635 Quanquam
1464 3552 1638 3614 enim
1672 3572 1839 3636 quae
1870 3550 1998 3615 hoc
2027 3549 2230 3614 Libro
2264 3549 2606 3627 habentur,
2659 3549 2844 3613 latius
2877 3568 3048 3634 quam

588 3662 941 3747 inscriptio,
989 3672 1285 3747 pateant3
1334 3672 1555 3727 tamen
1602 3662 1794 3749 quale
1843 3662 2038 3727 fuerit
2081 3664 2413 3748 scriptoris
2462 3662 2822 3743 consilium,
2869 3682 2942 3723 ex
2979 3658 3048 3719 iis

591 3772 825 3859 quibus
884 3773 1050 3839 liber
1108 3776 1335 3860 incipit
1391 3774 1640 3839 verbis:
1706 3772 1929 3857 ,Liber
1987 3776 2428 3859 generationis
2475 3774 2639 3838 Jesu
2688 3774 2913 3839 Christi
2951 3768 3048 3831 filii

590 3886 831 3969 David,
878 3886 990 3951 filii
1034 3886 1390 3951 Abraham‘
1438 3886 1779 3972 colligitur.
1869 3886 2040 3951 Nam
2085 3888 2226 3951 sine
2271 3886 2404 3951 ulla
2451 3887 2890 3951 controversia
2929 3902 3048 3946 cer-

590 4009 724 4063 tum
773 4008 890 4082 est,
952 4001 1337 4084 scriptorem
1399 4001 1466 4062 in
1510 3998 1577 4063 id
1622 4020 1824 4063 unum
1869 4000 2158 4062 animum
2202 3997 2595 4063 intendisse:
2657 4010 2732 4063 ut
2780 3992 3049 4063 ostendat

800 4252 837 4319 ¹)
886 4254 1268 4319 Argumentum
1321 4258 1497 4303 totum
1552 4254 1882 4319 singulorum
1935 4253 2356 4319 Evangeliorum
2419 4268 2702 4304 recensere
2755 4250 3050 4318 superfluum

593 4338 839 4391 duiimus
876 4356 995 4389 cum
1034 4356 1099 4389 ex
1136 4340 1369 4390 historiis
1406 4341 1601 4391 nostris
1636 4340 1772 4391 Jesu
1809 4340 2002 4391 Christi
2041 4342 2098 4389 in
2134 4346 2344 4405 promtu
2381 4342 2465 4391 sit.
2541 4340 2582 4406 ²)
2619 4340 2772 4401 Quae
2797 4334 3047 4387 C.1-1v.

590 4425 901 4475 absolvitur.
940 4427 980 4491 ³)
1018 4427 1068 4487 4,
1098 4428 1321 4476 23-28.
1360 4428 1401 4489 ⁴)
1443 4425 1502 4475 C.
1528 4426 1740 4476 v-IX-
1779 4426 1822 4492 ⁵)
1849 4428 1898 4489 9,
1925 4429 2148 4478 35—38.
2185 4426 2227 4493 6)
2267 4429 2348 4488 14,
2387 4428 2472 4477 35.
2508 4429 2595 4477 36.
2635 4427 2676 4489 7)
2715 4426 2776 4476 C.
2811 4420 3048 4475 x—-XIV.

590 4508 631 4575 ⁸)
672 4513 754 4572 19,
791 4515 837 4562 1.
882 4515 929 4561 2.
970 4512 1027 4562 C.
1066 4512 1433 4563 XV—XVIII.
1472 4513 1513 4577 ⁹)
1553 4516 1638 4576 20,
1667 4514 1747 4563 17.
1791 4528 1832 4563 s.
1873 4512 1935 4578 ¹⁰)
1971 4513 2031 4563 C.
2057 4512 2507 4565 XXI—XXVIII.
2551 4514 2613 4577 ¹¹)
2655 4513 2736 4563 Cf.
2771 4529 2812 4562 s.
2844 4508 3050 4563 Irenae,

588 4596 773 4662 fragm.
812 4598 1007 4647 XXIX.
1044 4615 1097 4664 p.
1134 4601 1252 4648 842.
