3267 5259
1274 477 1416 519 Coena
1442 476 1629 519 Domini.
2611 466 2695 529 99

247 650 329 711 cui
354 650 553 711 statim
592 660 960 735 paruerunt
988 650 1289 737 Apostoli
1314 654 1353 716 ¹.
1398 650 1781 737 Praeceptis
1811 651 2076 716 Domini
2112 650 2198 715 illi
2233 650 2546 734 obsecuti,
2586 651 2701 716 ubi

245 762 451 825 reversi
495 772 736 845 essent,
784 761 1139 828 inclinante
1181 765 1309 827 iam
1344 764 1483 847 dic;
1516 763 1712 829 Jesus
1745 774 1810 828 et
1841 763 2190 829 duodecim
2223 764 2517 850 discipuli
2552 788 2700 827 cum

246 895 324 954 60,
364 873 581 939 urbem
628 876 906 959 ingressi
953 885 1120 941 sunt.
1189 876 1269 940 In
1314 878 1457 963 ipsa
1500 878 1609 941 via
1653 878 1904 942 monuit
1947 876 2338 962 Apostolos:
2388 899 2458 939 se
2503 875 2698 941 vehe-

246 989 601 1051 mentissimo
636 987 964 1052 desiderio
990 991 1200 1053 teneri
1230 989 1615 1053 Paschalem
1645 1012 1922 1053 coenam
1955 1012 2102 1053 cum
2131 988 2254 1052 illis
2281 988 2696 1053 manducare.

244 1096 789 1164 Discumbentibus
823 1101 1123 1165 omnibus
1148 1101 1234 1165 ad
1260 1101 1589 1166 edendum
1612 1101 1694 1165 dc
1719 1124 1901 1167 more
1927 1124 2217 1166 sumsere
2248 1104 2427 1187 prius
2458 1124 2699 1185 agnum

246 1226 295 1273 et
320 1235 551 1297 azyma.
617 1212 851 1278 Coena
894 1214 1113 1279 media
1160 1214 1453 1279 Christus
1496 1214 1714 1301 palam
1760 1214 2114 1301 Apostolos
2159 1215 2430 1295 monuit,
2478 1237 2698 1300 supre-

244 1346 387 1388 mum
427 1325 583 1389 illud
632 1348 777 1391 6556
827 1329 1223 1410 convivium,
1273 1328 1451 1413 quod
1494 1330 1633 1413 ipse
1683 1352 1832 1393 611111
1877 1327 2002 1391 11115
2047 1338 2292 1412 ageret.

413 1520 677 1587 ffiqressio,
728 1520 1003 1582 (ἑταιρηίην
1026 1540 1150 1573 num
1174 1539 1247 1580 ea,
1273 1540 1427 1589 quam
1451 1522 1672 1574 Joannes
1695 1523 1777 1587 13,
1797 1523 1841 1569 1.
1857 1540 1893 1573 ε.
1915 1520 2142 1572 describit
2165 1538 2316 1573 coena
2341 1522 2524 1573 Christi
2545 1521 2700 1573 novis-

243 1604 358 1663 sima,
375 1624 483 1657 cnm
502 1606 593 1657 illa
613 1607 796 1658 Matth.
812 1608 900 1669 26,
920 1608 958 1655 1.
973 1626 1007 1659 s.
1028 1608 1189 1659 Marc.
1214 1610 1289 1668 14,
1310 1611 1351 1656 1.
1369 1626 1402 1659 ε.
1428 1609 1550 1660 Luc.
1568 1608 1651 1667 22,
1669 1609 1710 1656 1.
1729 1626 1762 1659 s.
1783 1608 2000 1658 identica
2018 1608 2116 1659 sit!
2143 1607 2430 1671 Nunquam
2450 1620 2483 1656 5
2501 1607 2697 1657 mundo

243 1690 419 1739 condito
458 1690 641 1741 habita
678 1706 854 1742 coena
889 1698 971 1741 est
1004 1693 1092 1742 vel
1130 1695 1421 1758 augustior,
1446 1692 1535 1743 vel
1564 1692 1964 1758 significantior,
2003 1692 2106 1742 hac
2140 1694 2430 1743 novissima
2465 1695 2696 1757 Domini,

244 1790 351 1839 quae
372 1792 537 1827 coena
554 1780 669 1828 cius
688 1778 1045 1829 valedictoria
1064 1780 1165 1829 dici
1188 1781 1339 1830 solet.
1376 1782 1533 1853 “Pria
1557 1781 1817 1845 quidem
1843 1782 2152 1830 convivia
2173 1784 2367 1829 nocte
2391 1779 2513 1829 illa
2537 1781 2701 1829 fecit

244 1860 527 1915 Christus.
587 1866 823 1913 Primum
869 1865 1087 1930 legale
1131 1866 1263 1915 illud
1308 1868 1433 1931 agni
1469 1866 1739 1932 paschalis
1776 1867 1902 1930 fuit3
1942 1872 2066 1915 ante
2104 1866 2245 1932 quod
2285 1866 2551 1916 Christum
2586 1882 2695 1916 non

242 1948 403 2001 lavisse
438 1952 601 2017 pedes
639 1952 1022 2018 discipulorum
1058 1954 1181 2003 inde
1218 1954 1492 2019 probatur,
1532 1955 1660 2019 quia
1693 1953 1891 2003 Joann.
1929 1955 2018 2015 13,
2046 1955 2094 2002 2.
2133 1968 2166 2003 5
2202 1968 2372 2003 606115
2409 1954 2698 2003 surrexisse

242 2035 417 2087 dieitur.
491 2039 699 2104 Agnum
757 2045 937 2089 autem
992 2040 1297 2105 paschalem
1356 2040 1547 2090 stando
1602 2055 1810 2090 sumere
1865 2040 2162 2105 oportebat.
2241 2038 2545 2089 Secundum
2598 2040 2700 2089 fuit

243 2138 537 2175 commune
563 2127 886 2176 convivium.
922 2126 1071 2177 Alios
1098 2128 1245 2177 cibos
1272 2128 1429 2177 etiam
1461 2132 1584 2192 post
1606 2128 1964 2193 praescriptos
1989 2126 2270 2192 paschales
2297 2125 2576 2176 comedere
2598 2126 2696 2176 Ju-

244 2210 361 2259 daeis
382 2227 489 2263 non
512 2218 627 2262 erat
644 2214 883 2276 vetitum,
924 2213 1018 2263 sed
1042 2215 1218 2279 potius
1244 2214 1473 2277 solitum,
1510 2220 1570 2263 ut
1593 2215 1684 2279 qui
1709 2214 1938 2278 largiore
1965 2213 2034 2262 ad
2057 2214 2390 2263 saturitatem
2416 2214 2534 2263 cibo
2561 2212 2695 2262 indi-

242 2304 419 2359 gnent,
464 2301 736 2349 consuetis
785 2300 977 2350 eduliis
1024 2305 1405 2351 saturarentur.
1481 2301 1619 2350 Ante
1665 2300 1767 2350 hoc
1811 2299 1900 2349 vel
1944 2301 2086 2349 inter
2131 2299 2234 2349 hoc
2281 2299 2545 2349 Christum
2589 2316 2700 2349 non

242 2387 505 2451 suscepisse
548 2386 807 2437 lotionem
851 2386 1047 2452 pedum
1099 2394 1325 2453 apparet
1371 2387 1521 2449 inde,
1574 2388 1702 2453 quia
1741 2387 1938 2436 Joann.
1980 2390 2069 2449 13,
2107 2390 2154 2436 2.
2191 2386 2387 2451 legitur
2429 2386 2484 2435 id
2527 2402 2700 2437 coena

242 2468 361 2520 facta
404 2473 676 2523 accidisse.
749 2474 989 2522 Tertium
1045 2474 1259 2539 epulum
1308 2474 1623 2525 festivum
1661 2478 1802 2535 erat,
1853 2490 1974 2522 cum
2021 2473 2172 2522 finita
2217 2473 2444 2535 lotione,
2486 2486 2696 2523 sacra-

242 2558 480 2607 mentali
529 2560 679 2608 61110
716 2560 782 2609 N.
809 2560 872 2608 T.
900 2558 1274 2625 discipulos
1322 2561 1542 2625 pascit
1577 2565 1631 2609 et
1673 2560 1856 2622 reficit,
1895 2560 1928 2608 i.
1965 2576 2012 2609 6.
2047 2559 2437 2609 Eucharistiae.
2487 2560 2698 2609 Pascha

242 2640 353 2692 inter
386 2652 437 2695 et
468 2646 855 2695 institutionem
892 2644 1238 2707 Sacramenti,
1276 2646 1531 2695 abluendi
1561 2646 1727 2712 pedes
1763 2648 1896 2697 ritus
1929 2648 2116 2711 peragi
2152 2644 2348 2708 debuit,
2387 2662 2543 2711 quem
2581 2646 2698 2696 sola

240 2728 541 2781 Eucharistia
576 2732 876 2797 exciperet3
916 2738 975 2781 ut
1011 2731 1381 2781 ostenderetur
1416 2733 1690 2794 sanctitas,
1729 2747 1868 2798 quae
1906 2732 2086 2781 divino
2122 2732 2246 2781 huic
2283 2732 2402 2781 cibo
2437 2732 2694 2783 sumendo

242 2820 305 2863 est
330 2820 636 2868 necessaria.
686 2817 881 2883 Ampla
916 2823 1197 2883 praeterea
1228 2818 1314 2867 hic
1338 2824 1419 2867 est
1443 2818 1732 2883 disputatio
1757 2824 1932 2868 utrum
1958 2834 2054 2884 per
2081 2816 2269 2867 δεῖπνον
2293 2817 2489 2868 Joann.
2519 2821 2600 2882 13,
2627 2821 2694 2881 2.,

240 2916 381 2953 coena
427 2905 697 2970 paschalis
742 2904 839 2954 illa
892 2919 927 2954 5
980 2906 1171 2955 ceteris
1228 2905 1589 2971 Evangelistis
1645 2912 1962 2967 memorata,
2011 2920 2080 2955 an
2129 2905 2236 2954 alia
2289 2906 2694 2970 anti-paschalis

240 2988 563 3055 intelligatur?
623 2992 900 3041 Posterius
937 2992 1116 3042 multis
1152 2996 1392 3041 tuentur:
1439 2991 1774 3057 Lighsootus,
1809 2993 1865 3041 in
1901 2991 2015 3041 hor.
2043 2991 2191 3041 hebr.
2227 2992 2294 3041 511
2320 2992 2506 3041 Matth.
2533 2995 2616 3055 26,
2644 2994 2691 3041 2.

242 3076 281 3123 6.
302 3092 342 3140 p.
367 3080 476 3127 463.
502 3094 545 3127 s.
570 3078 841 3143 Basnage,
869 3078 1059 3128 Annal.
1088 3095 1139 3144 p.
1166 3078 1296 3129 6661.
1322 3092 1369 3128 5.
1397 3079 1466 3127 D.
1494 3080 1577 3128 33.
1602 3094 1655 3127 n.
1683 3080 1766 3127 28.
1803 3079 1846 3141 Ι,
1873 3080 1991 3128 350.
2038 3079 2100 3127 A.
2127 3078 2406 3143 Bynaeus,
2436 3078 2501 3127 de
2526 3084 2694 3127 morte

240 3160 283 3209 J.
304 3162 353 3213 C.
372 3164 405 3213 1.
428 3166 467 3214 I.
492 3182 681 3215 comm.
722 3165 955 3231 ampliss.
992 3165 1213 3215 Amstel.
1254 3168 1404 3216 1691.
1440 3167 1481 3215 Ι.
1518 3168 1565 3227 5,
1602 3168 1650 3215 3.
1688 3183 1740 3231 p.
1769 3167 1886 3215 386.
1913 3180 1954 3215 5.
2005 3164 2056 3214 S.
2082 3165 2210 3227 Rus,
2236 3166 2419 3214 Harm.
2445 3166 2544 3215 Ev.
2570 3165 2692 3214 Jcn.

244 3250 365 3300 1730.
396 3252 495 3314 ΠΙ,
520 3254 641 3302 515.
666 3252 720 3302 J.
745 3252 807 3300 B.
834 3252 1065 3317 Bengel,
1092 3251 1337 3302 Gnomon
1362 3252 1428 3301 N.
1453 3252 1514 3302 T.
1542 3252 1624 3301 ed.
1652 3252 1843 3317 Stuttg.
1885 3253 2035 3302 1860.
2061 3268 2112 3317 p.
2140 3253 2256 3301 378.
2284 3254 2332 3301 9.
2357 3251 2410 3300 J.
2436 3252 2487 3300 J.
2533 3251 2690 3312 Hess,

244 3333 599 3403 Lebensgesch.
624 3339 740 3389 Jes.
766 3339 849 3389 ed.
876 3340 967 3388 VI.
993 3338 1130 3388 Tub.
1161 3340 1309 3389 1787.
1347 3338 1416 3401 11,
1444 3340 1562 3387 347.
1614 3338 1678 3387 G.
1711 3340 1773 3387 B.
1810 3340 2012 3399 Winer,
2039 3337 2244 3398 δεῖπνον,
2273 3338 2336 3386 de
2365 3354 2469 3403 quo
2496 3338 2690 3387 Joann.

244 3436 281 3469 c.
306 3426 373 3473 13.
406 3425 683 3491 Evangelii
708 3427 993 3475 memoriae
1018 3426 1269 3491 prodidit,
1294 3442 1421 3475 num
1445 3422 1616 3494 πάσχα.
1639 3426 1800 3474 fuerit
1827 3426 2114 3490 quaeritur.
2151 3423 2300 3489 Lips.
2329 3426 2478 3474 1847.
2499 3440 2549 3489 p.
2577 3427 2624 3473 4.
2651 3438 2692 3472 5.

244 3506 653 3574 J.wichelhaus,
680 3512 835 3561 Vers.
874 3528 920 3562 6.
955 3526 1002 3561 5.
1043 3511 1243 3561 Comm.
1280 3529 1323 3561 z.
1360 3513 1409 3561 d.
1438 3512 1501 3561 G.
1528 3512 1576 3561 d.
1612 3512 1845 3561 Leidens
1869 3512 1920 3561 J.
1950 3511 2008 3561 C.
2033 3511 2209 3561 Halle.
2250 3513 2398 3560 1855.
2423 3528 2474 3576 p.
2504 3514 2619 3561 155.
2647 3530 2688 3561 5.

244 3592 374 3661 Rope,
398 3598 517 3651 dass
542 3600 641 3650 das
666 3600 817 3649 Mahl
842 3599 891 3649 d.
917 3598 1254 3650 Fusswasch.
1276 3616 1342 3649 m.
1364 3598 1414 3648 d.
1434 3599 1714 3649 Pascham.
1735 3598 1882 3648 nicht
1905 3599 2066 3647 ident.
2093 3599 2186 3648 sei.
2217 3598 2514 3663 Hamburg.
2540 3600 2689 3649 1856.

246 3836 401 3891 indicia
432 3850 609 3893 tamen
646 3842 811 3904 dedit,
850 3842 991 3893 unde
1028 3859 1355 3908 cognoscere
1392 3849 1641 3909 poterant
1669 3845 1912 3909 quisnam
1950 3847 2115 3907 esset3
2155 3842 2348 3892 deinde
2373 3845 2492 3909 ipsa
2528 3844 2692 3893 dictat

245 3928 385 3986 verba,
407 3932 595 3994 quibus
633 3930 913 3995 praecipit,
940 3935 999 3979 ut
1024 3930 1191 3995 primo
1225 3929 1407 3979 dicant
1441 3929 1840 3995 patrifamilias:
1878 3946 1936 3979 56
1961 3929 2174 3979 Ρ556115
2196 3931 2250 3978 111
2277 3931 2442 3994 ipsius
2469 3930 2691 3979 aedibus

246 4014 473 4065 comedere
518 4016 687 4077 velle,
736 4020 928 4080 postea
970 4020 1159 4081 petant
1206 4022 1267 4065 ut
1314 4017 1487 4066 locum
1534 4017 1603 4066 511
1651 4032 1769 4067 65111
1814 4033 1924 4065 rem
1973 4016 2302 4067 commodum
2350 4015 2689 4065 demonstret.

245 4095 372 4149 Cuius
404 4104 475 4151 rei
511 4116 733 4153 causam
770 4104 849 4151 sic
886 4102 1137 4151 reddantz
1174 4104 1425 4167 magister
1460 4104 1557 4152 tibi
1593 4104 1806 4152 nuntiat
1840 4106 2046 4168 tempus
2087 4104 2269 4152 mortis
2307 4116 2457 4151 meae
2495 4116 2687 4167 appro-

246 4184 437 4251 pinquat,
470 4189 597 4239 volo
632 4190 819 4253 itaque
854 4189 911 4237 in
948 4188 1103 4237 domo
1141 4193 1237 4239 tua
1272 4189 1372 4238 hac
1408 4190 1525 4239 vice
1562 4189 1804 4239 ultimum
1842 4204 2038 4254 agnum
2075 4188 2386 4254 paschalem
2421 4188 2596 4237 edere.

412 4276 447 4341 ¹)
480 4277 745 4327 Emerunt
779 4276 970 4326 Petrus
1006 4282 1060 4325 et
1093 4276 1334 4326 «Ioannes
1370 4292 1581 4341 agnum,
1622 4276 1794 4342 qualis
1830 4277 1888 4325 in
1923 4275 2072 4340 Lege
2109 4275 2440 4324 describitur.
2488 4274 2689 4324 Macta-

246 4366 341 4407 runt
376 4361 513 4412 illum
548 4365 605 4413 in
642 4362 853 4428 Templi
896 4365 1061 4425 atrio,
1099 4378 1164 4413 56
1200 4368 1323 4429 post
1357 4378 1599 4428 sparsum
1634 4378 1670 4412 a
1705 4362 1984 4412 sacerdote
2031 4362 2369 4426 sanguinem,
2408 4366 2691 4426 portarunt

247 4442 299 4491 ad
324 4448 473 4498 virum
494 4477 561 4485 —
588 4448 805 4499 Christo
842 4448 1155 4499 familiarem
1174 4477 1241 4485 —
1263 4454 1449 4515 utpote
1486 4450 1630 4515 apud
1668 4465 1824 4514 quem
1859 4448 2098 4498 ultimam
2135 4462 2286 4497 suam
2325 4463 2548 4497 coenam
2583 4464 2690 4498 non

246 4526 455 4586 inritatus
486 4552 695 4587 sumere
731 4535 913 4584 vellet.
958 4536 1221 4586 Assarunt
1258 4536 1447 4586 deinde
1484 4550 1629 4598 veru,
1668 4536 1828 4601 coqui
1853 4534 2096 4585 fecerunt
2132 4548 2336 4599 azyma,
2363 4539 2692 4599 paraverunt

246 4612 399 4671 herbas
432 4636 654 4686 amaras,
692 4624 877 4671 vinum
914 4626 967 4671 et
1002 4623 1209 4687 reliqua
1243 4624 1394 4672 ’iuxta
1429 4638 1627 4672 morem
1665 4622 1735 4671 ad
1771 4620 1826 4671 id
1863 4623 2166 4671 convivium
2201 4621 2473 4687 requisita.

2314 4708 2379 4757 7*
