3267 5259
1130 461 1415 513 Evangelium
1443 464 1487 502 S.
1512 460 1739 502 Hatthsci.
2431 453 2445 465 ⁰
2552 448 2676 513 267

232 634 551 723 Messiam
612 636 689 698 in
734 644 897 699 tota
954 659 1003 700 s.
1053 635 1635 721 Scripturarum
1695 635 1779 700 V.
1825 636 1902 701 T.
1949 637 2152 699 serie
2213 636 2453 700 toties
2512 658 2678 721 pro-

230 747 535 827 missum,
580 747 727 811 iam
772 756 929 811 tum
976 748 1425 831 advenisse3
1493 758 1567 812 et
1610 747 1816 812 hunc
1865 770 2034 812 esse
2091 769 2368 813 revera
2412 747 2678 813 Jesum

233 866 429 941 gente
478 858 895 941 Davidica,
956 868 1032 923 et
1088 859 1417 945 proinde
1463 858 1986 924 Abrahamica
2030 868 2322 941 natum,
2387 861 2516 945 qui
2577 858 2678 923 di-

236 972 408 1034 eitur
465 970 878 1036 Christus1.
946 971 1279 1037 Fervebat
1338 995 1416 1037 eo
1464 981 1780 1057 tempore,
1842 995 1970 1058 quo
2036 996 2084 1037 S.
2147 971 2518 1037 Matthaeus
2593 971 2680 1036 ad

234 1086 609 1169 scriptionem
664 1084 1009 1169 Evangelii
1070 1084 1371 1149 divinitus
1433 1087 1755 1149 excitatus
1815 1094 1930 1167 est,
1993 1085 2214 1149 odium
2273 1083 2678 1151 Judaeorum

234 1196 285 1258 in
324 1195 449 1260 dies
490 1198 697 1281 magis
746 1206 973 1261 contra
1016 1220 1156 1261 rem
1204 1196 1639 1262 Christianam
1686 1208 1750 1261 et
1777 1197 2140 1262 Ecclesiae.
2195 1197 2440 1262 Veram
2483 1196 2679 1281 illam,

234 1308 338 1372 Dei
376 1308 537 1373 hane
584 1332 726 1373 esse
758 1319 1109 1395 negarunt3
1156 1309 1356 1396 idque
1404 1312 1806 1395 argumentis
1847 1333 1884 1375 e
1914 1311 1996 1376 V.
2029 1310 2105 1375 Τ.
2151 1312 2389 1397 petitis.
2435 1309 2679 1396 Apolo-

235 1422 475 1505 getieam
530 1422 730 1506 igitur
791 1432 857 1486 et
910 1421 1321 1509 polemicam,
1381 1446 1577 1509 quam
1639 1423 1882 1505 dicunt,
1945 1423 2243 1506 formam,
2303 1446 2438 1489 non
2501 1446 2679 1488 mere

234 1532 563 1599 historicam
628 1533 1097 1621 Apostolorum
1163 1534 1565 1622 praedicatio
1633 1534 1978 1621 Evangelii
2043 1538 2214 1600 inter
2280 1535 2682 1601 Christianos

235 1644 487 1711 Judaeos
530 1647 817 1711 induerit
858 1670 1133 1712 necesse
1183 1657 1297 1712 est.
1388 1647 1692 1713 Eundem
1741 1658 1958 1712 autem
2005 1648 2089 1712 ad
2133 1647 2331 1713 finem
2377 1648 2680 1734 Evange-

233 1757 361 1821 lium
402 1782 447 1823 e.
478 1759 794 1826 Matthaei
844 1762 1304 1825 concinnatum
1352 1784 1387 1825 e
1434 1771 1698 1825 textura
1739 1762 1874 1825 eius
1905 1759 2100 1825 facile
2133 1770 2428 1847 apparet.
2477 1760 2685 1846 Igitur

232 1894 271 1934 s.
310 1871 658 1936 Matthaeus
704 1873 789 1937 D.
837 1872 915 1936 N.
963 1872 1025 1937 J.
1076 1873 1149 1938 C.
1195 1874 1517 1939 Historias
1566 1897 1749 1938 orsus
1803 1897 1960 1938 mox
2006 1872 2092 1938 ad
2137 1896 2304 1957 eam,
2367 1897 2536 1960 quae
2583 1896 2678 1953 se7

233 1984 476 2048 cundum
522 1985 877 2050 humanam
924 1994 1225 2051 naturam
1273 1996 1391 2069 est,
1439 1985 1674 2051 Christi
1721 1988 2211 2071 generationem
2260 2009 2344 2050 ex
2375 1988 2683 2072 prosapia

230 2098 381 2179 regia
422 2096 695 2161 Davidis
744 2098 1176 2163 enarrandam
1224 2098 1464 2163 adiecit
1509 2101 1828 2182 animum3
1877 2109 1944 2164 et
1984 2097 2238 2184 reliqua
2280 2100 2346 2162 in
2387 2098 2680 2181 infantia,

230 2212 543 2292 praeconio
592 2233 675 2274 ac
720 2220 930 2275 morte
977 2220 1164 2295 gesta
1207 2213 1299 2275 ita
1344 2210 1673 2293 describit,
1721 2221 1793 2275 ut
1837 2234 1924 2275 ex
1969 2210 2268 2275 adductis
2314 2220 2682 2297 opportune

229 2322 547 2386 vaticiniis2
610 2324 1057 2409 expositisque
1118 2322 1410 2409 plurimis
1473 2323 1799 2388 miraculis
1848 2323 2340 2410 comprobaret:
2410 2323 2453 2389 J
2467 2346 2681 2387 esum

234 2454 353 2497 esse
390 2433 803 2499 Christum.
871 2435 961 2499 Et
996 2458 1156 2501 sane
1197 2459 1345 2501 cum
1382 2438 1739 2522 praecipue
1781 2460 1830 2500 s.
1863 2435 2235 2501 Matthaeus
2273 2434 2359 2499 ad
2391 2434 2722 2531 Judaeos⁸

233 2536 575 2632 scripsisset,
644 2570 782 2611 non
845 2558 1103 2634 poterat
1168 2548 1423 2614 illorum
1483 2552 1692 2633 magis
1763 2558 1827 2613 et
1894 2549 2258 2614 evidentius
2324 2547 2410 2612 ad
2455 2548 2682 2613 Jesum

234 2656 395 2723 fidem
451 2683 709 2746 cogere,
771 2684 964 2746 quam
1014 2664 1065 2726 si
1114 2663 1519 2744 ostenderet,
1574 2662 1755 2727 illum
1803 2664 1912 2748 qui
1956 2684 2152 2726 verus
2199 2684 2344 2727 esse
2391 2660 2684 2726 Christus

232 2770 339 2833 iam
396 2772 607 2858 palam
685 2772 1223 2859 praedicabatur,
1300 2798 1442 2840 esse
1518 2775 1827 2840 Messiam
1899 2775 2202 2840 Patribus
2269 2776 2681 2861 promissum.

230 2880 569 2971 Eapropter
625 2888 859 2951 merito
924 2886 1073 2952 huic
1136 2887 1600 2972 Evangelistae
1671 2888 1942 2969 ,facies
2009 2886 2376 2952 hominis‘
2439 2886 2686 2952 tributa

232 2994 402 3060 veluti
434 3000 747 3084 insigne
789 3002 925 3063 sive
966 2999 1359 3086 symbolum3
1403 3004 1556 3086 quia
1593 3023 1754 3086 prae
1791 3000 2056 3086 reliquis
2097 3024 2146 3064 s,
2171 3000 2684 3085 Evangeliorum

236 3110 621 3193 scriptoribus
668 3111 1283 3177 humanitatem
1330 3112 1654 3177 Christi
1701 3112 2070 3178 describere
2127 3112 2477 3198 adgressus
2527 3116 2681 3177 est3.

414 3330 449 3393 ¹)
486 3330 685 3381 Omnes
723 3332 847 3381 inde
885 3346 919 3381 a
952 3333 1135 3398 primis
1170 3334 1277 3382 iam
1314 3334 1642 3398 temporibus
1679 3333 1778 3381 hoc
1815 3334 2100 3397 scriptores
2137 3332 2402 3381 viderunt.
2443 3332 2518 3381 Ut
2553 3347 2682 3381 non-

234 3412 381 3465 nullos
422 3416 607 3466 horum
644 3422 945 3483 temporum
980 3418 1308 3468 afferramus.
1348 3420 1410 3468 V.
1450 3418 1510 3469 C.
1547 3419 1608 3468 A.
1650 3418 1900 3480 Credner‚
1940 3420 2083 3468 Einl.
2110 3420 2154 3468 Ι.
2194 3422 2240 3481 1,
2267 3420 2349 3468 60.
2377 3435 2418 3468 s.
2455 3418 2683 3481 Kssstlin,

236 3496 312 3547 der
359 3501 627 3568 Ursprung
681 3504 791 3553 und
848 3504 933 3553 die
990 3504 1355 3570 Composition
1410 3505 1504 3555 der
1559 3504 1780 3569 Synopt.
1835 3506 1936 3555 Ev.
1992 3505 2185 3571 Stuttg.
2244 3507 2392 3556 1853.
2441 3522 2493 3569 p.
2543 3507 2590 3555 6.
2641 3520 2683 3555 s.

234 3584 313 3633 Ad.
358 3588 533 3651 Maier,
584 3590 713 3641 Unt.
766 3595 815 3640 ti.
866 3590 917 3641 d.
968 3592 1074 3640 Zw.
1130 3608 1183 3655 p.
1232 3594 1281 3641 4.
1331 3608 1389 3653 s.‚
1448 3606 1587 3657 quae
1643 3591 1770 3642 diss.
1819 3594 2080 3657 reperitur
2133 3593 2292 3641 etiam
2347 3593 2404 3641 in
2458 3591 2684 3641 zeitsch.

236 3670 264 3719 f.
294 3672 379 3723 Th.
410 3674 583 3725 Freib.
628 3678 781 3727 1847.
816 3677 1017 3738 XVIII,
1056 3680 1107 3727 5.
1154 3677 1319 3739 Baur,
1354 3678 1489 3728 Krit.
1529 3678 1656 3729 Unt.
1693 3684 1746 3727 fl.
1796 3678 1845 3727 d.
1895 3680 2032 3728 Kan.
2068 3680 2276 3744 Evang.
2325 3678 2479 3728 ihren
2527 3679 2684 3728 Char.

238 3756 367 3823 L'rsp.
410 3762 541 3812 Tub.
587 3765 740 3813 1847.
791 3763 935 3824 mitt,
986 3764 1053 3813 de
1102 3779 1337 3829 compos.
1384 3765 1592 3830 Evang.
1641 3767 1903 3830 synoptic.
1953 3766 2124 3815 Bonn.
2172 3768 2321 3816 1860.
2396 3765 2436 3830 ²)
2477 3766 2684 3814 Etenim

234 3844 391 3908 viginti
439 3848 623 3899 horum
678 3850 1055 3899 vaticiniorum
1108 3850 1449 3915 proferuntur
1501 3852 1565 3901 V.
1614 3851 1801 3903 Matth.
1867 3856 1914 3915 1,
1965 3855 2048 3902 23.
2120 3856 2168 3913 2,
2220 3855 2268 3902 6.
2323 3854 2402 3901 15.
2471 3852 2550 3901 18.
2601 3853 2684 3901 23.
2788 3850 2806 3857 “

236 3930 276 3989 3,
306 3934 347 3980 3.
400 3936 445 3995 4,
484 3938 563 3985 16.
626 3938 677 3996 8,
720 3938 799 3985 17.
864 3940 944 3997 11,
983 3938 1032 3986 5.
1088 3940 1169 3987 10.
1228 3939 1309 3999 12,
1350 3939 1431 3987 18.
1488 3940 1569 3999 13,
1608 3940 1692 3987 35.
1739 3942 1821 3999 21,
1861 3940 1910 3987 5.
1958 3940 2040 3989 16.
2089 3940 2172 3987 42.
2227 3940 2310 3999 22,
2347 3940 2432 3987 44.
2479 3939 2562 3998 26,
2600 3940 2685 3987 31.

236 4016 304 4075 27,
332 4020 376 4068 9.
406 4023 485 4071 35.
518 4024 603 4071 43.
638 4023 727 4073 46.
784 4022 979 4073 Rarius
1016 4023 1071 4072 id
1106 4022 1167 4072 fit
1201 4023 1347 4089 apud
1394 4023 1629 4089 reliquos
1677 4024 2081 4089 Evangelistas,
2134 4024 2417 4090 quinquies
2467 4024 2686 4087 inquam

237 4106 355 4167 apud
386 4123 424 4158 s.
449 4108 715 4171 Marcum,
757 4110 923 4160 octies
962 4110 1107 4174 apud
1144 4127 1185 4160 s.
1211 4110 1442 4173 Lucam,
1480 4110 1734 4161 undecies
1760 4116 1938 4163 autem
1975 4110 2119 4176 apud
2156 4128 2197 4161 s.
2225 4110 2508 4159 Joannem.
2571 4108 2684 4159 Imo

236 4204 349 4253 quae
370 4192 419 4242 S.
445 4194 495 4243 S.
522 4196 833 4245 testimonia
870 4195 1015 4261 apud
1038 4212 1081 4245 s.
1101 4196 1343 4245 Marcum
1367 4201 1421 4245 et
1445 4210 1486 4246 s.
1508 4195 1712 4245 Lucam
1749 4196 2054 4258 laudantur,
2091 4196 2270 4245 demto
2306 4212 2412 4245 uno
2447 4194 2686 4245 alterove

236 4302 287 4310 -—
308 4294 347 4325 c.
370 4296 415 4345 g.
438 4281 605 4331 Marc.
633 4284 680 4343 1,
708 4284 757 4331 2.
784 4284 833 4331 3.
886 4284 965 4343 15,
994 4284 1077 4331 28.
1126 4282 1259 4331 Luc.
1287 4284 1335 4344 3,
1362 4284 1411 4332 4.
1438 4284 1489 4331 5.
1514 4284 1561 4331 6.
1590 4310 1677 4345 —-‚
1701 4298 1808 4332 non
1847 4283 1916 4332 ab
1953 4284 2084 4347 ipsis
2121 4281 2218 4332 sed
2253 4281 2323 4331 ab
2361 4281 2482 4331 aliis
2521 4280 2682 4331 advo-

238 4372 407 4415 eantur.
474 4369 665 4433 Neque
716 4368 853 4417 illud
902 4368 1277 4418 observatione
1320 4368 1627 4433 indignum:
1683 4368 1902 4419 studio
1956 4384 1998 4419 s.
2035 4368 2364 4418 Matthaeum
2421 4368 2686 4433 quaedam

238 4462 435 4513 narrare,
470 4460 529 4503 ut
552 4454 949 4504 demonstraret
980 4451 1231 4522 πλήρωμα
1266 4454 1543 4505 cuiusdam
1578 4455 1908 4519 prophetiae.
1958 4455 2019 4504 V.
2053 4457 2100 4515 1,
2131 4455 2348 4515 18-23.
2387 4456 2436 4516 2,
2466 4456 2686 4505 13-15.

240 4534 303 4582 23.
332 4540 376 4597 4,
396 4541 611 4591 12-16.
652 4543 737 4601 12,
767 4542 988 4589 15-21.
1026 4542 1111 4601 21,
1140 4544 1223 4591 15.
1252 4542 1331 4591 16.
1371 4542 1454 4601 27,
1480 4542 1668 4591 3-10,
1720 4538 1759 4604 3)
1787 4540 1867 4590 Cf.
1893 4556 1936 4591 s.
1956 4540 2286 4604 Hieronymi,
2312 4555 2474 4605 super
2495 4540 2686 4593 Matth.

240 4618 293 4667 ad
320 4623 595 4676 Eusebium
630 4626 803 4692 praes.
830 4643 883 4689 p.
911 4629 959 4677 6.
985 4626 1267 4676 scribentis
1304 4627 1499 4676 verbax
1540 4626 1724 4686 „Haec
1748 4627 1910 4691 igitur
1935 4631 2164 4692 quatuor
2187 4626 2490 4692 Evangelia
2521 4627 2684 4677 multo
