3267 5259
551 434 724 486 XLVI
1364 447 1610 502 Apparatus
1638 449 1861 492 Biston-ico
1876 472 1929 482 —-
1948 447 2201 492 Chre-icus.

547 634 706 690 inter
753 647 970 699 causas,
1022 648 1203 708 quare
1233 629 1502 688 Christus
1543 629 1753 688 relicta
1794 629 2019 697 Judaea
2062 629 2360 688 secesserit
2402 630 2469 688 in
2510 628 2843 688 Galilaeam
2888 630 3046 688 hanc

549 733 727 793 etiam
759 737 1048 792 recenset:
1101 753 1254 806 ‚cum
1301 735 1580 793 audiisset
1622 733 1661 791 J
1662 754 1789 793 esus
1833 736 1986 812 quod
2026 733 2279 793 Joannes
2308 734 2563 794 traditus
2590 739 2756 805 esset,
2806 733 3047 792 secessit

546 841 610 898 in
641 837 1010 898 Galilaeam.‘
1041 838 1307 898 Christus
1329 839 1519 914 igitur
1539 841 1713 898 iuxta
1734 841 1879 899 haec
1900 839 2102 898 audito
2132 857 2393 910 rumore3
2426 839 2580 918 quod
2606 837 2665 898 S.
2689 837 2727 895 J
2728 857 2949 898 oannes
2973 838 3046 896 Β.

545 946 612 1002 in
641 943 882 1002 vincula
911 943 1202 1002 coniectus
1232 947 1396 1015 esset,
1447 945 1689 1004 transiit
1726 963 1803 1003 ex
1830 944 1868 1002 J
1870 945 2055 1004 udaea
2082 945 2149 1001 iu
2178 943 2531 1014 Galilaeam3
2582 962 2793 1003 cavere
2838 943 3050 1002 volens

546 1069 620 1106 ne
675 1050 806 1126 pari
858 1049 1026 1107 modo
1069 1069 1108 1107 a
1149 1048 1482 1108 Pharisaeis
1527 1051 1592 1107 in
1634 1049 1673 1107 J
1675 1050 1860 1109 udaea
1905 1049 2275 1126 potissimum
2318 1049 2665 1123 degentibus
2710 1048 3051 1106 traderetur

546 1153 770 1212 Herodi
800 1154 952 1212 sicut
981 1153 1302 1229 Baptistes3
1350 1171 1524 1231 quem
1553 1158 1969 1229 suggesserunt
2011 1154 2379 1230 capiendum.
2443 1152 2647 1230 Ipsum
2677 1171 2820 1212 vero
2850 1151 3047 1210 Hero-

547 1261 680 1316 dem
711 1260 772 1316 in
805 1256 1070 1316 Galilaea
1115 1263 1459 1332 regnantem
1507 1278 1626 1317 nou
1674 1259 1953 1328 timebat;
2001 1257 2143 1336 quia
2176 1257 2349 1316 illum
2397 1277 2515 1317 non
2561 1257 2907 1330 offenderat,
2956 1257 3046 1314 uti

547 1363 872 1421 offenderat
899 1361 937 1420 J
937 1381 1155 1421 oannes
1183 1361 1251 1419 B.
1289 1363 1719 1439 reprehendens
1760 1365 1830 1421 de
1877 1361 2087 1422 illicito
2128 1362 2503 1421 matrimonio
2545 1381 2678 1421 cum
2710 1362 3053 1420 Herodiade

550 1471 846 1528 contracto
874 1464 910 1526 ¹.
944 1468 1326 1526 Manifestum
1359 1467 1602 1544 proinde
1633 1473 1721 1526 est
1750 1467 1983 1526 nullum
2018 1467 2201 1527 trium
2234 1467 2498 1544 priorum
2524 1467 3053 1542 Evangelistarum

547 1592 673 1630 rem
695 1573 863 1630 illam
883 1591 988 1630 suo
1009 1572 1260 1630 ordine
1285 1591 1542 1630 narrare.
1569 1571 1630 1630 S.
1668 1572 2004 1631 Matthaeus
2034 1571 2194 1630 enim
2223 1577 2285 1629 et
2302 1592 2351 1630 s.
2376 1572 2611 1631 Marcus
2640 1571 2763 1631 alia
2790 1571 3055 1650 quadam

552 1676 846 1736 occasione
885 1677 978 1734 usi
1023 1675 1279 1746 vincula,
1329 1678 1542 1756 quibus
1573 1677 1629 1734 d.
1661 1676 1699 1734 J
1700 1696 1916 1735 oannes
1960 1677 2491 1752 constringebatur,
2540 1681 3003 1735 commemorant
3026 1672 3057 1714 ²

550 1787 678 1858 post
707 1787 957 1840 mortem
986 1781 1312 1858 Baptistae:
1346 1801 1479 1839 cum
1511 1781 1793 1853 referunt,
1828 1781 2113 1860 quomodo
2142 1781 2490 1840 interfectus
2520 1783 2720 1852 fuerit,
2754 1781 2845 1839 ibi
2868 1780 3055 1840 simul

551 1887 732 1945 etiam
758 1886 958 1963 paucis
980 1887 1335 1957 describunt,
1363 1887 1645 1964 quomodo
1668 1885 1735 1944 in
1756 1885 1998 1945 vincula
2019 1887 2311 1944 coniectus
2332 1886 2534 1945 fuerit.
2564 1879 2704 1945 Non
2726 1885 2887 1964 quod
2908 1891 3057 1944 tunc

554 1993 812 2068 primum
843 2012 977 2051 cum
1012 1990 1411 2064 decollaretur,
1447 1992 1543 2049 vel
1572 1991 1749 2068 paulo
1778 1997 1915 2050 ante
1936 1993 1999 2052 in
2024 2011 2311 2050 carcerem
2340 1991 2593 2050 traditus
2614 1990 2802 2049 fuerit
2830 1995 3052 2061 autem,

553 2096 636 2156 Ut
659 2097 779 2156 iam
801 2097 1061 2156 diximus
1085 2097 1140 2154 d.
1163 2097 1352 2156 Lucas
1367 2095 1392 2134 3
1421 2102 1626 2155 texens
1650 2117 1743 2154 res
1766 2097 2060 2173 praeconii
2083 2095 2121 2153 J
2121 2095 2329 2154 oannis
2355 2096 2425 2154 B.
2448 2097 2639 2154 obiter
2660 2101 2801 2154 ante
2824 2095 3055 2154 Christi

553 2203 886 2262 adhucdum
916 2202 1271 2278 baptismum
1303 2201 1571 2260 meminit
1603 2198 1747 2257 κατὰ
1774 2197 2079 2277 προλήψινε
2112 2201 2264 2279 quod
2296 2206 2492 2277 postea
2515 2219 2553 2258 a
2573 2201 2809 2258 Herode
2838 2207 3051 2276 captus

551 2310 648 2366 sit.
725 2307 894 2370 Quod
944 2307 1178 2365 tandem
1223 2308 1294 2365 ad
1334 2327 1380 2364 s.
1411 2306 1448 2363 J
1451 2325 1698 2364 oannem
1747 2307 1964 2363 attinet
1981 2303 2005 2344 ⁴
2043 2305 2289 2364 ultimus
2332 2305 2721 2380 Evangelista
2772 2305 3054 2382 apposuit

551 2413 934 2471 secundum
979 2413 1362 2471 adventum
1390 2411 1562 2469 Jesu
1591 2409 1669 2468 in
1698 2409 2129 2480 Galilaeam3
2182 2415 2251 2468 ut
2298 2411 2559 2468 erudiret
2598 2409 2845 2468 lectores
2892 2415 3047 2468 cete·

554 2538 750 2577 rorum
795 2515 1339 2591 Evangelistarum,
1396 2517 1550 2594 quod
1601 2517 1678 2573 de
1734 2515 1961 2591 primo
2012 2515 2269 2574 reditu
2322 2515 2395 2574 in
2448 2513 2852 2573 Galilaeam
2906 2535 3051 2573 nou

555 2621 1034 2692 meminerint,
1065 2622 1166 2679 sed
1197 2623 1268 2679 de
1298 2621 1408 2679 hoo
1435 2621 1687 2679 secundo
1715 2619 1821 2699 qui
1850 2619 1968 2678 fuit
1999 2619 2218 2678 tradito
2250 2619 2287 2676 J
2290 2639 2476 2678 oanne
2510 2621 2751 2678 carceri.
2802 2621 3043 2695 Optime

554 2729 664 2785 hoc
693 2727 952 2784 advertit
981 2725 1122 2784 olim
1155 2726 1272 2783 iam
1303 2747 1348 2782 e.
1383 2726 1755 2800 Augustinus
1774 2725 1817 2796 ⁵,
1866 2724 2123 2798 intelligi
2160 2726 2307 2791 „hoc
2335 2729 2453 2782 tres
2482 2724 2897 2799 Evangelistas
2928 2744 3051 2782 non

554 2832 769 2890 Joanni
803 2827 1216 2904 Evangelistae
1247 2829 1546 2888 contraria
1575 2849 1855 2902 narrasse,
1904 2831 2003 2888 sed
2035 2829 2488 2906 praetermisisse
2520 2828 2780 2905 primum
2806 2829 3057 2887 Domini

557 2937 878 2996 adventum
907 2934 972 2993 in
1003 2934 1270 2994 Galilaea
1315 2939 1690 3014 posteaquam
1730 2933 2063 3010 baptizatus
2103 2938 2248 2992 est.“
2314 2933 2533 2992 Omnia
2558 2933 2593 2990 J
2598 2954 2699 2992 esu
2728 2939 2895 3008 gesta
2924 2939 3060 3010 post

519 3021 525 3028 ι
558 3042 848 3100 ieiunium
872 3061 1053 3120 usque
1073 3042 1147 3098 ad
1169 3060 1458 3099 carcerem
1479 3039 1516 3097 J
1519 3041 1725 3099 oannis
1748 3039 1836 3111 Β.,
1870 3059 2019 3117 quae
2042 3043 2289 3118 quartus
2312 3036 2773 3114 Evangeliorum
2796 3039 3059 3115 scriptor

559 3152 779 3219 narrat,
815 3150 1011 3205 tacent
1039 3146 1380 3223 Synoptici3
1427 3151 1795 3204 transeuntes
1824 3165 1859 3203 a
1889 3144 2113 3203 ieiunio
2142 3144 2362 3202 Christ-i
2395 3144 2467 3202 ad
2496 3144 2763 3202 auditam
2794 3143 3058 3220 eaptivi-

559 3257 738 3310 tatem
771 3251 1087 3327 Baptistae.

769 3422 1100 3492 Diqressionis
1136 3420 1207 3474 ad
1241 3423 1406 3474 instar
1440 3423 1762 3475 examinatur
1796 3421 1965 3490 opinio
1998 3420 2057 3473 de
2090 3420 2283 3490 duplici
2318 3419 2603 3488 captivitate
2639 3420 2691 3472 S.
2732 3419 2953 3472 Joauuis
2990 3421 3057 3472 B.

559 3507 863 3560 Bernardus
901 3507 1073 3574 Lamy
1108 3537 1173 3546 ——
1209 3509 1264 3558 in
1301 3506 1559 3573 peculiari
1595 3512 1825 3558 tractatu
1861 3506 1929 3556 de
1962 3505 2193 3556 vinculis
2228 3505 2486 3569 Joannis,
2536 3519 2695 3572 quem
2737 3507 2887 3556 1695.
2928 3507 2985 3555 In
3024 3505 3060 3556 1.

561 3597 864 3648 Reflexions
903 3611 993 3646 sur
1041 3595 1092 3645 le
1139 3593 1368 3660 systeme
1417 3594 1481 3646 de
1536 3595 1703 3644 Louis
1752 3594 1819 3644 de
1870 3594 2024 3645 Leon
2074 3593 2193 3644 Par.
2244 3592 2410 3643 edidit
2462 3597 2627 3657 atque
2680 3593 2736 3642 in
2790 3599 3062 3658 apparatu

562 3684 742 3735 chron.
787 3689 844 3734 et
875 3699 1056 3750 geogr.
1095 3682 1162 3733 ad
1200 3682 1401 3733 Comm.
1444 3683 1502 3732 in
1537 3681 1887 3732 Harmoniam
1922 3681 2022 3731 Ev.
2060 3681 2181 3730 Par.
2223 3681 2373 3730 1699.
2410 3680 2623 3745 repetiit
2668 3696 2720 3745 p.
2758 3681 2879 3730 212.
2918 3694 2963 3729 s.
2994 3707 3061 3718 -

561 3773 722 3824 variis
761 3770 1165 3840 probationibus
1202 3785 1332 3820 usus
1373 3769 1736 3820 demonstrare
1776 3768 1971 3818 voluit:
2012 3766 2065 3817 S.
2098 3766 2418 3817 Joannem
2456 3765 2821 3832 Baptistam
2859 3781 2991 3818 non
3028 3781 3061 3816 a

561 3859 703 3910 solo
752 3857 1038 3920 Herode,
1091 3856 1203 3908 sed
1253 3863 1314 3906 et
1361 3871 1393 3907 a
1440 3855 1911 3906 sacerdotibus
1958 3855 2391 3917 Judaeorum,
2442 3853 2699 3920 quando
2750 3853 3061 3905 Christus

777 4122 814 4186 ¹)
857 4121 938 4171 cf.
977 4118 1133 4171 Card.
1171 4119 1406 4170 Thomas
1444 4119 1510 4169 de
1549 4119 1651 4170 Vio
1688 4118 1959 4182 Caietani,
2007 4121 2063 4169 in
2107 4124 2337 4184 quatuor
2380 4117 2681 4184 Evangelia
2724 4117 2793 4170 ad
2841 4135 3060 4172 sensum

565 4225 724 4278 quem
760 4213 957 4259 vocant
991 4207 1249 4258 literalem
1287 4206 1487 4257 Gomm.
1513 4208 1635 4258 Par.
1678 4209 1827 4258 1542.
1866 4223 1917 4273 p.
1955 4210 2038 4258 22.
2066 4209 2184 4258 359.
2260 4205 2302 4270 ²)
2340 4206 2494 4256 Prior
2530 4205 2743 4272 quidem
2785 4207 2869 4268 14,
2907 4210 2961 4258 3.
2998 4225 3057 4270 s.,

564 4298 827 4364 posterior
863 4301 1039 4346 autem
1077 4297 1126 4359 6,
1167 4296 1250 4344 2⁷.
1281 4311 1324 4345 s.
1398 4295 1440 4359 ³)
1479 4295 1538 4345 P.
1575 4295 1766 4345 XLIV.
1828 4295 2005 4344 Etiam
2040 4293 2299 4345 Matthaei
2338 4295 2420 4355 11,
2448 4297 2497 4342 2.
2522 4309 2564 4344 s.
2613 4293 2862 4360 Baptista
2897 4301 3062 4346 antea

565 4384 884 4436 describitur
919 4383 1083 4434 fuisse
1129 4382 1186 4432 in
1231 4381 1487 4444 vinculis,
1535 4383 1736 4448 quibus
1781 4381 1923 4432 ultra
1968 4396 2167 4432 annum
2214 4382 2694 4447 constringebatur.
2758 4381 2867 4433 Per
2910 4397 3059 4434 reca-

565 4470 936 4537 pitulationem
973 4485 1098 4536 ergo
1135 4469 1422 4536 eaptivitas
1447 4469 1500 4521 S.
1537 4469 1573 4519 J
1577 4471 1767 4520 oannis
1803 4469 2079 4534 Baptistae
2114 4468 2289 4534 longe,
2328 4473 2451 4534 post
2486 4483 2645 4535 quam
2680 4469 2830 4520 faeta
2864 4469 3059 4532 fuerat,

565 4557 792 4608 traditur
835 4571 871 4606 a
903 4572 946 4606 s.
983 4573 1024 4608 s.
1070 4556 1342 4607 Matthaeo
1381 4561 1436 4608 et
1469 4555 1671 4607 Marco.
1728 4558 1781 4607 S.
1818 4557 2013 4606 Lucas.
2085 4557 2128 4619 ⁴)
2166 4557 2215 4618 4,
2253 4559 2303 4606 3.
2376 4556 2417 4620 ⁸)
2454 4557 2541 4606 De
2576 4571 2844 4608 consensu
2880 4557 3059 4608 Evan-

567 4643 889 4710 gelistarum.
926 4643 994 4692 11.
1026 4645 1106 4706 18,
1133 4645 1216 4693 42.
1254 4643 1350 4694 111.
1381 4645 1431 4706 b,
1459 4646 1542 4693 50.
