3267 5259
581 347 705 401 CIV
1683 346 1968 419 Ἐπίμετρον

801 544 927 601 Vita
972 552 1266 617 temporum
1296 552 1390 615 est,
1436 552 1485 601 et
1522 547 1621 601 lux
1651 546 2030 602 Historiarum
2063 544 2440 620 Chronoloqia,
2484 564 2598 618 qna
2625 544 2867 619 mqlecta
2897 544 3086 601 omnis

582 649 797 720 quidem
842 650 1101 707 tractatio
1146 651 1364 706 erudita
1408 652 1481 706 N.
1526 650 1586 704 T.
1620 652 1886 707 caecutiat
1928 656 2004 705 est
2047 652 2296 706 necesse!
2355 651 2576 707 Habent
2619 651 2794 724 iqitur
2823 652 3086 705 Lectores

579 749 1010 829 προλεγομένων
1046 756 1236 811 seriem
1266 756 1343 811 ad
1376 756 1671 825 Historias,
1717 757 1912 828 quibus
1940 756 2195 824 serviunt,
2229 756 2594 835 compositam,
2643 758 2808 828 quasi
2836 755 3080 809 indicem

570 858 815 927 sontium
844 860 1062 915 illorum
1079 880 1103 931 ,·
1146 861 1226 915 ad
1252 878 1398 932 quos,
1444 860 1497 915 si
1525 862 1682 915 nobis
1711 861 1907 915 eisdem
1939 861 2167 915 ducibus
2197 860 2392 916 aliisve
2427 861 2793 931 pervenerint,
2841 878 2906 915 ea
2935 878 3087 931 quae

590 963 875 1035 disputata
928 973 1057 1021 sunt
1111 966 1315 1033 metius,
1374 984 1481 1019 non
1535 973 1712 1021 tamen
1759 964 1976 1020 maiora
2020 965 2141 1019 alia
2187 972 2514 1039 coquos-cent.
2585 966 2695 1019 His
2732 964 3084 1035 praemissis,

582 1068 961 1141 subiunctoque
1012 1070 1383 1125 additamento
1438 1070 1545 1148 „de
1586 1068 1940 1125 Ethnicorum
1985 1066 2304 1143 Retiqione“
2322 1088 2347 1138 ,·
2387 1069 2656 1124 Historiis
2701 1068 3088 1124 &velationis

584 1174 827 1228 Divinae
878 1174 1026 1229 Novi
1082 1174 1406 1230 Testamenti
1448 1174 1783 1229 enarrandis
1841 1192 2060 1227 manum
2115 1175 2512 1229 admoveamus.
2591 1173 2796 1228 Gloria
2839 1173 2912 1227 sit
2955 1174 3086 1227 Deo

586 1278 727 1351 Reqi
767 1278 1127 1349 sempiterno!

1291 2074 1693 2174 Ἐπίμετρον
1749 2084 1868 2175 τῆς
1925 2074 2366 2173 Προθεωρίας

1148 2284 1273 2347 De
1330 2283 1928 2349 Ethnicorum
1987 2284 2498 2369 Religione.

790 2476 909 2525 Etsi
954 2476 1222 2537 mundum,
1262 2492 1506 2542 quaeque
1542 2478 1599 2526 in
1645 2494 1709 2527 eo
1757 2482 1882 2526 sunt
1925 2477 2188 2539 universa,
2237 2477 2466 2527 maximo
2517 2476 2743 2527 consilio
2793 2476 3090 2527 Providen-

582 2564 764 2627 tiaque
790 2563 1097 2613 Divinitatis
1135 2564 1245 2629 regi
1284 2568 1337 2613 et
1373 2562 1728 2614 administrari
1767 2566 2160 2625 sanaementis
2198 2562 2502 2613 hominibus
2540 2578 2856 2628 persuasum
2891 2566 2997 2628 sit3
3038 2564 3090 2613 id

592 2650 767 2713 ipsum
812 2654 991 2699 tamen
1037 2652 1325 2715 praecipue
1371 2652 1423 2699 in
1472 2652 1631 2701 rebus
1683 2650 1792 2712 „ad
1839 2650 2060 2700 Fidem
2111 2659 2172 2701 et
2221 2650 2466 2700 Mores¹²
2515 2652 2886 2715 spectantibus
2941 2650 3090 2717 apud

585 2735 893 2785 universum
940 2736 1227 2787 humanum
1278 2752 1445 2802 genus
1492 2744 1599 2786 tam
1646 2744 1845 2788 certum
1885 2753 2002 2789 esse
2049 2738 2278 2799 videtur,
2327 2752 2489 2803 quam
2535 2751 2603 2786 ea
2647 2752 2788 2802 quae
2835 2740 3092 2789 sensibus

586 2823 1053 2889 experimentoque
1104 2825 1305 2889 percipi
1356 2838 1701 2874 consuevere.
1772 2824 1847 2873 Ut
1881 2826 2020 2874 enim
2073 2824 2315 2874 miranda
2351 2823 2446 2873 illa
2499 2826 2828 2887 omittamus,
2885 2828 3092 2890 quibus

585 2908 857 2959 Historiae
911 2910 1275 2961 Revelationis
1330 2912 1561 2961 Divinae
1617 2912 1905 2977 Utriusque
1957 2911 2214 2961 Foederis
2271 2917 2395 2961 sunt
2445 2912 2702 2974 refertae3
2766 2928 2832 2961 ex
2886 2914 3092 2977 quibus

586 2997 838 3046 discimus
884 2998 999 3047 solo
1036 2998 1139 3047 Dei
1176 2999 1539 3063 gubernaculo
1578 2999 1890 3048 Doctrinam
1927 2998 2214 3049 coelestem
2253 2998 2457 3059 datam,
2500 3004 2774 3063 receptam
2811 3006 2864 3048 et
2903 3015 3090 3050 serva-

584 3090 720 3133 tam:
769 3082 901 3134 illud
949 3101 1159 3151 quoque
1206 3086 1309 3135 iam
1358 3085 1469 3135 fere
1516 3087 1660 3135 omni
1710 3086 1913 3135 erudito
1962 3086 2078 3135 orbi
2119 3091 2305 3135 notum
2355 3090 2458 3146 est,
2503 3086 2814 3135 Divinam
2859 3086 3090 3138 Provi-

587 3170 879 3221 dentiam
916 3173 1174 3221 minime
1218 3175 1401 3223 etiam
1438 3173 1748 3222 Ethnicis
1786 3174 1928 3222 sive
1968 3172 2374 3234 Gentilibus,
2415 3172 2586 3238 quod
2629 3173 2708 3222 ad
2745 3178 3094 3239 negotium

587 3259 1053 3322 gravissimum
1092 3259 1527 3326 „Religionis”
1569 3261 1842 3321 attinet,
1881 3259 2194 3310 defuisse.
2249 3260 2322 3309 Et
2345 3275 2476 3309 sane
2507 3260 2872 3310 memorabilis
2901 3262 3092 3313 Genti-

588 3345 715 3394 lium
752 3347 809 3395 in
844 3347 1007 3397 rebus
1044 3346 1199 3397 Fidei
1236 3354 1291 3397 et
1313 3348 1521 3397 Morum
1546 3346 1798 3409 conditio,
1839 3348 2074 3413 ignorari
2103 3362 2137 3396 a
2167 3348 2380 3396 nemine
2415 3352 2594 3413 potest
2631 3348 2838 3413 absque
2875 3350 3096 3400 iactura

584 3432 887 3486 intellectus
920 3434 1274 3485 Historiarum
1313 3434 1625 3499 Sacramm3
1665 3450 1785 3485 cum
1810 3435 1885 3483 ita
1920 3434 2117 3497 videat,
2155 3448 2264 3499 qua
2297 3435 2504 3483 ratione
2541 3435 2749 3485 miseris
2787 3434 2900 3487 illis
2941 3442 3090 3488 tene-

586 3519 799 3569 brarum
827 3523 1171 3587 temporibus,
1212 3522 1537 3573 erudiendae
1575 3520 1874 3572 Gentilitati
1911 3536 2126 3587 operam
2152 3536 2304 3571 susm
2329 3537 2539 3587 semper
2565 3526 2618 3571 et
2641 3522 2844 3588 ubique
2880 3524 3091 3591 impen-

588 3605 724 3656 derit
758 3608 1037 3658 Dominus.
1101 3608 1457 3659 Sententiam:
1496 3624 1737 3675 paganos
1775 3608 1976 3657 nullum
2017 3609 2230 3657 omnino
2267 3622 2302 3657 a.
2337 3608 2455 3657 Deo
2495 3608 2772 3673 accepisse
2807 3609 3090 3671 influxum,

588 3692 861 3744 damnavit
898 3697 949 3746 S.
987 3698 1047 3746 P.
1085 3697 1389 3747 Alexander
1424 3696 1569 3746 VIII.
1609 3696 1751 3745 decr.
1790 3696 1873 3745 24.
1922 3696 2055 3761 Aug.
2098 3696 2246 3745 1690.

797 3782 1105 3835 Communis
1125 3784 1443 3851 populorum
1461 3784 1811 3844 idololatriae,
1841 3784 1952 3831 sive
1971 3784 2168 3848 impiae
2189 3782 2456 3846 opinionis
2481 3780 2806 3847 pluralitatis
2833 3783 3092 3845 deorum3

588 3871 773 3937 quales
819 3872 1016 3923 fuerint
1062 3874 1322 3938 origines3
1372 3874 1461 3937 qui
1508 3886 1848 3938 progressus3
1897 3870 2160 3935 quibusve
2199 3868 2264 3918 de
2302 3870 2480 3919 causis
2526 3869 2712 3919 similis
2761 3884 2828 3920 ae
2873 3871 3096 3923 diversa

584 3960 857 4010 variarum
902 3960 1139 4025 gentium
1186 3960 1489 4024 superstitio
1538 3962 1650 4007 tam
1685 3958 1809 4007 latis
1846 3959 2024 4007 statim
2075 3958 2414 4006 incrementis
2459 3964 2760 4023 propagata
2796 3960 2999 4011 fuerit:
3045 3962 3096 4010 id

586 4048 797 4097 nonnisi
848 4062 913 4097 ex
966 4048 1031 4097 iis
1086 4051 1229 4096 recte
1288 4048 1538 4111 cognosci
1594 4050 1795 4110 potest,
1851 4058 1990 4109 quae
2039 4042 2316 4108 Scriptura
2369 4044 2422 4093 S.
2471 4044 2574 4093 hac
2621 4044 2686 4093 de
2739 4060 2798 4094 re
2851 4048 3092 4097 tradidit.

584 4134 907 4185 Immensum
944 4134 1047 4183 hoc
1082 4134 1184 4183 Dei
1220 4132 1537 4183 beneficium
1578 4138 1684 4182 est:
1735 4130 1879 4197 quod
1914 4131 2081 4193 Deus,
2131 4146 2237 4181 non
2275 4137 2555 4180 contentus
2593 4130 2868 4182 hominem
2907 4135 3094 4185 condi-

587 4220 743 4282 disse,
784 4237 905 4271 cum
942 4222 1179 4286 praemio
1218 4220 1359 4269 vitae
1398 4226 1646 4269 aeternae
1691 4218 1990 4284 preposite,
2039 4219 2299 4267 rat-ionem
2347 4217 2588 4267 docuerit
2633 4218 2910 4269 colendi
2965 4222 3092 4271 Sui.

588 4306 693 4357 Sed
730 4308 1003 4370 diabolus,
1042 4322 1151 4373 qua
1186 4306 1389 4356 invidia
1425 4312 1561 4368 erat,
1600 4306 1836 4370 perferre
1873 4320 1980 4354 non
2017 4305 2220 4369 potuit,
2257 4309 2320 4354 ut
2355 4320 2414 4355 se
2450 4332 2516 4341 —
2554 4306 2644 4370 qui
2689 4307 2902 4372 origine
2945 4316 3092 4359 tanto

588 4393 819 4443 nobilior
851 4394 990 4444 foret
1024 4422 1091 4430 —
1117 4394 1185 4444 de
1235 4393 1455 4444 coelesti
1491 4408 1654 4457 regno
1694 4391 1926 4453 deiect0,
1974 4390 2132 4440 homo
2170 4390 2240 4440 ad
2275 4396 2382 4441 tam
2427 4390 2710 4441 sublimem
2767 4393 3093 4445 eveheretur

587 4480 809 4545 gloriam
864 4496 927 4529 ac
982 4481 1320 4545 dignitatem3
1383 4480 1635 4545 quocirca
1695 4494 1854 4543 quem
1911 4477 2131 4526 ambitio
2193 4484 2476 4538 everterat,
2541 4476 2746 4526 nullam
2801 4480 3090 4533 intermisit

586 4567 916 4629 industriam,
956 4569 1237 4633 quominus
1264 4572 1318 4617 et
1342 4566 1497 4617 homo
1534 4567 1738 4617 maiora
1769 4566 1832 4615 iis
1859 4563 2175 4627 affectandO,
2216 4578 2355 4631 quae
2387 4564 2701 4630 accepisset,
2743 4566 3002 4619 similiter
3035 4582 3088 4621 se
