3267 5259
576 413 661 476 90
1244 425 1359 466 nist.
1390 426 1495 466 Rev.
1524 424 1615 466 div.
1644 425 1700 466 N.
1728 424 1780 465 Τ.
1809 423 1980 466 Poriod.
2009 423 2044 465 1.
2065 435 2158 474 cap.
2189 424 2386 475 primum.

579 600 853 665 divitum
927 599 1322 664 muneribus.
1432 598 1569 664 Sub
1645 621 1958 684 vesperas
2034 598 2314 664 docendi
2395 597 2622 663 labore
2703 597 3072 678 defunctus,

575 723 975 799 postremum
1052 712 1387 798 egreditur
1452 711 1535 776 de
1604 711 1965 798 Templo¹3
2043 713 2226 776 cuius
2293 733 2440 776 cum
2517 711 3072 796 magnificentiam

578 835 935 890 structurae
1000 824 1303 911 discipuli
1362 827 1672 910 magistro
1732 824 2286 907 demonstrarent,
2347 824 2427 889 ab
2487 847 2568 889 eo
2623 845 2852 888 sacrae
2895 824 3074 887 aedis

576 938 815 1002 molem
861 941 1119 1024 ponitus
1167 937 1660 1020 destruendam,
1709 937 1979 1024 soloque
2027 936 2442 1023 aequandam
2489 959 2636 1002 esse
2685 935 3070 1001 didicerunt.

578 1050 849 1116 Sedenti
910 1061 1129 1115 autem
1182 1053 1250 1114 in
1304 1050 1517 1115 reditu
1572 1050 1964 1115 Bethaniam
1981 1053 2027 1132 ²,
2083 1052 2146 1114 in
2197 1050 2508 1115 Olearum
2563 1059 2790 1114 monte
2811 1053 2855 1132 ³,
2911 1061 2988 1114 ut
3037 1073 3070 1113 a

579 1163 805 1228 labore
882 1163 1112 1228 diurno
1190 1163 1478 1228 nonnihil
1555 1165 1958 1249 quiesceret,
2035 1162 2363 1227 accedunt
2435 1164 2740 1248 privatim
2818 1163 3069 1242 Petrus,

576 1275 903 1360 Jacobus,
950 1276 1243 1342 Joannes
1306 1286 1370 1340 et
1414 1275 1753 1358 Andreas,
1799 1287 1871 1340 ut
1931 1287 2266 1362 tamquam
2329 1274 2756 1339 familiaribus
2819 1275 3070 1338 fac-ilius

577 1412 819 1454 arcana
864 1389 947 1454 de
988 1389 1205 1454 futuro
1241 1398 1307 1453 et
1336 1389 1593 1475 Templi
1628 1399 1694 1453 et
1723 1387 1920 1453 Urbis
1967 1388 2224 1453 excidio
2273 1389 2810 1469 communicaret,
2857 1387 3069 1473 deque

578 1504 777 1587 signis
826 1525 993 1588 quae
1043 1525 1189 1567 cum
1238 1502 1437 1586 haec,
1485 1513 1621 1568 tum
1681 1503 2036 1567 adventum
2097 1501 2494 1566 dominicum
2551 1511 2617 1564 et
2663 1523 3069 1566 consumma·

574 1616 819 1679 tionem
865 1613 1108 1679 saeculi
1152 1617 1539 1702 praenuntia
1584 1615 2054 1679 antecederent
2072 1619 2116 1678 ⁴.
2178 1613 2746 1699 Interrogantibus
2777 1613 3070 1678 Christus

580 1726 663 1790 de
718 1726 1117 1812 reipublicae
1176 1727 1472 1792 iudaicae
1520 1730 1860 1792 eversione
1899 1731 2177 1814 primum
2199 1732 2240 1810 ⁵,
2288 1727 2526 1792 deinde
2571 1728 2654 1791 de
2701 1751 2870 1792 aevo
2915 1727 3073 1790 iudi-

578 1841 751 1904 cium
814 1851 1181 1905 extremum
1252 1852 1672 1906 antecessuro
1695 1843 1738 1922 ⁶,
1806 1839 2224 1926 postmodum
2286 1863 2445 1904 vero
2509 1839 2592 1903 de
2653 1841 2784 1903 fine
2847 1840 3068 1904 mundi

576 1953 933 2038 respondet
949 1957 989 2016 ⁷.
1052 1953 1475 2018 Praemonuit
1518 1963 1736 2018 autem
1787 1977 1900 2017 eos
1945 1954 2267 2018 Dominus
2313 1975 2396 2016 ne
2441 1955 2610 2017 iusto
2660 1955 2850 2017 citius
2893 1952 3070 2017 urbis

576 2065 775 2129 finem
809 2077 1289 2151 exspectarent,
1322 2065 1704 2152 addiditque
1737 2068 1922 2152 signa
1955 2064 2192 2130 excidii
2215 2065 2258 2130 J
2263 2065 2778 2150 erosolymarum
2799 2069 2840 2128 ⁸.
2892 2066 3070 2128 Vivis

579 2177 841 2263 quidem
888 2177 1103 2243 adhuc
1148 2179 1455 2265 apostolis
1488 2179 1658 2244 hanc
1689 2191 1976 2265 stragem
2011 2178 2252 2244 editum
2300 2180 2395 2242 iri.
2457 2178 2844 2243 Distinctius
2877 2182 3066 2243 etiam

578 2289 1019 2356 obsessionem
1054 2316 1104 2357 S.
1130 2292 1307 2356 urbis
1337 2292 1535 2357 veluti
1573 2295 2198 2358 consummationem
2239 2291 2463 2356 mundi
2505 2291 2883 2356 habendam
2927 2313 3064 2356 esse

575 2503 1027 2566 verisimillimum,
1048 2505 1285 2555 valorem
1304 2506 1460 2571 Lepti
1487 2521 1672 2571 parem
1691 2521 1808 2557 esse
1829 2505 2043 2555 dimidio
2065 2505 2376 2570 quadranti;
2403 2506 2615 2554 circiter
2639 2519 2748 2554 una
2773 2507 3062 2554 centesima

576 2589 996 2655 franco-gallica.
1058 2591 1221 2641 Plura
1258 2592 1323 2642 de
1360 2591 1461 2642 hoc
1498 2592 1615 2657 lege
1653 2593 1796 2658 apud
1835 2591 2100 2656 Schimko,
2140 2592 2206 2642 de
2233 2593 2456 2640 nummis
2488 2591 2699 2641 biblicis
2737 2591 2808 2653 11,
2845 2593 2928 2640 16.
2955 2607 2997 2640 s.

791 2677 827 2742 ¹)
866 2677 1032 2728 Marc.
1072 2680 1160 2740 12,
1198 2681 1282 2728 41.
1336 2681 1424 2741 13,
1464 2683 1508 2729 1.
1564 2679 1697 2728 Luc.
1734 2681 1826 2736 21.
1864 2683 1910 2730 1.
1959 2679 2148 2730 Matth.
2187 2681 2279 2741 24,
2319 2683 2365 2728 1.
2429 2679 2470 2739 ²)
2509 2679 2618 2728 Ubi
2665 2685 2828 2728 noctu
2875 2679 3062 2728 morari

576 2769 943 2814 consueverat.
996 2763 1130 2815 Coll.
1164 2765 1299 2815 Luc.
1334 2767 1418 2828 21,
1458 2768 1541 2816 37.
1590 2769 1674 2828 22,
1711 2769 1795 2817 39.
1857 2765 1897 2833 ³)
1935 2767 2015 2816 Cf.
2052 2767 2112 2816 P.
2149 2767 2343 2828 Zornii,
2383 2765 2511 2816 diss.
2543 2765 2610 2815 de
2645 2767 2837 2816 crebra
2874 2765 3062 2816 Christi

579 2853 991 2901 commoratione
1028 2853 1085 2900 in
1120 2857 1297 2902 monte
1337 2852 1535 2902 oliveti
1574 2854 1798 2918 eiusque
1835 2855 2011 2904 causis
2047 2859 2101 2904 et
2123 2854 2407 2918 mysteriis,
2433 2854 2490 2902 in
2523 2868 2709 2918 opusc.
2736 2869 2778 2902 s,
2801 2869 2856 2918 p.
2881 2855 3001 2902 300.
3025 2869 3061 2902 s.

576 2935 617 3001 ⁴)
655 2937 806 2998 Quae
847 2939 1025 2987 omnia
1059 2939 1271 2987 maximi
1311 2941 1507 3004 quippe
1545 2941 1798 2990 momenti
1840 2945 2038 2990 attente
2077 2939 2306 3004 legenda
2339 2945 2466 2990 sunt
2501 2939 2647 3004 apud
2685 2939 2739 2987 S.
2764 2939 2830 2989 E.
2879 2939 3060 2988 Matth.

576 3027 659 3085 24,
689 3026 873 3074 1-36.
921 3025 1055 3074 Luc.
1082 3027 1144 3074 21
1164 3061 1177 3085 ,
1205 3026 1391 3075 5—36.
1442 3026 1607 3075 Marc.
1638 3028 1716 3088 13,
1747 3029 1931 3076 1--32.
1991 3027 2247 3076 Mundum
2283 3025 2572 3091 aliquando
2612 3025 2846 3075 deletum
2881 3026 3060 3074 iudici-

574 3125 771 3175 umque
818 3111 1057 3160 habitum
1102 3113 1191 3173 iri,
1238 3112 1478 3177 Apostoli
1518 3115 1804 3162 innumeris
1851 3113 2230 3179 Prophetarum
2279 3112 2415 3162 locis
2463 3117 2616 3162 erant
2665 3111 2860 3162 edocti.
2931 3113 3060 3161 Cum

574 3212 701 3246 vero
737 3197 899 3246 iidem
936 3213 1155 3262 regnum
1192 3213 1227 3247 a
1262 3200 1461 3248 Messia
1497 3199 1880 3248 instituendum
1919 3215 2036 3249 esse
2073 3201 2498 3260 annuntiassent,
2535 3199 2737 3248 Judaei
2781 3199 3060 3249 adventum

574 3284 805 3334 Messiae
852 3290 905 3333 et
950 3287 1459 3335 consummationem
1505 3285 1840 3336 saeculorum
1889 3301 1995 3336 uno
2045 3287 2340 3351 eodemque
2385 3291 2622 3350 tempore
2671 3293 3060 3352 exspectavere.

576 3371 655 3420 Cs.
692 3371 879 3420 Matth.
920 3373 1011 3434 16,
1049 3374 1130 3422 22.
1180 3373 1263 3434 20,
1298 3374 1380 3421 21.
1432 3371 1512 3421 cf.
1538 3371 1844 3435 Bertholdt,
1883 3372 2202 3437 Christolog.
2227 3372 2352 3422 Jud.
2379 3389 2431 3437 p.
2461 3373 2578 3421 187.
2605 3375 2725 3422 212.
2751 3389 2796 3422 s.
2845 3373 3060 3422 Mortem

574 3471 729 3506 suam
764 3473 883 3507 cum
921 3457 1123 3523 pluries
1160 3458 1511 3523 praedixisset
1546 3459 1734 3520 Jesus,
1773 3459 1868 3510 sed
1905 3466 1959 3509 et
1993 3459 2285 3508 rediturum
2323 3475 2408 3521 se,
2447 3459 2698 3524 discipuli
2735 3473 3059 3509 consumma-

574 3544 771 3593 tionem
808 3543 989 3594 mundi
1037 3561 1147 3595 non
1183 3545 1327 3595 illico
1367 3545 1463 3595 sed
1498 3545 1700 3596 redit-us
1737 3545 1948 3595 demum
1984 3545 2182 3596 Christi
2227 3551 2464 3611 tempore
2508 3545 2624 3595 fieri
2671 3547 3058 3596 existimarunt:

576 3645 685 3695 qua
729 3630 795 3680 de
842 3645 1007 3680 causa
1052 3630 1322 3682 Christum
1366 3633 1743 3697 interrogando
1789 3633 1975 3682 Matth.
2013 3635 2103 3692 24,
2131 3635 2180 3682 3.
2227 3632 2323 3682 has
2379 3632 2514 3682 duas
2569 3634 2940 3697 quaestiones,
2997 3632 3058 3681 de

575 3719 1029 3768 consummatione
1066 3719 1269 3768 saeculi
1308 3724 1360 3768 et
1395 3720 1548 3784 signo
1598 3718 1862 3768 adventus
1910 3718 2160 3768 dominici
2203 3721 2608 3769 coniunxerunt.
2673 3718 2715 3783 ⁵)
2753 3720 2939 3770 Matth.
2975 3723 3056 3778 24,

573 3805 761 3853 4-22.
816 3803 856 3869 ⁸)
892 3804 1081 3854 Matth.
1108 3807 1191 3866 24,
1222 3807 1443 3854 23-26,
1502 3805 1541 3869 ⁷)
1579 3804 1766 3854 Matth.
1795 3807 1877 3867 24,
1903 3807 2126 3856 27-36.
2184 3804 2224 3871 8)
2249 3805 2332 3854 Ad
2357 3820 2496 3870 quae
2519 3807 2794 3871 pertinent
2817 3807 3056 3871 imposto-

574 3907 689 3941 rum
726 3891 1027 3953 multitudO,
1064 3891 1221 3956 bella,
1260 3894 1425 3957 pestis
1463 3897 1516 3941 et
1550 3893 1742 3956 fames3
1781 3897 1892 3941 tum
1929 3898 2268 3957 persecutum
2293 3893 2356 3940 iri
2387 3893 2462 3941 ait
2485 3891 2689 3953 fideles,
2727 3897 2896 3958 atque
2931 3892 3055 3942 adeo

574 3977 718 4028 haud
764 3993 987 4044 parvum
1032 3993 1309 4028 numerum
1346 3994 1528 4028 eorum
1575 3979 1886 4042 descituros,
1925 3978 2342 4043 seductoresque
2377 3979 2696 4043 irrepturos,
2735 3979 2852 4028 fieri
2891 3987 3054 4028 tamen

574 4080 681 4114 non
701 4081 875 4131 posse,
898 4066 1025 4130 quin
1044 4065 1229 4130 religio
1256 4065 1547 4115 christiana
1569 4081 1664 4130 per
1689 4071 1860 4116 totum
1885 4066 2066 4115 orbem
2089 4071 2348 4115 terrarum
2371 4070 2719 4130 propagetur.
2756 4066 3054 4116 Vastandae

570 4151 898 4202 Judaeorum
943 4153 1173 4202 civitatis
1222 4154 1377 4218 signa
1420 4152 1555 4202 haec
1592 4159 1760 4214 erant,
1799 4152 1890 4202 sed
1936 4151 2098 4217 paulo
2137 4153 2418 4201 remotiora
2455 4156 2509 4201 et
2543 4153 2754 4201 initium
2804 4152 3053 4202 dolorum.

572 4238 737 4287 Marc.
756 4241 835 4299 13,
850 4239 899 4288 8.
937 4239 1099 4288 Venit
1122 4239 1191 4288 ad
1216 4239 1467 4304 propiora
1486 4237 1749 4300 Salvator,
1771 4254 1960 4304 nempe
1981 4239 2050 4288 ad
2070 4239 2519 4288 abominationem
2538 4237 2686 4287 illam
2712 4238 3054 4290 desolationis

574 4325 629 4373 in
666 4324 813 4374 Loco
852 4330 1055 4375 sancto.
1104 4324 1291 4374 Matth.
1328 4327 1419 4388 24,
1460 4327 1539 4376 15.
1588 4325 1709 4375 coll.
1743 4326 1886 4376 Dan.
1927 4327 1987 4388 9,
2022 4327 2104 4375 27.
2157 4326 2219 4375 V.
2255 4326 2324 4374 H.
2357 4325 2419 4374 R.
2455 4325 2519 4374 V.
2555 4325 2620 4374 T.
2654 4341 2708 4390 p.
2742 4327 2866 4376 490.
2903 4333 3052 4390 atque

574 4409 869 4476 Prolegom.
916 4411 982 4460 N.
1016 4411 1077 4460 Τ.
1140 4411 1580 4462 Scelestissimam
1635 4411 2114 4478 prophanationem
2169 4413 2332 4461 totius
2385 4410 2596 4477 Templi
2651 4414 3052 4478 conspicientes,

574 4511 735 4562 quam
760 4497 1033 4546 celerrime
1054 4498 1111 4546 in
1134 4504 1342 4548 montes
1368 4499 1712 4564 aufugerent,
1739 4499 1926 4548 Matth.
1947 4501 2031 4561 24,
2055 4500 2274 4550 16-18.
2301 4502 2506 4547 tantam
2531 4499 2673 4548 enim
2699 4505 2812 4548 tum
2837 4501 3054 4549 maxime

574 4583 930 4633 calamitatem
966 4583 1254 4646 imminere,
1287 4591 1487 4650 quanta
1522 4584 1699 4634 adhuc
1735 4585 1926 4636 fuisset
1957 4586 2121 4636 nulla.
2170 4585 2354 4634 Matth.
2381 4587 2466 4646 24,
2496 4587 2717 4636 19-21.
