3267 5259
630 430 714 496 82
1306 443 1422 486 nist.
1452 443 1557 486 Rev.
1586 443 1674 486 div.
1707 444 1758 486 N.
1785 444 1833 486 Τ.
1866 444 2032 487 Period.
2063 446 2098 486 1.
2117 458 2212 497 cap.
2243 446 2441 497 primum.
2513 502 2520 507 Ι

629 619 739 684 ubi
784 617 1083 705 Apostoli
1146 622 1623 706 quamprimum
1683 643 1959 705 regnum
2013 620 2188 685 Dei¹
2235 622 2722 686 manifestatum
2775 622 2849 685 iri
2893 621 3082 686 crede-

627 730 820 817 bant3
867 733 1155 796 narravit
1190 733 1281 795 eis
1312 731 1694 818 parabolam
1728 732 1810 797 de
1842 731 2102 797 homine
2135 733 2336 798 nobili
2369 733 2653 798 abeunte
2685 736 2752 798 in
2783 736 3082 819 regionem

626 842 1051 930 longinquam
1095 844 1181 909 ad
1226 845 1684 931 accipiendum
1739 844 1860 909 sibi
1921 867 2216 929 regnum,
2265 856 2332 911 et
2373 848 2629 910 interim
2677 846 2871 911 dante
2915 850 3084 911 servis

628 958 758 1021 suis
804 978 989 1021 mnas
1035 955 1121 1021 ad
1164 955 1669 1041 negotiandum3
1718 958 1826 1043 qui
1871 967 2018 1043 post
2061 958 2342 1023 reditum
2389 958 2675 1043 singulos
2721 981 2840 1045 pro
2887 982 3084 1043 appor-

626 1078 760 1134 tato
794 1069 974 1135 lucro
1006 1072 1466 1152 remuneravit,
1500 1093 1762 1134 servum
1785 1093 1946 1135 vero
1979 1070 2064 1133 ab
2097 1094 2296 1157 opere
2329 1080 2696 1156 torpentem
2729 1071 3082 1135 damnavitss’.

625 1182 893 1247 Interea
948 1205 1065 1247 sex
1126 1182 1355 1247 dicbus
1412 1192 1563 1247 ante
1626 1182 1866 1247 festum
1912 1182 2256 1247 Pascha-e3
2296 1182 2687 1249 Bethaniam
2745 1183 3084 1263 diverterat,

626 1293 737 1358 ubi
778 1316 818 1358 a
857 1293 1121 1359 Simone
1168 1294 1425 1380 leproso
1476 1317 1686 1360 coena
1733 1305 2050 1381 exceptus
2090 1300 2230 1360 est⁴
2277 1298 2558 1361 conviva
2601 1297 2799 1360 etiam
2842 1296 3083 1373 Lazaro,

628 1430 823 1492 quem
870 1430 911 1471 a
954 1410 1225 1473 mortuis
1278 1407 1361 1471 ad
1422 1410 1622 1473 vitam
1685 1417 1880 1473 antea
1941 1418 2303 1474 revocarat.
2381 1408 2564 1473 Inter
2627 1408 2854 1494 epulas
2909 1408 3086 1471 Maria

626 1519 1020 1605 Magdalena
1050 1544 1317 1585 mensae
1350 1519 1849 1585 accumbentem
1890 1523 2185 1603 accessit,
2237 1521 2574 1607 pedesque
2621 1523 2904 1607 pretioso
2947 1542 3082 1603 ung-

628 1642 826 1697 uento
860 1634 1096 1697 tinctos
1130 1631 1376 1718 capillis
1409 1633 1730 1697 abstersit.
1779 1634 2041 1697 Deinde
2088 1656 2246 1697 vase
2295 1656 2380 1698 ex
2425 1633 2866 1698 alabastride⁵
2907 1634 3083 1695 fracto

623 1744 946 1831 reliquum
1002 1748 1069 1809 in
1124 1756 1321 1831 caput
1380 1746 1642 1829 effudit,
1699 1755 1838 1811 tota
1898 1746 2092 1811 domo
2149 1748 2366 1811 suavis
2413 1745 2630 1811 odoris
2691 1746 3081 1831 fragrantiam

623 1856 983 1923 redolente.
1041 1858 1205 1922 Eam
1236 1882 1375 1923 rem
1409 1857 1706 1944 discipuli
1737 1860 2028 1944 inprimis
2057 1859 2101 1923 J
2105 1860 2268 1924 udas
2299 1882 2497 1945 aegre
2529 1859 2852 1941 ferebant,
2884 1857 3088 1944 quibus

628 1980 963 2056 praestare
1009 1971 1373 2054 videbatur,
1407 1972 1458 2035 si
1489 1973 1771 2057 pretium
1814 1974 2130 2056 unguenti
2161 1974 2225 2035 in
2259 1994 2584 2057 pauperes
2631 1970 3081 2035 distraheretur.

625 2082 875 2147 Mariae
924 2106 1190 2147 causam
1222 2082 1517 2147 Christus
1554 2085 1708 2169 egit,
1744 2107 1908 2169 opus
1941 2083 2282 2167 extollens,
2317 2086 2499 2148 cuius
2530 2106 2611 2147 ea
2643 2093 2785 2147 erat
2819 2084 3086 2167 dig-uitae,

626 2204 698 2259 ut
755 2218 876 2280 per
934 2198 1309 2259 universum
1374 2195 1596 2260 orbem
1661 2196 1962 2261 omnibus
2005 2207 2177 2261 retro
2225 2196 2501 2261 saeculis
2559 2198 3034 2261 annuntiaretur
3049 2199 3083 2254 ⁶.

622 2466 749 2499 vero
798 2455 850 2499 et
896 2466 936 2500 s.
962 2451 1201 2499 Marcum
1248 2450 1589 2515 egrederetur
1633 2465 1668 2499 a
1711 2450 1944 2500 Jericho.
2007 2452 2202 2500 Verum
2251 2452 2518 2501 enimvero
2559 2448 2762 2519 ἐγγίζειν
2799 2466 2902 2515 seq.
2941 2446 2998 2506 εἰς
3041 2454 3080 2495 vt

624 2552 736 2587 acc.
761 2537 893 2600 loci,
932 2552 1040 2587 non
1076 2552 1287 2602 semper
1320 2542 1519 2587 motum
1556 2537 1626 2587 ad
1665 2536 1866 2599 locum,
1903 2537 1998 2587 sed
2033 2552 2199 2603 saepe
2237 2538 2543 2588 distantiam
2581 2544 2790 2587 tantum
2831 2535 3079 2601 significat.

624 2624 687 2672 V.
715 2640 764 2688 g.
790 2625 923 2673 Luc.
953 2626 1033 2685 19,
1060 2625 1142 2673 29.
1182 2621 1287 2685 ,,ὡς
1324 2620 1520 2691 ἤγγισεν
1555 2620 1621 2681 εἰς
1650 2622 1879 2691 Βηθφαγῆ
1916 2620 1997 2671 καὶ
2030 2620 2328 2687 Βηθανίαν“;
2367 2640 2486 2673 cum
2524 2625 2996 2690 appropinquasset
3025 2620 3082 2669 ad

632 2709 909 2775 Betphage
949 2714 1001 2758 et
1036 2709 1367 2771 Bethaniam,
1406 2711 1439 2759 i.
1479 2727 1524 2759 e.
1564 2726 1682 2759 cum
1721 2716 1862 2759 essct
1899 2713 2042 2760 circa
2079 2725 2144 2759 ea
2180 2710 2316 2773 loca,
2345 2725 2470 2760 nam
2494 2710 2814 2760 Bethaniam
2847 2716 2964 2759 tunc
2995 2710 3082 2755 iam

626 2797 925 2845 transierat.
977 2796 1054 2844 Cf.
1081 2795 1132 2845 J.
1158 2796 1246 2845 Fr.
1275 2795 1638 2857 Sehleussner,
1665 2797 1801 2845 Nov.
1827 2796 1984 2846 Thes·
2012 2797 2080 2859 11,
2109 2798 2225 2845 222.
2252 2812 2293 2846 s.

836 2880 875 2947 ¹)
914 2882 1068 2943 Quod
1115 2884 1219 2946 ipsi
1256 2882 1597 2947 praeiudiciis
1634 2882 1861 2933 iudaicis
1911 2886 2156 2948 occupati
2203 2883 2495 2949 temporale
2541 2885 2962 2950 suspicabantur.
3015 2881 3080 2929 Cf.

623 2968 685 3017 L.
712 2968 1004 3029 Bertholdt,
1047 2968 1405 3033 Christologia
1439 2969 1770 3018 ¹Iudaeorum
1807 2969 1941 3019 Jesu
1977 2969 2458 3035 Apostolorumque
2497 2975 2690 3021 aetate.
2739 2971 2851 3020 Erl.
2885 2972 3018 3019 1811.
3039 2984 3082 3031 p.

626 3056 739 3103 187.
767 3071 809 3103 s.
860 3054 983 3103 Chr.
1008 3055 1095 3103 Fr.
1124 3054 1374 3116 Boehme,
1402 3056 1466 3105 dc
1494 3072 1588 3121 spe
1614 3056 1887 3106 Messiana
1911 3055 2237 3121 Apostolica.
2283 3056 2404 3105 Hal.
2434 3059 2583 3107 1826.
2609 3075 2661 3122 p.
2689 3060 2774 3107 60.
2803 3074 2842 3107 s.
2897 3056 2935 3117 ²)
2970 3056 3080 3102 Luc.

626 3144 715 3203 19,
749 3144 829 3190 11.
865 3158 907 3191 s.
959 3140 1038 3189 cf.
1072 3142 1133 3189 1³¹.
1160 3142 1221 3189 L.
1251 3142 1491 3203 Cramer,
1531 3142 1597 3191 de
1636 3142 1846 3191 diverso
1886 3144 2028 3192 exitu
2071 3158 2132 3191 ac
2170 3143 2412 3191 mercede
2449 3158 2585 3192 serv·
2611 3143 2699 3192 fid.
2727 3148 2888 3209 atque
2919 3144 3072 3206 ignav.

621 3227 756 3277 Luc.
795 3231 884 3289 19,
923 3230 1003 3277 11.
1042 3227 1267 3278 Harder.
1308 3230 1457 3278 1751.
1510 3228 1567 3278 C.
1596 3229 1659 3278 G.
1687 3228 2068 3291 Klinclthardt,
2095 3246 2137 3278 s.
2163 3244 2276 3294 par.
2301 3229 2354 3278 J.
2383 3228 2439 3278 C.
2471 3228 2534 3278 dc
2569 3228 2782 3279 homine
2820 3230 2920 3278 div.
2954 3228 3076 3291 Isips.

627 3316 777 3365 1831.
826 3314 1143 3379 Flensburg‚
1194 3315 1259 3363 de
1303 3332 1431 3365 vero
1469 3330 1631 3365 sensu
1667 3316 1853 3381 parab.
1892 3316 2020 3365 Luc.
2061 3317 2141 3377 19,
2181 3319 2260 3365 11.
2293 3330 2334 3363 s.
2373 3315 2598 3364 Lundae
2629 3318 2778 3365 1849.
2843 3316 2882 3377 ³)
2919 3310 3010 3381 Πρὸ
3039 3310 3080 3369 ’ἐξ
3178 3380 3179 3385 ¹

621 3401 819 3469 ἡμερῶν
844 3402 929 3451 τοῦ
954 3398 1124 3470 πάσχα
1145 3402 1341 3451 Joann.
1372 3404 1451 3464 12,
1481 3407 1544 3464 1.,
1570 3403 1648 3451 ita
1671 3403 1982 3451 sumendum
2020 3402 2247 3463 videtur,
2275 3408 2334 3451 ut
2358 3401 2744 3451 hebdomadem
2782 3404 3080 3451 interiectam

619 3490 757 3537 inter
792 3488 931 3537 diem
969 3489 1231 3537 adventus
1269 3494 1322 3538 et
1348 3488 1556 3538 Pascha
1592 3494 1767 3551 notet3
1804 3490 1918 3538 sive
1957 3494 2016 3537 ut
2052 3488 2236 3537 eadem
2275 3488 2386 3549 die,
2415 3494 2466 3537 et
2500 3488 2712 3553 quidem
2749 3504 2964 3554 vespere
2989 3488 3016 3535 i.
3039 3502 3076 3533 e.

619 3572 753 3623 feria
790 3580 941 3623 sexta
978 3575 1254 3624 advenerit
1288 3574 1620 3637 Bethaniam,
1661 3590 1768 3639 qua
1805 3575 2136 3624 hebdomade
2175 3576 2414 3640 proxima
2451 3581 2504 3623 et
2539 3575 2754 3639 quidem
2793 3574 2922 3624 feria
2955 3578 3080 3622 sexta

619 3674 653 3709 a
688 3660 913 3710 Judaeis
952 3676 1121 3725 agnus
1159 3662 1427 3726 paschalis
1470 3662 1744 3713 edebatur.
1794 3662 1990 3711 Joann.
2021 3664 2100 3723 18,
2131 3664 2212 3710 28.
2254 3664 2338 3723 19,
2366 3664 2446 3710 14.
2485 3664 2569 3711 31.
2598 3664 2680 3711 42.
2743 3661 2940 3723 Quodsi
2975 3674 3080 3707 vero

620 3762 704 3795 res
742 3748 818 3796 ita
855 3748 1046 3809 evenit,
1087 3763 1255 3798 coena
1290 3750 1429 3797 inter
1466 3762 1623 3813 quam
1661 3748 1825 3813 pedes
1857 3748 2055 3798 Christi
2093 3748 2446 3813 ungebantur,
2483 3749 2540 3796 in
2576 3748 2860 3797 sabbatum
2897 3746 3082 3795 videtur

616 3832 887 3883 incidisse.
936 3834 983 3883 A
1008 3850 1113 3899 quo
1152 3835 1393 3897 sabbato,
1428 3836 1472 3883 si
1510 3834 1623 3884 dies
1657 3850 1886 3900 sequens
1907 3862 1972 3871 -——
1993 3850 2099 3883 non
2125 3836 2264 3883 enim
2302 3834 2554 3884 audiendi
2592 3840 2718 3884 suut
2743 3836 2851 3898 qui,
2887 3835 3078 3881 vertunt

621 3921 739 3981 „die
786 3920 923 3969 alio“
972 3921 1111 3969 inter
1154 3937 1289 3985 quos
1333 3922 1506 3981 Hase,
1542 3922 1605 3970 L.
1641 3922 1692 3970 J.
1730 3923 1777 3982 ξ.
1819 3924 1901 3971 99.
1943 3938 1991 3985 p.
2043 3922 2160 3971 17¹7.
2211 3922 2514 3970 nominasse
2564 3920 2798 3971 sufficiat
2825 3920 3078 3969 ——Joann
3178 3954 3179 3971 2

619 4010 701 4069 12,
732 4010 811 4058 12.
851 4003 1147 4073 ,,ἐπαύριον“
1184 4013 1511 4067 numeratur,
1538 4008 1672 4057 feria
1701 4009 1887 4073 prima.
1914 4008 1949 4056 i.
1976 4024 2020 4059 e.
2050 4006 2332 4069 dominica,
2359 4006 2432 4056 ut‘
2443 4008 2620 4072 prisea
2645 4007 2808 4056 habet
2832 4005 3080 4055 Ecclesiae

615 4094 859 4155 traditio,
908 4093 1198 4143 solenniter
1244 4093 1484 4143 Christus
1533 4094 1720 4143 urbem
1767 4096 2035 4143 introiisse
2081 4096 2350 4158 putandus
2397 4096 2479 4144 sit.
2542 4095 2584 4158 ⁴)
2639 4094 2866 4143 Videtur
2911 4091 3078 4141 Lazari

618 4182 1050 4245 consanguineus
1100 4180 1291 4244 fuisse3
1350 4182 1441 4245 qui
1491 4186 1778 4246 antequam
1825 4196 1858 4230 a
1903 4179 2182 4230 Salvatore
2232 4186 2512 4231 sanaretur
2555 4180 2709 4247 lepra
2755 4182 3078 4234 laboraverat,

614 4268 754 4316 unde
802 4267 1050 4331 leprosi
1098 4282 1391 4331 cognomen
1430 4272 1680 4317 traxerat.
1743 4267 1782 4331 ⁵)
1821 4268 1939 4327 Quo
1979 4268 2354 4317 continebatur
2399 4269 2659 4331 unguenti
2712 4267 2865 4317 nardi
2909 4263 3076 4331 spicati

615 4354 933 4418 minimeque
982 4354 1155 4403 vitiati
1202 4354 1357 4403 libra.
1417 4354 1483 4402 D.
1531 4370 1580 4418 q.
1619 4370 1670 4403 v,
1713 4354 1774 4402 B.
1822 4353 1974 4415 Otto,
2027 4353 2092 4402 de
2143 4353 2309 4403 nardo
2361 4354 2555 4419 pistica
2603 4353 2672 4404 ad
2721 4356 2886 4404 Marc.
2926 4356 3004 4413 14,
3038 4352 3077 4397 3·
3178 4374 3179 4377 ¹

613 4437 761 4503 Lips.
803 4441 951 4489 1673.
990 4438 1040 4487 J.
1074 4438 1346 4501 Ihlstrssm,
1392 4439 1458 4488 de
1493 4440 1687 4507 πιστικῇ
1724 4435 1903 4507 νάρδῳ.
1967 4439 2100 4504 Ups.
2139 4440 2292 4489 1734.
2340 4439 2402 4489 Β.
2438 4440 2496 4489 Ρ.
2535 4439 2856 4502 Santesson,
2895 4440 2954 4489 de
2988 4449 3080 4485 una
3178 4500 3179 4505 1

616 4523 813 4573 Christi
850 4526 1118 4574 unctione.
1169 4526 1343 4575 Lund.
1390 4527 1539 4575 1794.
1604 4526 1645 4590 ὅ)
1683 4525 1870 4575 Matth.
1915 4528 2005 4587 26,
2052 4528 2098 4574 6.
2144 4542 2186 4575 s.
2246 4526 2410 4575 Marc.
2459 4529 2546 4588 14,
2595 4530 2640 4577 1.
2689 4543 2731 4577 s.
2785 4527 2971 4576 Joann.
3013 4524 3078 4571 12³.
3178 4576 3179 4591 χ

617 4613 662 4660 1.
690 4627 730 4660 s.
788 4610 976 4661 Utrum
1014 4616 1193 4661 autem
1230 4612 1416 4660 eadem
1454 4618 1507 4660 et
1540 4612 1627 4661 hic
1667 4612 1932 4661 Christum
1971 4617 2024 4661 ct-
2059 4612 2114 4660 in
2152 4611 2434 4677 sepulchro
2471 4614 2805 4678 perunxerit,
2843 4612 3078 4674 fueritque
3178 4624 3179 4665 J
