3267 5259
999 492 1219 535 Secundus
1248 492 1462 545 praeconii
1490 494 1696 537 coelestis
1723 506 1876 537 annus.
2597 484 2682 550 53

226 664 803 749 Bartholomaeum,
856 666 1292 751 Matthaeum,
1340 667 1696 751 Thomam,
1743 668 2070 734 Jacobum
2114 670 2413 758 Alphaei,
2468 671 2682 737 Thad-

227 777 441 857 daeum,
488 778 829 844 Simonem
860 784 896 863 ¹,
945 789 1141 867 atque
1189 781 1431 846 Judam
1477 782 1861 847 Iscariotem
1883 784 1926 849 ².

224 1036 269 1113 ξ.
310 1036 396 1099 13.
442 1032 709 1098 Sermo
761 1033 1057 1100 Christi
1112 1036 1189 1098 in
1233 1044 1491 1100 monte
1537 1034 1882 1121 habitus,
1928 1010 2197 1101 variae
2246 1038 2677 1123 doctrinae,

1069 1148 1340 1213 modus
1386 1149 1790 1235 precandi.

390 1328 533 1385 Cum
595 1348 627 1385 e
686 1330 1029 1387 summitate
1088 1331 1303 1386 montis
1360 1328 1744 1387 descendisset
1785 1330 1821 1385 J
1825 1349 1952 1387 esus
2011 1332 2084 1387 ad
2146 1330 2400 1408 aliquem
2454 1332 2679 1390 aditum

220 1430 573 1505 planiorem3‚
648 1433 875 1509 reperit
933 1434 1233 1507 ingentem
1300 1436 1538 1492 turbam
1604 1434 1911 1491 hominum
1929 1480 1942 1507 ,
2013 1434 2117 1512 qui
2181 1435 2354 1493 illum
2423 1436 2680 1514 undique

220 1537 367 1593 secuti
408 1538 666 1595 fuerant.
713 1538 881 1595 Tunc
926 1558 985 1595 os
1037 1558 1208 1595 suum
1260 1538 1544 1613 aperienS,
1594 1539 1698 1615 qui
1743 1538 1884 1595 olim
1930 1544 2240 1614 aperuerat
2283 1560 2386 1597 ora
2429 1542 2677 1616 prophe-

220 1650 412 1711 tarum,
468 1641 759 1699 Dominus
802 1642 965 1720 loqui
1012 1643 1200 1717 coepit
1245 1647 1303 1700 et
1349 1642 1630 1699 eximiam
1676 1642 1999 1699 orationem
2044 1643 2218 1716 dixit,
2267 1663 2444 1721 quam
2490 1664 2676 1702 mon-

220 1755 418 1802 tanam
474 1746 778 1821 adpellant
876 1765 1107 1803 omnem
1166 1766 1311 1821 pene
1370 1748 1698 1804 doctrinam
1758 1748 2156 1821 evangelicam
2216 1748 2611 1807 continentem
2634 1748 2676 1807 ⁴.

220 1848 378 1905 Verba
437 1850 571 1906 fecit
634 1852 721 1907 de
784 1850 1268 1921 ,beatitudin
1294 1854 1363 1922 e‘,
1435 1856 1491 1907 et
1553 1851 1798 1909 ubinam
1842 1850 1948 1908 illa
2007 1852 2122 1909 sita
2165 1858 2327 1910 esset.
2375 1853 2677 1929 Principio

222 1952 379 2009 beatos
420 1952 680 2012 affirmat
710 1954 993 2032 regnique
1025 1954 1314 2011 coelorum
1345 1961 1631 2031 compotes
1665 1976 2012 2031 pauperes
2043 1962 2101 2014 et
2131 1958 2358 2015 miteS.
2425 1959 2677 2036 Ideoque

220 2056 509 2115 iaciendum
530 2080 652 2117 esse
668 2059 989 2117 altissimae
1008 2059 1370 2117 demissionis
1394 2061 1581 2117 animi
1610 2060 2078 2134 fundamentum,
2115 2064 2266 2140 quod
2299 2068 2524 2121 certum
2549 2064 2674 2138 pig-

216 2183 299 2219 nus
326 2174 400 2221 est
432 2166 657 2223 salutis.
706 2166 825 2228 Qui
856 2166 1234 2223 inimicorum
1264 2166 1518 2223 insultus
1548 2167 1773 2224 virtute
1805 2168 2267 2225 mansuetudinis
2299 2168 2673 2240 sustinerent,

214 2350 313 2399 prae
344 2338 525 2387 ceteris
556 2338 613 2387 in
648 2338 936 2403 Evangelii
971 2338 1259 2386 ministerio
1286 2337 1481 2385 similes
1519 2338 1719 2386 tonitru
1745 2338 2026 2386 exstituros
2063 2339 2354 2387 nominavit
2391 2334 2671 2405 Βοανεργὲς,

212 2420 345 2471 Marc.
394 2426 459 2485 3,
516 2426 600 2474 17.
660 2424 783 2474 coll.
846 2424 937 2484 2⁸37
960 2422 1038 2485 Ἓξ,
1076 2425 1123 2472 V
1128 2461 1139 2473 .
1180 2422 1232 2473 S.
1270 2424 1585 2487 Hieronymi
1634 2440 1820 2473 comm.
1864 2426 1919 2473 in
1962 2424 2150 2473 Matth.
2199 2427 2278 2485 10,
2323 2426 2370 2473 4.
2429 2424 2546 2485 VII,
2593 2426 2674 2476 57.

212 2507 461 2571 Lightfoot,
497 2511 611 2561 hor.
638 2511 787 2561 hebr.
816 2512 887 2560 ad
912 2528 956 2561 c.
982 2511 1113 2561 Mar.
1139 2512 1175 2561 l.
1201 2529 1253 2577 p.
1282 2513 1399 2561 604.

392 2599 429 2656 ¹)
474 2598 827 2647 Cananaeum
864 2602 1217 2663 cognomento
1254 2598 1441 2648 Matth.
1476 2601 1558 2659 10,
1585 2600 1633 2647 4.
1684 2598 1847 2647 Marc.
1875 2600 1923 2659 3,
1953 2600 2033 2648 18.
2069 2594 2337 2661 κανανὶιης,
2375 2598 2514 2663 quod
2555 2600 2676 2650 coll.

212 2680 288 2731 κέεἶ
311 2700 347 2732 s.
371 2684 543 2735 Lucas
574 2680 787 2747 ζηλοτὴς
824 2686 873 2745 6,
904 2686 985 2733 15.
1033 2684 1149 2734 Act.
1179 2688 1225 2745 1,
1256 2687 1335 2734 13.
1373 2684 1617 2734 reddidit.
1681 2684 1722 2749 ²)
1761 2686 1824 2733 V.
1850 2685 1972 2733 Not.
2001 2684 2194 2749 Geogr.
2221 2702 2271 2749 p.
2299 2685 2489 2735 XLIX.
2528 2686 2579 2735 J.
2609 2686 2672 2736 G.

212 2766 583 2833 Lakemacheri,
624 2771 753 2821 Obs.
792 2771 922 2837 phil.
960 2771 1281 2822 Helmstadii
1319 2774 1469 2821 1730.
1506 2772 1571 2833 V,
1600 2775 1649 2821 4.
1675 2789 1726 2837 p.
1761 2774 1878 2821 239.
1914 2788 1956 2821 s.
2017 2772 2302 2836 Apostolos
2340 2772 2580 2823 Christus
2616 2774 2674 2822 in

210 2859 369 2905 montis
403 2858 715 2908 celsitudine
754 2859 929 2923 elegit,
957 2864 1017 2907 ut
1037 2858 1143 2908 loci
1175 2858 1453 2908 altitudine
1491 2859 1557 2909 de
1593 2854 1826 2908 muneris
1861 2860 1940 2907 sui
1966 2859 2288 2908 sublimitate
2319 2864 2674 2911 monerentur.

212 2941 245 2988 ³]
277 2944 369 3004 Qui
399 2946 453 2995 in
486 2946 659 2995 latere
702 2946 899 2995 montis
949 2950 1087 3007 erat,
1136 2950 1190 2995 et
1224 2946 1419 2996 multos
1454 2946 1697 2996 homines
1745 2960 1940 3011 capere
1987 2950 2215 3009 poterat.
2275 2946 2360 2995 Ita
2395 2946 2446 2995 d.
2496 2946 2676 3012 Augu-

212 3031 376 3091 atinus,
408 3032 469 3081 de
504 3048 651 3082 cons.
680 3033 781 3081 Ev.
817 3032 897 3093 II,
937 3034 1020 3081 19.
1054 3050 1106 3098 p.
1140 3034 1223 3082 51.
1269 3032 1321 3081 S.
1356 3032 1686 3082 Matthaeum
1733 3048 1852 3081 cum
1899 3049 1940 3082 s.
1974 3032 2128 3081 Luca
2174 3034 2459 3098 componit.
2519 3034 2676 3083 Mons

212 3116 386 3167 interim
420 3120 507 3169 ille
543 3120 613 3169 ad
650 3134 799 3169 mare
827 3118 1163 3169 Genezareth
1196 3119 1341 3169 haud
1378 3120 1564 3184 procul
1602 3134 1636 3168 a
1663 3118 2074 3184 Capharnaumo
2112 3119 2227 3167 fuit.
2283 3120 2347 3168 V.
2373 3120 2494 3168 Not.
2521 3136 2672 3185 geog.

212 3218 251 3264 p.
280 3204 463 3255 xxm.
517 3205 557 3271 ⁴)
594 3206 930 3270 Praecipuae
976 3207 1132 3255 istius
1175 3206 1429 3256 orationis
1466 3211 1648 3271 partes
1695 3205 1908 3270 quidem
1955 3205 2023 3254 ad
2069 3205 2342 3270 apostolos
2389 3208 2672 3270 pertinent,

212 3288 309 3338 ideo
340 3298 441 3342 tam
476 3310 519 3343 s.
542 3294 867 3354 Matthaeus,
906 3307 1065 3357 quam
1102 3310 1145 3343 s.
1176 3294 1356 3365 liucas
1393 3294 1631 3342 referunt
1668 3292 1864 3341 dictam
1902 3291 2206 3357 discipulis;
2245 3308 2353 3341 non
2389 3297 2566 3341 tamen
2604 3293 2674 3342 ad

214 3376 343 3440 solos,
376 3384 433 3428 ut
466 3381 579 3430 vult
614 3380 667 3429 J.
692 3380 1033 3441 Harduinus,
1061 3378 1261 3429 Comm.
1286 3381 1342 3428 in
1376 3380 1441 3428 N.
1474 3380 1536 3428 Τ.
1570 3378 1788 3428 Amstel.
1827 3380 1976 3427 1741.
2011 3396 2061 3443 p.
2098 3380 2180 3427 24.
2218 3379 2375 3427 unice
2413 3378 2671 3442 dirigitur,

214 3476 309 3510 eum
338 3465 389 3513 in
412 3464 511 3515 fine
536 3466 653 3517 eius
678 3468 937 3517 sermonis
962 3483 1003 3516 s.
1028 3464 1332 3516 Matthaeus
1357 3470 1583 3515 testetur
1608 3467 1654 3527 7,
1683 3466 1784 3527 28.,
1823 3480 1930 3513 non
1953 3466 2128 3513 minus
2166 3480 2230 3513 ac
2264 3480 2305 3513 s.
2331 3464 2509 3513 Lucas
2537 3465 2584 3523 7,
2624 3467 2670 3514 1.

212 3548 407 3601 eundem
436 3554 647 3602 turbam
684 3552 973 3603 audivisse.
1024 3552 1103 3601 cf.
1138 3552 1189 3601 J.
1226 3551 1288 3601 G.
1324 3552 1469 3614 Rau,
1506 3552 1617 3616 inq.
1657 3566 1740 3601 an.
1780 3567 1852 3600 or.
1880 3556 2042 3600 mont.
2068 3550 2251 3615 Apost.
2290 3550 2670 3600 initiandorum

214 3649 351 3685 eausa
384 3638 521 3688 dicta
555 3642 643 3689 sit.
678 3639 725 3688 Ι.
758 3639 830 3688 Π.
878 3640 993 3689 Ει·1.
1039 3640 1189 3690 1802.
1246 3638 1529 3699 Eiusdem,
1572 3637 2057 3702 Untersuchungen
2105 3638 2192 3686 die
2236 3636 2414 3686 wahre
2450 3638 2673 3687 Ansicht

212 3719 289 3769 der
320 3723 657 3791 Bergpredigt
690 3726 1004 3775 betreffend.
1050 3726 1165 3775 Erl.
1194 3726 1344 3775 1805.
1382 3725 1533 3774 Adde
1570 3724 1631 3774 G.
1671 3724 1766 3773 Ch.
1791 3725 2042 3789 Knappii‚
2083 3725 2332 3789 epicrisin
2369 3724 2512 3773 illius
2548 3724 2671 3773 libri

212 3808 255 3855 in
293 3810 479 3874 epham.
521 3812 661 3878 Aug.
698 3812 801 3861 Lit.
840 3813 969 3861 Zeit.
1006 3812 1131 3861 Hal.
1173 3813 1323 3861 1806.
1361 3827 1413 3861 n.
1453 3813 1571 3861 202.
1609 3813 1726 3860 370.
1765 3827 1806 3861 s.
1876 3810 1962 3859 Ea
2007 3815 2184 3860 autem
2235 3810 2432 3861 Christi
2483 3812 2669 3859 concio

214 3892 373 3945 Matth.
402 3899 448 3946 4.
481 3903 534 3947 et
565 3901 615 3949 5.
652 3904 760 3960 est,
800 3914 959 3963 quam
996 3898 1140 3964 apud
1174 3898 1381 3947 Lucam
1417 3900 1465 3961 6,
1498 3898 1722 3947 20-49.
1758 3896 2000 3961 legimus,
2039 3910 2342 3961 quanquam
2387 3896 2478 3946 alii
2515 3911 2670 3947 secus

214 3982 481 4043 opinentur.
542 3984 721 4035 Multa
766 3984 823 4034 id
870 3985 1026 4035 nobis
1076 3984 1303 4035 suadere
1353 3984 1617 4033 videntur.
1693 4000 1738 4031 α.
1787 3984 2164 4032 Nax-rationum
2218 3984 2667 4042 circumstantiae,

214 4080 313 4115 nam
346 4074 399 4117 et
429 4072 629 4120 initium
665 4071 809 4121 idem
846 4075 953 4132 est,
992 4075 1046 4119 et
1080 4086 1419 4136 progressus,
1458 4074 1512 4119 et
1548 4069 1734 4119 eadem
1781 4068 2070 4119 conclusio,
2134 4066 2177 4134 β.
2216 4069 2448 4118 Habitus
2495 4084 2667 4117 sermo

212 4154 255 4202 in
284 4162 447 4207 monte
482 4174 659 4209 eoram
694 4160 869 4220 turba,
910 4158 1096 4208 eodem
1132 4174 1167 4208 a
1201 4159 1371 4207 tribus
1408 4158 1827 4224 Evangeliorum
1864 4157 2224 4223 Scriptoribus
2261 4156 2381 4206 coll.
2416 4156 2581 4205 Marc.
2615 4159 2665 4219 3,

218 4243 281 4289 13.
302 4260 357 4303 s.,
392 4246 597 4309 aequali
632 4246 791 4295 modo
830 4246 1165 4295 describitur.
1226 4246 1473 4310 Denique
1510 4262 1555 4312 γ.
1594 4244 1696 4294 hac
1733 4246 1972 4295 oratione
2009 4244 2160 4292 finita
2198 4242 2246 4291 d.
2273 4241 2576 4293 Matthaeus
2616 4250 2670 4293 et

214 4325 363 4379 Lucas
409 4333 479 4379 ait
522 4332 787 4382 Christum
836 4332 1060 4381 rediisse
1110 4331 1503 4397 Capharnaum.
1568 4332 1776 4392 Quibus
1827 4331 2122 4381 observatis
2169 4329 2244 4378 nil
2295 4327 2667 4380 difficultatum

216 4422 442 4477 superest.
500 4418 627 4467 Cum
664 4421 845 4468 neutri
878 4418 1261 4483 Evangelistae
1299 4420 1501 4480 omnia,
1541 4418 1635 4468 sed
1682 4432 1938 4468 summam
1981 4420 2188 4465 tantum
2231 4431 2510 4466 recensere
2545 4433 2665 4482 pro-

216 4502 415 4559 positum
447 4504 614 4565 fuerit,
650 4505 853 4554 idcirco
890 4504 1010 4553 leve
1047 4510 1142 4565 est,
1182 4504 1325 4569 quod
1361 4520 1401 4553 s.
1428 4504 1731 4554 Matthaeus
1770 4510 1906 4565 oct0‚
1945 4520 1986 4553 s.
2012 4503 2191 4553 Lucas
2229 4507 2458 4567 quatuor
2495 4504 2666 4553 solum

216 4586 383 4635 referat
416 4590 791 4655 beatitudines3
828 4592 949 4639 vice
972 4606 1130 4640 versa
1164 4608 1206 4641 s.
1233 4590 1412 4640 Lucas
1438 4594 1486 4653 6,
1514 4593 1595 4640 24.
1623 4608 1666 4641 s.
1697 4606 1816 4640 vae
1855 4590 2178 4640 divitibus
2215 4594 2482 4651 memoret,
2523 4588 2666 4653 quod

217 4666 259 4718 S.
278 4670 560 4726 Matthaeus
594 4678 967 4743 praetermisit.
