3267 5259
620 384 749 453 336
1359 398 1475 439 mut.
1504 398 1611 441 Rev.
1639 398 1728 441 div.
1757 398 1924 441 Pei-iod.
1953 396 2008 439 11.
2035 408 2131 450 cap.
2159 398 2362 450 primum.

626 572 832 655 ,quasi
880 569 1013 634 dux
1072 569 1391 634 circuibat
1446 570 1708 635 ordines
1777 570 2227 654 considerans3
2250 617 2263 627 .
2286 592 2450 653 quae
2507 592 2659 656 pars
2685 609 2699 621 -
2725 580 2896 635 esset
2951 592 3073 634 coa-

626 680 888 764 dunata,
937 704 1106 767 quae
1154 704 1271 746 sua
1315 684 1688 768 praesentia
1733 686 2039 767 egeret¹.‘
2085 682 2286 747 Venit
2327 682 2630 768 Lyddam
2645 685 2690 765 ²,
2737 682 2850 746 ubi
2895 684 3075 745 virum

628 792 955 879 quendam
1002 796 1265 859 nomine
1296 794 1640 860 Aeneam³
1685 796 1943 861 sanitati
1989 797 2283 859 restituit.
2331 794 2541 859 Huius
2581 804 2802 860 autem
2831 794 3076 881 prodigii

624 906 841 993 palam
900 906 1199 971 omnibus
1260 907 1531 973 exhibiti
1597 907 1777 973 fama
1835 918 2216 991 resonante,
2277 906 2521 973 nedum
2577 910 2756 973 cives
2809 906 3076 992 Lyddae,

622 1042 852 1085 verum
918 1021 1112 1085 etiam
1165 1022 1471 1085 universa
1514 1023 1696 1106 regio
1747 1020 2018 1102 Sarona,
2067 1020 2322 1085 Christo
2370 1044 2612 1086 nomen
2657 1019 2857 1085 dedit.
2941 1019 3076 1081 Mox

624 1132 774 1197 inde
822 1131 908 1197 ad
951 1155 1185 1219 preces
1226 1132 1553 1219 digressus
1594 1132 1880 1219 Joppcm
1897 1137 1941 1215 ⁴,
1987 1130 2374 1197 Tabitham⁵
2419 1132 2732 1198 feminam
2765 1141 2832 1196 et
2859 1132 3070 1217 pietate

625 1256 689 1311 et
713 1244 1275 1331 eleemosynarum
1298 1244 1640 1331 largitione
1672 1244 2005 1327 illustrem,
2041 1267 2078 1308 e
2102 1247 2370 1309 mortuis
2393 1246 2478 1310 ad
2501 1248 2687 1310 vivos
2711 1244 3031 1310 revocavit
3042 1248 3074 1303 ὅ.

626 1358 703 1421 In
728 1358 855 1421 hac
875 1357 1039 1422 urbe
1066 1380 1214 1422 cum
1242 1359 1479 1423 diutius
1512 1368 1952 1423 commoratus
1983 1367 2158 1421 esset
2187 1357 2363 1443 apud
2387 1357 2720 1422 Simonem
2745 1358 3076 1434 coriarium,

624 1472 871 1534 visione
896 1471 1130 1555 insigni
1147 1475 1170 1514 ⁷
1200 1470 1536 1553 intellexit,
1570 1470 1864 1535 ethnicos
1891 1494 2010 1557 pro
2035 1470 2384 1535 immundis
2408 1493 2540 1534 non
2565 1492 2708 1534 esse
2733 1467 3074 1547 habendos;

628 1592 694 1647 et
757 1606 889 1648 non
946 1584 1158 1649 minus
1211 1582 1335 1649 illis
1397 1606 1592 1669 quam
1652 1582 1924 1648 Judaeis
1985 1586 2170 1669 regni
2227 1583 2426 1647 divini
2485 1584 2748 1647 ianuam
2813 1579 3074 1647 reserari.

624 1695 978 1762 Enimvero
1014 1697 1177 1761 haec
1224 1699 1438 1762 animo
1488 1696 1858 1781 diligentius
1903 1696 2285 1779 revolventi,
2333 1697 2462 1760 iam
2509 1694 2862 1759 adfuerunt
2902 1694 3008 1757 viri
3049 1714 3080 1753 a

628 1808 932 1874 Cornelio
996 1811 1377 1873 centurione
1396 1813 1421 1851 ⁸
1464 1810 1666 1873 missi:
1725 1810 1835 1893 qui
1879 1809 2077 1873 Petro
2135 1817 2482 1872 narrarunt
2526 1806 2896 1873 Cornelium
2953 1826 3078 1868 cum

629 1920 913 2005 quadam
961 1921 1064 1986 die
1109 1923 1300 1986 tertia
1345 1931 1493 2008 post
1538 1921 1876 1987 meridiem
1921 1920 2083 1987 hora
2131 1924 2494 1987 orationum
2540 1942 2804 1984 suarum
2834 1940 3079 2005 pensum

627 2032 955 2117 redderet,
1004 2033 1085 2099 ab
1134 2033 1369 2119 angelo
1402 2035 1648 2099 iussum
1683 2056 1860 2099 esse:
1906 2043 1980 2097 ut
2007 2033 2274 2098 Petrum
2307 2042 2688 2114 arcesseret,
2736 2028 3080 2096 edocendus

629 2143 712 2208 ab
762 2168 863 2229 ec,
929 2168 1097 2231 quae
1156 2146 1274 2211 sibi
1322 2148 1585 2231 suisque
1631 2145 2110 2232 promerendae
2156 2144 2344 2209 saluti
2411 2143 2811 2230 praestanda
2869 2154 3078 2207 essent.

628 2257 975 2342 Rogabant
1030 2280 1215 2343 erg0,
1276 2266 1347 2321 ut
1404 2280 1628 2322 secum
1678 2257 2072 2323 Caesaream
2119 2260 2342 2322 venire
2387 2256 2744 2343 Apostolus
2791 2280 2918 2322 non
2958 2276 3079 2339 gra-

840 2461 876 2526 1)
916 2458 1351 2525 chrysostomus,
1390 2461 1445 2508 in
1480 2458 1597 2509 Act.
1636 2459 1774 2509 hom.
1812 2460 1904 2509 XI.
1935 2462 1982 2507 2.
2027 2476 2078 2524 p.
2111 2460 2225 2508 170.
2299 2459 2340 2523 ²)
2379 2458 2498 2508 Alio
2549 2460 2760 2508 nomine
2794 2455 3078 2522 Diospolim.

626 2546 687 2596 V.
715 2562 765 2595 n.
792 2552 827 2597 t.
856 2561 897 2596 s.
924 2562 974 2611 g.
1011 2563 1061 2611 p.
1088 2545 1200 2595 LV.
1270 2545 1311 2611 ³)
1350 2546 1515 2611 §nnis
1552 2546 1658 2597 iam
1696 2551 1819 2596 octo
1846 2544 2082 2611 paralysi
2118 2550 2394 2595 tentatum.
2455 2546 2500 2610 ⁴)
2538 2546 2601 2595 V.
2637 2562 2690 2595 n.
2725 2550 2761 2595 t.
2795 2562 2837 2595 s.
2861 2560 2907 2609 g.
2941 2560 2987 2609 p.
3011 2544 3078 2591 55.

627 2632 668 2698 ⁵)
718 2632 807 2682 Gr.
854 2628 1069 2699 Δορκάς,
1118 2647 1313 2681 nomen
1361 2630 1658 2683 silvestrem
1705 2646 1920 2697 capram
1975 2646 2190 2682 sonans.
2269 2630 2311 2697 ο)
2361 2630 2580 2681 Accitus
2629 2648 2727 2697 per
2775 2630 3016 2699 quosdam
3055 2643 3078 2675 e

622 2718 829 2769 familia
863 2720 1075 2769 Dorcae
1113 2719 1329 2781 Petrus,
1379 2718 1662 2769 defunctae
1708 2719 1964 2769 conclave
2009 2717 2157 2769 solus
2203 2720 2476 2785 ingressus
2515 2723 2612 2769 est.
2673 2718 2887 2769 Effusas
2921 2722 3080 2783 postca

626 2808 679 2854 in
716 2820 900 2871 preces
949 2805 1225 2857 mulierem
1270 2806 1511 2854 vocavit:
1573 2804 1807 2854 Tabitha
1851 2806 2036 2870 surge!
2099 2804 2212 2854 Nec
2247 2819 2414 2867 mora,
2451 2806 2632 2855 statim
2668 2810 2876 2854 mortua
2909 2802 3079 2869 apertis

630 2892 799 2941 oculis
848 2892 1063 2942 Petrum
1100 2893 1319 2953 intuita,
1368 2907 1590 2956 surgens
1629 2908 1658 2941 e
1707 2891 1846 2941 lecto
1883 2890 2104 2955 resedit;
2161 2892 2488 2957 pauperibus
2537 2891 2846 2957 viduisque,
2887 2904 3079 2957 quorum

628 2983 794 3027 mater
830 2978 1144 3041 habebatur,
1182 2978 1435 3029 redditur.
1484 2978 1600 3027 Act.
1628 2980 1678 3041 9,
1706 2980 1927 3029 31—43.
1991 2978 2031 3044 ⁷)
2060 2976 2302 3028 Orationi
2329 2992 2546 3045 operam
2577 2977 2801 3029 daturus
2825 2976 3078 3044 Apostolus

628 3066 681 3113 in
709 3068 907 3114 tectum
944 3064 1092 3131 aedis
1130 3064 1199 3115 ad
1234 3080 1379 3115 mare
1418 3065 1553 3114 sitae
1579 3092 1645 3101 —-
1671 3064 1816 3130 apud
1839 3070 2048 3115 veteres
2075 3066 2289 3115 coriarii
2327 3072 2478 3115 extra
2511 3066 2673 3116 urbes
2705 3082 2869 3132 prope
2893 3066 3080 3114 flumina

628 3150 870 3203 officinas
918 3167 1043 3201 suas
1090 3156 1143 3201 et
1180 3151 1363 3202 domos
1409 3151 1700 3201 habebant.
1761 3148 1841 3201 cf.
1875 3151 2203 3214 Walchium‚
2251 3152 2317 3201 de
2363 3152 2577 3203 Simone
2625 3154 2851 3203 coriario
2888 3152 2952 3202 ad
2981 3152 3076 3199 Act.

632 3242 713 3301 10,
750 3242 797 3289 6.
845 3237 968 3289 Jen.
1007 3240 1154 3289 1757.
1204 3255 1255 3303 p.
1290 3238 1373 3288 38.
1410 3266 1475 3274 —
1513 3238 1657 3287 circa
1701 3237 1884 3287 horam
1931 3236 2036 3287 diei
2074 3244 2278 3289 sextam
2325 3238 2667 3303 ascenderat3
2719 3254 2936 3305 cumque
2980 3237 3076 3285 cibo

630 3326 823 3375 famem
862 3325 1100 3375 relevare
1137 3326 1411 3389 cogitaret,
1438 3325 1585 3373 —in
1635 3326 1859 3373 extasim
1895 3330 2048 3391 rapto
2087 3324 2295 3375 coelum
2331 3326 2558 3375 reserari
2593 3326 2768 3375 visum
2805 3331 2897 3387 est,
2933 3340 2959 3373 e
2993 3337 3076 3387 quo

627 3412 1009 3476 amplissimum
1054 3412 1275 3461 linteum
1322 3410 1601 3473 delabens,
1651 3406 1860 3475 angulis
1905 3411 2236 3476 complicatis
2283 3412 2424 3462 omni
2471 3413 2820 3461 animantium
2861 3424 3076 3477 purorum

626 3498 1059 3564 impurorumque
1095 3513 1291 3563 genere
1327 3498 1724 3549 referciebatur.
1763 3525 1828 3533 —-
1866 3498 1928 3547 V.
1967 3498 2036 3546 Η.
2074 3498 2136 3547 L.
2175 3498 2458 3559 Munsteri‚
2509 3497 2633 3549 diss.
2684 3498 2750 3548 de
2795 3496 3077 3548 animalibus

628 3600 723 3634 esu
758 3583 1052 3634 interdictis
1090 3584 1159 3633 ad
1194 3584 1310 3633 Act.
1347 3586 1436 3645 10,
1474 3586 1555 3633 12.
1595 3584 1650 3632 in
1687 3583 1846 3634 Thes.
1881 3582 1968 3649 ph.
2007 3582 2079 3633 th.
2116 3600 2166 3649 p.
2206 3585 2323 3633 447.
2380 3584 2442 3633 Β.
2482 3584 2756 3651 Duysing,
2805 3584 2871 3634 de
2903 3584 3076 3633 visione

626 3671 788 3732 Petri,
812 3672 867 3719 in
892 3670 1049 3720 Thes.
1076 3687 1126 3719 n.
1165 3688 1215 3736 p.
1243 3671 1359 3720 611.
1392 3685 1433 3719 s.
1462 3698 1527 3706 —
1552 3670 1690 3719 Tum
1727 3670 1912 3719 audita
1937 3669 2119 3720 divina
2140 3686 2274 3720 vox:
2315 3670 2499 3721 occide
2535 3676 2590 3719 et
2625 3671 2911 3721 manduca!
2968 3668 3076 3718 Cum

625 3758 707 3807 vir
758 3758 879 3823 pius
934 3756 1217 3819 abnueret,
1277 3756 1698 3823 obtenderetque
1748 3756 1878 3805 nihil
1927 3772 1986 3807 se
2030 3758 2294 3822 impurum
2348 3771 2584 3822 unquam
2633 3758 2948 3819 comedisse,
2995 3768 3076 3802 vox

626 3845 846 3894 iterum:
905 3843 1046 3910 quod
1099 3845 1248 3894 Deus
1302 3843 1606 3909 purificavit
1659 3848 1718 3893 tu
1766 3845 2028 3909 impurum
2076 3860 2144 3893 ne
2199 3844 2419 3905 dixeris,
2475 3850 2556 3894 ter
2603 3846 2842 3911 repetiit3
2895 3842 3076 3893 tandem

625 3930 848 3981 linteum
883 3932 939 3979 in
977 3928 1185 3979 coelum
1222 3934 1494 3995 receptum
1531 3936 1626 3981 est.
1701 3928 1742 3995 8)
1781 3930 2036 3995 Legionis
2083 3944 2242 3995 quam
2287 3930 2532 3980 Italicam
2578 3930 2933 3996 adpellabant.
2987 3929 3076 3977 Nec

626 4016 849 4067 dubium
895 4022 953 4066 ut
990 4016 1115 4065 olim
1162 4018 1269 4065 iam
1304 4016 1594 4077 Batonius,
1643 4016 1835 4065 Annal.
1874 4018 1957 4079 41,
1997 4018 2044 4065 2.
2090 4033 2142 4081 p.
2181 4018 2298 4067 261.
2345 4016 2746 4080 animadvertit,
2792 4019 2901 4067 cius
2941 4016 3074 4065 fuisse

627 4104 859 4153 nationis
896 4102 1018 4154 illos
1054 4103 1273 4165 milites,
1321 4120 1351 4151 e
1389 4118 1496 4169 qua
1532 4106 1648 4153 tota
1683 4101 1874 4153 cohors
1911 4108 2026 4153 erat
2061 4102 2430 4173 denominata,
2475 4118 2666 4170 nempe
2714 4104 2891 4154 Italos.
2945 4102 3076 4151 Hane

625 4190 847 4240 Baronii
883 4191 1203 4241 sententiam
1248 4190 1451 4240 erudite
1502 4190 1715 4239 ornavit
1762 4188 2105 4255 defenditque
2153 4190 2212 4239 P.
2247 4189 2490 4251 Halloix‚
2531 4190 2583 4239 S.
2621 4190 2691 4253 J.,
2737 4175 2916 4241 illustr.
2949 4184 3074 4237 Ech

629 4274 717 4327 Or.
746 4278 937 4343 Script.
968 4278 1128 4327 vitae.
1177 4277 1354 4327 Duaci
1376 4277 1419 4339 1,
1447 4278 1565 4327 392.
1604 4282 1766 4342 atque
1792 4276 2122 4327 acatholicus
2161 4275 2220 4326 Ο.
2247 4276 2310 4326 G.
2337 4276 2603 4339 Schwartz,
2642 4278 2767 4329 diss.
2795 4276 2859 4327 de
2889 4274 3075 4325 cohorte

626 4362 819 4414 Italica
864 4368 919 4413 et
961 4363 1221 4431 Augusta.
1281 4364 1397 4414 Act.
1444 4366 1525 4427 10,
1572 4366 1619 4414 1.
1677 4364 1759 4425 27,
1807 4366 1852 4414 1.
1912 4363 2100 4413 Altorf.
2149 4366 2298 4414 1720.
2356 4368 2410 4413 et
2455 4365 2511 4413 in
2559 4380 2733 4416 exerc.
2777 4364 2856 4415 ed.
2893 4358 3074 4411 Harles.

628 4448 864 4501 Norimb.
903 4452 1053 4501 1783.
1099 4452 1352 4516 imprimis
1390 4452 1437 4513 ξ.
1479 4452 1558 4501 18.
1622 4449 1924 4500 Schwarzio
1963 4451 2252 4503 assentitur
2287 4450 2578 4513 Wieseler,
2627 4450 2964 4515 chronolog-ie
2997 4445 3076 4493 des

629 4534 813 4601 Apost.
854 4536 1148 4587 Zeitalters.
1189 4536 1330 4589 Gott.
1373 4539 1522 4587 1848.
1560 4554 1611 4602 p.
1655 4538 1772 4587 145.
1809 4552 1860 4586 n.
1899 4538 1946 4587 2.
