3267 5259
1034 378 1085 420 D.
1116 379 1299 421 Joannis
1326 380 1376 419 Δ.
1406 380 1599 420 extrema
1624 379 1720 420 fata
1748 381 1794 419 et
1819 378 2000 430 scripta.
2629 362 2759 429 505

264 555 723 642 hospitalitatis
752 554 948 621 laude
986 554 1329 642 praeclara
1350 559 1388 618 ¹.
1452 555 1686 641 Itaque
1731 578 1864 619 non
1909 554 2298 621 morandum
2345 550 2466 616 sibi
2514 560 2759 635 censet,

266 668 385 733 sed
442 670 617 733 omni
666 690 795 754 qua
852 679 1072 755 potest
1116 668 1530 733 festinatione
1586 668 1761 732 illam
1822 666 2304 733 admonendam
2363 690 2505 731 esse
2553 666 2757 730 duxit.

264 782 427 846 Piae
472 781 561 845 illi
592 781 863 847 Electae
896 782 1221 847 Dominae
1266 783 1535 867 eiusque
1581 780 1804 845 liberis
1851 781 2126 846 salutem
2159 780 2316 844 dicit
2346 779 2692 867 plurimam
2713 781 2756 843 ².

268 895 601 961 Gaudium
646 918 833 959 suum
872 894 1165 960 declarat
1195 894 1276 959 de
1308 895 1617 981 profectu
1647 894 1980 981 spirituali,
2029 916 2224 981 quem
2255 895 2322 957 in
2362 894 2498 957 eius
2541 892 2759 957 liberis

267 1007 797 1094 deprehenderat
816 1012 859 1075 ³.
936 1009 1152 1094 Rogat
1210 1008 1664 1094 hortaturque,
1732 1017 1805 1071 ut
1871 1017 2250 1093 perseveret
2308 1017 2518 1071 mater
2586 1004 2760 1070 bona

269 1144 420 1185 cum
465 1120 611 1186 filiis
655 1122 826 1187 bene
876 1121 1378 1205 ambulantibus,
1424 1124 1552 1186 imo
1603 1122 2013 1187 currentibus
2044 1122 2110 1185 in
2141 1120 2452 1185 mandato
2501 1118 2758 1183 divinae

267 1234 662 1319 dilectionis3
726 1235 903 1321 quod
957 1258 1088 1301 non
1142 1236 1543 1321 nuperrime,
1600 1235 1718 1299 sed
1762 1235 2020 1321 pridem
2075 1236 2203 1299 iam
2249 1233 2558 1298 traditum
2613 1233 2756 1295 sit⁴.

265 1347 497 1413 Monet
542 1370 719 1431 eam,
766 1358 839 1413 ut
884 1348 1007 1413 sibi
1054 1359 1288 1413 caveat
1332 1347 1416 1412 ab
1460 1348 1568 1431 iis,
1616 1350 1726 1435 qui
1771 1358 2094 1433 negarent
2140 1346 2317 1433 quod
2369 1354 2550 1410 recta
2597 1344 2760 1409 fides

268 1460 646 1525 confitetur:
710 1463 1225 1527 incarnationem
1270 1460 1355 1525 D.
1401 1461 1483 1525 N.
1532 1461 1591 1525 J.
1643 1461 1716 1527 O.
1766 1460 2159 1547 Quicunque
2221 1462 2649 1547 impostorum
2695 1457 2762 1522 id

268 1574 457 1655 facit,
512 1574 566 1637 is
630 1574 883 1639 Christo
946 1574 1357 1656 adversatur,
1418 1574 1695 1661 proinde
1757 1576 2092 1657 ἀντίχριστος
2153 1584 2270 1637 est.
2359 1571 2466 1637 Ab
2529 1572 2761 1637 horum

268 1688 581 1751 societate
627 1686 925 1751 Electam
989 1710 1137 1751 cum
1184 1686 1409 1752 sobole
1471 1709 1697 1752 arcere
1743 1686 1910 1769 vult,
1958 1709 2042 1751 ne
2091 1708 2318 1751 eorum
2365 1687 2763 1771 contagione

269 1802 870 1865 contaminarentur
889 1804 931 1865 ⁵.
1366 1783 1371 1789 ¹

476 1912 793 1977 Extremo
863 1912 991 1978 hoe
1054 1936 1217 1977 aevo
1278 1922 1506 1977 contra
1551 1912 1612 1978 d.
1661 1912 1988 1978 Joannem
2047 1910 2432 1997 insurgebat
2496 1910 2764 1999 quidam

264 2024 687 2111 Diotrephes,
737 2048 821 2090 ex
866 2024 974 2090 illo
1021 2025 1355 2091 hominum
1401 2048 1668 2111 genere,
1725 2028 1833 2113 qui
1879 2026 2174 2091 Judaeos
2229 2025 2386 2091 lieet
2437 2024 2763 2090 Christum

267 2139 625 2222 professos,
670 2140 791 2202 nisi
822 2138 1024 2223 Legis
1072 2141 1233 2203 ritus
1265 2139 1711 2217 observarent,
1762 2139 1847 2204 ad
1894 2162 2044 2204 suos
2094 2150 2319 2204 coetus
2352 2163 2490 2204 non
2537 2137 2762 2202 admit-

266 2251 513 2315 tebant.
574 2250 925 2337 Duplieem
981 2251 1292 2317 movebat
1342 2252 1740 2338 Diotrephes
1793 2254 2004 2317 rixam
2063 2264 2292 2318 contra
2352 2250 2762 2338 Apostolum.

266 2363 431 2428 Cum
466 2365 885 2447 φιλαπρωτεύων
917 2402 999 2411 -
1034 2388 1260 2429 amans
1291 2367 1640 2451 primatum
1669 2406 1755 2414 ·—-
1787 2366 2003 2449 fuerit,
2051 2388 2374 2431 summam
2407 2388 2456 2430 s.
2491 2365 2766 2431 Joannis

264 2476 717 2562 Apostolicam
750 2480 1201 2543 auctoritatem
1232 2502 1365 2543 non
1398 2480 1684 2565 agnovit,
1730 2479 1966 2544 deinde
1998 2480 2219 2544 literas
2256 2481 2391 2543 eius
2425 2500 2750 2544 commen·-

267 2590 546 2674 datitias,
581 2613 743 2677 quas
769 2591 1157 2677 quibusdam
1181 2592 1529 2658 fratribus⁶
1561 2592 1852 2676 dederat,
1883 2617 2016 2657 non
2039 2595 2307 2679 recepit.
2355 2590 2751 2679 Diotrephes

268 2818 421 2888 Κυρία
454 2836 551 2888 pro
590 2820 803 2870 nomine
840 2822 1055 2887 proprio
1093 2820 1413 2887 habeamus;
1460 2822 1660 2873 nullius
1698 2838 1814 2874 esse
1853 2824 2103 2890 ponderis
2142 2828 2408 2890 regerunt,
2457 2840 2575 2874 eum
2613 2824 2752 2875 idem

267 2926 308 2958 s.
332 2908 575 2959 Joannes
602 2924 684 2974 ep.
710 2908 807 2957 111.
834 2908 1106 2973 scripserit
1142 2900 1313 2977 ,Γαΐῳ
1349 2911 1421 2977 τῷ
1458 2904 1726 2978 ἀγαπητῷ(
1763 2910 1968 2976 absque
2005 2910 2247 2961 articulo.
2291 2912 2469 2962 Etiam
2496 2911 2562 2961 de
2595 2910 2749 2973 (iaie,

268 3001 326 3045 ut
360 3011 471 3045 rem
504 2996 691 3060 paucis
728 2994 1088 3058 absolvamus,
1124 2995 1347 3045 multum
1384 2996 1702 3062 disputatur.
1752 2998 1933 3047 Trium
1970 2999 2122 3047 istius
2161 2999 2388 3048 nominis
2425 2998 2656 3049 virorum
2695 2999 2750 3047 in

268 3082 317 3132 S.
340 3082 393 3132 S.
414 3082 479 3132 N.
500 3083 561 3131 Τ.
588 3081 648 3131 fit
670 3084 896 3132 mentio:
924 3082 1041 3131 Act.
1065 3084 1144 3144 19,
1165 3084 1247 3132 29.
1275 3086 1358 3145 20,
1379 3086 1427 3133 4.
1466 3084 1615 3133 Rom.
1639 3086 1720 3145 16,
1742 3087 1824 3135 23.
1853 3084 1971 3135 coll.
1991 3085 2035 3136 1.
2057 3084 2178 3135 Cor.
2203 3088 2250 3147 1,
2275 3088 2354 3135 14.
2403 3087 2536 3147 Quis
2563 3086 2750 3136 horum

266 3172 335 3218 sit
370 3170 509 3219 idem
546 3186 667 3219 cum
705 3168 840 3219 Gaio
878 3170 931 3219 S.
950 3169 1213 3220 Joannis?
1248 3186 1422 3235 neque
1459 3170 1529 3220 ad
1564 3171 1824 3236 liquidum
1861 3172 2174 3238 perductum
2213 3179 2308 3233 est,
2347 3188 2447 3223 nec
2482 3172 2641 3223 facile
2680 3172 2750 3222 ad

267 3256 525 3322 liquidum
563 3256 910 3322 perducetur3
950 3258 1201 3322 quoniam
1240 3262 1568 3321 argumenta,
1606 3258 1799 3323 quibus
1837 3260 2166 3325 singulorum
2192 3260 2540 3325 interpretum
2566 3276 2747 3325 super-

266 3346 486 3394 struitur
523 3344 855 3406 coniectura,
892 3343 1019 3393 licet
1053 3343 1382 3409 probabilia,
1422 3345 1703 3395 evincendi
1739 3352 1919 3396 tamen
1954 3348 2008 3394 vi
2045 3345 2188 3395 haud
2225 3346 2442 3411 pollent.
2503 3346 2750 3397 Attamen

268 3448 389 3481 cum
427 3430 631 3496 aliquid
669 3431 719 3480 h.
756 3430 792 3481 l.
832 3430 1205 3497 proferendum
1242 3432 1325 3493 sit,
1365 3431 1615 3483 dicimus:
1664 3431 1896 3483 Caium
1933 3432 1986 3483 S.
2025 3432 2216 3483 Pauli
2252 3433 2588 3499 hospitem
2623 3452 2752 3484 non

266 3534 465 3584 aegre
500 3517 837 3583 intelligi,
875 3521 1092 3579 propter
1129 3516 1526 3567 similitudinem
1564 3518 1619 3567 in
1656 3519 1798 3569 vitae
1846 3520 2167 3570 conditione.
2215 3521 2414 3570 Verum
2448 3521 2504 3570 id
2541 3537 2752 3587 quoque

266 3605 423 3654 fateri
462 3610 700 3670 oportet,
746 3606 986 3670 potuisse
1024 3603 1159 3654 duos
1196 3604 1431 3655 eiusdem
1470 3606 1698 3655 nominis
1737 3606 1962 3655 existere
2001 3608 2143 3656 viros
2179 3606 2554 3673 hospitalitatis
2581 3608 2752 3659 ‘laude

266 3693 519 3757 insignes.
580 3693 664 3742 De
712 3692 795 3742 his
840 3693 997 3758 plura
1052 3692 1259 3743 dabunt
1305 3693 1537 3759 Lampe,
1594 3694 1794 3744 Comm.
1849 3694 1950 3743 Ev.
1987 3694 2184 3743 Joanu.
2230 3694 2364 3760 prol.
2411 3695 2454 3743 Ι.
2495 3696 2548 3755 7,
2589 3696 2670 3743 11.
2710 3712 2750 3745 s.

266 3796 317 3844 p.
347 3782 464 3828 111.
490 3794 532 3828 s.
588 3780 641 3829 J.
675 3779 727 3829 J.
764 3780 1124 3840 Rambonnet,
1173 3795 1315 3845 spec.
1356 3795 1434 3829 ac.
1474 3780 1540 3829 de
1577 3796 1683 3830 sec.
1723 3798 1804 3846 ep.
1843 3781 2107 3831 Joannca.
2145 3781 2287 3830 Trai.
2339 3781 2407 3830 ad
2453 3780 2550 3829 Rh.
2601 3783 2751 3831 1818.

268 3882 318 3931 p.
345 3866 427 3915 64.
454 3882 495 3916 s.
547 3866 615 3915 H.
641 3866 912 3929 Ritmeier,
952 3866 1078 3917 diss.
1113 3866 1179 3915 de
1208 3862 1403 3935 ἐκλεκτῇ
1431 3863 1598 3934 Κυρίᾳ.
1636 3866 1863 3917 Helmst.
1892 3870 2041 3919 1706.
2093 3868 2326 3930 Knauer,
2367 3866 2513 3917 Stud.
2540 3883 2590 3917 u.
2619 3868 2750 3918 Krit.

272 3954 419 4002 1833.
445 3970 497 4018 p.
525 3954 644 4002 452.
670 3968 713 4003 s.
762 3954 965 4016 Lilcke,
992 3954 1027 4003 l.
1054 3970 1100 4003 c.
1126 3970 1177 4019 p.
1204 3955 1321 4003 350.
1348 3968 1390 4003 s.
1439 3953 1644 4019 Mayer,
1681 3954 1717 4003 1.
1745 3970 1789 4004 c.
1815 3972 1866 4020 p.
1893 3956 2011 4004 229.

478 4038 517 4106 ¹)
556 4042 728 4101 Quam
764 4040 885 4090 ideo
923 4042 1099 4091 statim
1138 4041 1331 4091 adituri
1372 4045 1552 4091 essent
1574 4042 1664 4091 isti
1689 4041 1997 4092 seductores
2025 4042 2299 4092 doctorum
2327 4040 2750 4091 Christianorum

268 4142 461 4177 nomen
498 4128 718 4177 mentiti.
774 4126 816 4193 ²)
856 4128 916 4177 V.
946 4132 1096 4179 1-3,
1150 4129 1191 4194 ³)
1230 4128 1292 4178 V.
1319 4130 1367 4177 4.
1418 4130 1459 4193 ⁴)
1498 4130 1561 4179 V.
1588 4132 1635 4179 6.
1665 4131 1712 4179 6.
1764 4130 1806 4195 ⁵)
1842 4130 1908 4180 V.
1938 4132 2124 4179 7—11.
2173 4130 2234 4179 In
2273 4129 2353 4180 his
2391 4144 2530 4194 quae
2567 4144 2749 4179 neees-

268 4215 405 4263 sario
434 4218 490 4263 et
514 4216 831 4279 quantocius
868 4216 1152 4266 scribenda
1188 4221 1355 4278 erant,
1394 4217 1635 4267 subsistit
1656 4217 1962 4283 Apostolus.
2003 4216 2196 4267 Cetera
2220 4232 2358 4282 quae
2390 4216 2514 4266 addi
2551 4218 2750 4282 potuis-

270 4306 387 4350 sent
422 4300 491 4351 ad
528 4300 629 4351 hoc
663 4303 839 4366 ipsum
876 4307 1242 4368 argumentum
1279 4305 1616 4368 pertinentia,
1657 4304 1832 4353 differt
1869 4304 1936 4354 ad
1973 4303 2028 4353 id
2065 4308 2290 4369 tempus,
2331 4320 2436 4369 quo
2463 4303 2752 4354 adventum

270 4402 422 4437 sunm
478 4387 775 4453 pollicetur.
848 4388 1043 4439 Litoris
1090 4388 1247 4438 finem
1304 4390 1527 4453 imponit
1580 4389 1866 4440 salutando
1913 4390 2208 4440 Electam
2259 4392 2470 4441 nomine
2525 4390 2752 4441 filiorum

272 4476 481 4524 sororis.
542 4474 607 4522 V.
658 4476 739 4523 12.
793 4477 870 4523 13.
944 4474 984 4539 ὓ)
1040 4476 1367 4540 Peregrinis,
1422 4474 1559 4525 forte
1614 4477 1852 4543 profugis
1902 4494 1930 4527 e
1979 4476 2314 4539 Palaestina,
2371 4478 2440 4527 ad
2495 4492 2754 4528 summam

273 4566 561 4625 egestatem
600 4560 829 4611 redactis
867 4561 1125 4610 eiusmodi
1162 4562 1345 4611 literas
1382 4561 1529 4611 dedit
1562 4563 1868 4628 Apostolus.
