3267 5259
592 448 721 513 364
1326 462 1445 505 nist.
1474 462 1581 505 Bev-
1610 462 1698 503 dlv.
1727 461 1896 503 Period.
1925 462 1981 505 11.
2002 474 2096 514 cap.
2125 462 2322 514 primum.

592 642 775 699 Manu
807 640 1021 729 leniter
1051 642 1401 717 prehensum
1430 643 1507 700 ad
1534 640 1946 718 Areopagum¹
1977 638 2198 701 duxere
2229 662 2343 700 non
2377 642 2452 699 ad
2482 642 2790 709 iudicium3
2820 642 2906 698 sed
2931 641 3029 698 ideo

592 746 747 824 quod
780 746 953 803 multi
984 747 1069 805 ibi
1102 766 1221 804 esse
1250 746 1505 805 solerent
1533 749 1812 817 rhetores,
1849 747 2068 805 eruditi
2099 754 2390 805 senatores
2419 753 2480 804 et
2509 745 2634 803 alii.
2669 746 2760 803 Ibi
2789 744 2858 803 lis
2883 744 3028 803 Paulo

590 856 779 919 mota3
842 870 1015 909 causa
1073 850 1376 925 religionis
1434 852 1659 925 agenda
1709 852 1776 908 in
1827 852 2296 910 acutissimorum
2353 850 2662 908 hominum
2679 846 2704 887 ²
2745 854 3021 907 conventu.

590 954 715 1011 Nec
772 956 1128 1013 occasionem
1188 961 1310 1012 tam
1372 960 1764 1031 opportunam
1823 955 2312 1030 prudentissimus
2356 962 2682 1030 temporum
2741 956 3024 1011 aestimator

590 1058 905 1133 Apostolus
948 1059 1193 1117 dimisit.
1256 1060 1437 1117 Stoici
1482 1066 1542 1117 et
1587 1060 1866 1135 Epicurei
1906 1060 2155 1130 curiosi,
2207 1060 2348 1138 quid
2401 1060 2640 1117 tandem
2693 1060 2822 1115 novi
2872 1057 3022 1115 adfer-

591 1167 697 1233 ret,
733 1162 1125 1241 quaerebant?
1142 1162 1165 1201 3
1204 1164 1383 1221 Nullo
1414 1164 1567 1223 facto
1598 1166 1892 1239 prooemio
1923 1184 1958 1221 a
1988 1184 2051 1221 re
2083 1166 2208 1240 ipsa
2237 1164 2544 1222 exorditur
2561 1161 2604 1234 ⁴,
2646 1164 2839 1220 laudat
2873 1162 3017 1218 Athe-

590 1268 835 1338 nienses,
869 1269 1020 1345 quod
1052 1288 1159 1344 pro
1190 1272 1355 1345 copia
1384 1268 1736 1343 cognitionis
1765 1288 1902 1327 suae
1934 1269 2190 1343 religiosi
2222 1266 2477 1337 essent⁵;
2513 1267 2743 1343 probari
2767 1268 2867 1324 sibi
2889 1267 3016 1341 pium

590 1371 843 1429 illustris
874 1373 1037 1430 urbis
1066 1374 1361 1443 studium,
1412 1374 1686 1432 hortatur
1729 1379 1998 1447 agerent,
2045 1374 2200 1451 quod
2230 1377 2486 1447 agerent.
2533 1372 2647 1429 Sed
2689 1390 2852 1449 quem
2888 1370 3015 1443 igno-

592 1480 717 1533 tum
748 1478 1123 1533 nominarent
1150 1476 1373 1547 Deum,
1426 1479 1490 1533 in
1543 1479 1702 1535 hunc
1754 1479 1964 1552 ipsum,
2015 1480 2182 1535 cuius
2225 1496 2389 1533 aram
2433 1476 2706 1545 offendit,
2753 1492 2936 1533 verum
2969 1492 3018 1527 sc

802 1700 835 1763 ¹)
878 1695 1195 1768 Ἀρειόπαγος,
1233 1699 1385 1749 collis
1422 1700 1672 1763 Martius,
1712 1702 1768 1749 in
1805 1700 1980 1749 media
2017 1700 2148 1749 urbe
2183 1700 2315 1749 situs
2353 1704 2493 1759 erat,
2532 1699 2682 1747 iuxta
2715 1712 2875 1747 arcem
2905 1694 3018 1744 urbis

588 1787 643 1835 in
680 1801 811 1851 rupe
849 1785 1091 1849 adversa,
1131 1786 1201 1837 ad
1238 1802 1504 1848 occasum,
1543 1788 1599 1837 in
1639 1802 1742 1853 quo
1781 1788 2172 1837 conveniebant
2207 1786 2426 1847 iudices,
2471 1786 2562 1851 qui
2601 1785 2757 1849 vulgo
2791 1784 3021 1846 Areopa-

588 1874 763 1937 gitae
814 1872 1051 1923 audiunt.
1128 1874 1249 1923 Hoc
1304 1873 1539 1924 tribunal
1588 1875 1672 1924 ius
1729 1873 1862 1923 dixit
1915 1873 1981 1922 de
2036 1874 2196 1922 rebus
2252 1872 2590 1937 capitalibus.
2662 1871 2893 1937 Dignitas
2937 1868 3024 1916 eius

588 1963 751 2025 atque
800 1961 1089 2009 auctoritas
1138 1959 1282 2025 apud
1320 1960 1539 2010 Veteres
1584 1965 1702 2010 erat
1745 1962 1989 2009 maxima.
2051 1958 2194 2009 Nulli
2241 1960 2297 2008 in
2341 1958 2474 2007 illud
2512 1957 2908 2023 coemebantur,
2945 1955 3023 2003 nisi

489 2114 503 2121 „
588 2046 685 2095 viri
712 2048 991 2111 sapientia,
1026 2047 1390 2112 temperantia,
1424 2048 1641 2107 iustitia,
1682 2052 1734 2097 et
1759 2046 2065 2097 fortitudine
2098 2050 2451 2111 praestantes,
2484 2045 2820 2109 moribusque
2849 2040 3024 2107 optimis

589 2134 878 2198 conspicui.
930 2132 1177 2183 Ceterum
1202 2132 1269 2183 de
1294 2133 1575 2199 Areopago
1613 2133 1826 2199 legendi
1861 2138 2012 2183 sunt:
2057 2132 2385 2194 flamininus,
2425 2130 2490 2181 de
2528 2132 2752 2181 nummis
2779 2126 3025 2179 Herodiasl.

588 2220 641 2269 in
694 2236 779 2286 op.
826 2219 917 2269 sel.
968 2236 1019 2285 p.
1064 2222 1183 2270 351.
1223 2224 1278 2268 et
1312 2221 1430 2269 634.
1488 2220 1538 2269 J.
1578 2218 1862 2283 Schedius,
1911 2220 1976 2269 de
2014 2221 2295 2284 Areopago
2333 2220 2388 2267 in
2423 2216 2582 2267 Thes.
2619 2233 2741 2266 nov.
2785 2234 2833 2281 p.
2867 2216 2967 2265 675.
2997 2228 3029 2261 s.

590 2304 711 2355 Chr.
748 2306 809 2355 F.
848 2306 1066 2367 Haven,
1106 2305 1231 2355 diss.
1270 2306 1337 2354 de
1374 2306 1674 2372 Areopago.
1713 2306 1877 2356 Hafn.
1919 2308 2068 2355 1708.
2127 2306 2214 2355 Jo.
2253 2305 2544 2365 Meursius,
2583 2303 2652 2353 de
2689 2307 2871 2353 senatu
2903 2302 3034 2351 Areo·

587 2394 821 2457 pagitico
859 2392 950 2443 lib.
988 2393 1123 2457 sing.
1162 2394 1218 2441 in
1254 2392 1373 2441 Jac.
1415 2392 1698 2453 Gronovii‚
1737 2393 1895 2444 Thes.
1933 2392 2121 2443 Graec.
2159 2392 2335 2457 Antiq.
2375 2392 2508 2441 Ven.
2549 2393 2700 2441 1732.
2743 2391 2804 2452 V,
2839 2391 2973 2439 2071.
3005 2402 3037 2434 s.

586 2478 790 2541 Bockh,
830 2480 896 2528 de
933 2480 1231 2545 Areopago.
1271 2478 1445 2529 Berol.
1476 2481 1625 2529 1826.
1675 2480 1742 2529 Ε.
1769 2480 2059 2541 Robinson,
2097 2479 2421 2529 Palaestina.
2459 2478 2623 2529 Halle
2661 2478 2808 2528 1841.
2843 2477 2883 2537 Ι,
2915 2478 3038 2525 11.ε.

590 2566 631 2629 ²)
672 2566 872 2615 Volunt
908 2568 1047 2615 enim
1083 2566 1186 2616 hac
1222 2566 1397 2629 laude,
1448 2571 1503 2615 et
1540 2566 1754 2631 quidem
1791 2551 2133 2631 cupidissime
2177 2567 2383 2617 censeri
2419 2566 2599 2615 Attici.
2673 2564 2716 2629 ³)
2753 2563 3042 2630 Eloquentia

589 2668 695 2702 non
729 2654 903 2702 minus
940 2668 1097 2718 quam
1125 2653 1415 2718 loquentia,
1454 2652 1634 2703 clarae
1661 2658 1814 2702 erant
1842 2653 2099 2714 Athenae,
2139 2654 2327 2703 civitas
2365 2653 2487 2702 ideo
2530 2652 2888 2717 „linguata·⁵
2925 2650 3043 2699 dicta

588 2739 935 2801 Tertulliano,
975 2739 1043 2789 de
1079 2741 1257 2789 anima
1292 2755 1339 2789 c.
1374 2742 1423 2789 3.
1458 2740 1549 2802 IV,
1590 2740 1707 2791 172.
1778 2741 1820 2803 ⁴)
1859 2740 1935 2790 Ut
1970 2740 2172 2791 aditum
2209 2740 2312 2791 sibi
2347 2744 2563 2805 pararet
2598 2740 2668 2789 ad
2707 2755 2798 2789 eos
2833 2736 3046 2789 docenda

590 2828 832 2877 rectiora.
892 2827 934 2891 ⁵)
964 2826 1096 2876 Cum
1124 2826 1325 2877 Civitas
1351 2842 1461 2876 non
1486 2828 1746 2877 consistat
1771 2829 1884 2878 sine
1913 2828 2185 2893 religione,
2223 2829 2422 2894 quippe
2447 2842 2589 2893 quae
2613 2826 2878 2876 vinculum
2903 2824 3042 2875 socie-

589 2914 713 2962 tatis
740 2919 835 2975 est,
862 2928 961 2962 nec
992 2913 1231 2963 homines
1256 2914 1545 2963 bestiarum
1580 2930 1728 2963 more
1753 2914 1880 2965 sinit
1914 2914 2112 2975 vivere,
2151 2912 2218 2963 de
2244 2928 2311 2963 ea
2339 2915 2526 2978 paucis
2565 2928 2894 2978 quaeramus,
2929 2923 3046 2975 quae·

587 2999 942 3049 Athenienses
968 3001 1244 3049 continuit.
1282 2999 1335 3049 S.
1356 2999 1553 3062 Lucas,
1572 3002 1690 3051 Act.
1716 3002 1796 3061 17,
1821 3004 1904 3049 22.
1933 2996 2380 3067 ,,δεισιδαιμονίαν“
2405 2999 2514 3049 illis
2541 3000 2812 3050 adscribit.
2845 2996 3044 3049 Adiecti-

588 3102 713 3135 vum
756 3083 1071 3153 δεισιδαίμων
1121 3101 1156 3136 a
1202 3088 1365 3137 verbo
1414 3083 1561 3136 δείδω
1610 3089 1793 3150 timeo,
1842 3092 1924 3137 est
1971 3092 2025 3136 et
2069 3082 2261 3154 δαίμων
2310 3102 2448 3152 quae
2495 3102 2602 3136 vox
2645 3085 2862 3136 Graecis
2901 3084 3044 3149 primo

590 3172 801 3238 quidem
840 3172 995 3222 deum
1032 3173 1314 3238 significat,
1350 3173 1475 3223 dein
1510 3178 1804 3239 potestates
1842 3174 2060 3223 summis
2097 3172 2312 3239 quidem
2343 3172 2462 3223 Diis
2497 3172 2806 3234 inferiores,
2841 3172 3046 3221 humana

588 3264 783 3310 natura
840 3264 1018 3310 tamen
1078 3260 1409 3327 superiores3
1478 3261 1666 3326 genios
1726 3275 1864 3326 quos
1933 3259 2160 3325 gentiles
2220 3259 2522 3309 hominibus
2583 3259 2900 3310 tribuebant.
2963 3255 3048 3305 His

587 3348 774 3413 positis
822 3345 1037 3396 difficile
1082 3362 1191 3397 non
1238 3348 1337 3396 erit
1378 3346 1677 3413 intelligere
1724 3343 2040 3415 δεισιδαίμων
2085 3346 2324 3412 dupplici
2373 3345 2530 3395 modo
2576 3348 2742 3407 sumi,
2788 3348 2862 3395 ita
2902 3349 2957 3394 ut
2993 3342 3049 3391 de

589 3448 651 3482 eo
699 3433 931 3495 dicatur,
988 3435 1080 3498 qui
1132 3433 1379 3499 religiose
1426 3434 1577 3483 timet
1619 3432 1850 3499 ideoque
1897 3433 2047 3496 colit,
2099 3431 2360 3499 quidquid
2403 3432 2686 3483 divinitate
2731 3433 2907 3498 aliqua
2945 3444 3048 3479 cen-

588 3525 757 3583 setur3
806 3526 900 3570 aut
934 3520 1135 3570 indicat
1172 3536 1319 3582 eum,
1368 3522 1460 3587 qui
1508 3522 1674 3570 nimia
1717 3520 2077 3571 sollicitudine
2125 3520 2490 3587 superstitiose
2541 3519 2761 3570 deorum
2811 3524 2861 3570 et
2901 3516 3050 3567 numi·

588 3622 713 3656 num
772 3606 939 3656 cultui
1000 3607 1280 3668 adhaeret,
1341 3608 1433 3679 qui
1492 3622 1682 3657 sensus
1738 3608 1974 3673 profanis
2029 3607 2376 3672 scriptoribus
2436 3622 2545 3656 non
2603 3606 2912 3672 infrequens
2966 3606 3050 3653 est.

586 3694 934 3759 Disputatur,
998 3708 1231 3758 quonam
1284 3708 1446 3742 sensu
1484 3693 1569 3743 hic
1605 3695 1935 3759 accipiatur?
1991 3694 2190 3759 Negari
2227 3709 2336 3743 non
2375 3698 2553 3758 potest
2588 3693 2921 3759 Apostolum,
2975 3689 3054 3755 qui

585 3780 912 3830 Athenarum
951 3757 1235 3847 osssdopoeroe
1267 3780 1383 3830 Act.
1425 3782 1506 3842 17,
1542 3782 1626 3829 23.
1675 3780 2123 3845 perlustraverat,
2179 3781 2342 3845 idque
2395 3786 2615 3845 propter
2670 3781 2846 3830 animo
2897 3778 3055 3827 fuerat

586 3882 861 3929 accensus,
890 3866 1035 3917 haud
1059 3866 1281 3917 laudare
1308 3882 1415 3929 eos,
1442 3883 1577 3933 quos
1602 3867 1914 3917 idololatras
1938 3867 2162 3929 viderat,
2189 3873 2352 3933 atque
2379 3863 2524 3927 ,,ξένα
2551 3862 2812 3934 δοιιμ.όνια’6
2838 3866 3052 3915 clamare

586 3954 879 4004 audiverat.
934 3955 1051 4004 Act.
1081 3956 1162 4015 17,
1192 3954 1271 4003 18.
1327 3955 1519 4003 Purior
1566 3954 1754 4019 religio
1804 3954 2004 4003 dudum
2057 3956 2114 4003 in
2168 3955 2356 4005 animis
2411 3956 2650 4019 gentium
2707 3954 2954 4012 desierat,
3009 3954 3057 3997 st

586 4042 891 4107 superstitio
947 4054 1107 4106 quam
1159 4042 1277 4089 iure
1313 4042 1467 4106 quasi
1505 4040 1860 4091 haereditario
1899 4056 1932 4089 a
1967 4042 2259 4091 maioribus
2297 4046 2647 4107 acceperant,
2702 4042 2761 4091 in
2811 4038 3056 4089 mentibus

585 4128 791 4178 illarum
832 4132 1017 4194 egerat
1051 4127 1277 4177 radices.
1336 4128 1454 4178 Etsi
1494 4129 1623 4177 tero
1661 4128 1785 4177 talis
1821 4124 2174 4195 δεισιδαιμονία
2211 4132 2376 4177 totam
2431 4118 2716 4177 Graeciam
2769 4126 3052 4179 invasisset,

584 4215 890 4279 cumprimis
924 4220 1101 4264 tamen
1127 4212 1347 4263 Athenis
1384 4216 1664 4265 invenerat
1687 4215 1894 4278 sedem3
1933 4214 1990 4263 id
2024 4214 2168 4279 quod
2207 4230 2248 4264 s.
2275 4213 2512 4280 Scriptor
2536 4215 2766 4264 Actuiun
2799 4224 3051 4277 compara-

586 4302 695 4351 tivo
732 4308 787 4353 et
820 4301 1089 4367 particula
1126 4297 1196 4359 ὡς
1222 4328 1288 4339 ——
1314 4300 1385 4350 ad
1412 4302 1488 4349 rei
1518 4300 1888 4351 certitudinem
1925 4306 1980 4350 et
2015 4302 2290 4351 veritatem
2327 4300 2618 4351 notandam
2643 4330 2712 4339 —-
2736 4298 3049 4367 significavit.

584 4388 783 4437 Verum
818 4392 999 4437 tamen
1032 4387 1313 4453 probabile
1350 4391 1446 4448 est,
1484 4386 1802 4452 Apostolum
1837 4386 1978 4436 hanc
2008 4402 2196 4437 vocem
2231 4387 2482 4453 prudenti
2517 4402 2638 4437 cum
2677 4387 2878 4437 delectu
2912 4396 3048 4433 usur-

584 4487 760 4537 passe,
797 4474 875 4523 ita
911 4474 1149 4539 quidem:
1188 4478 1249 4522 nt
1282 4474 1455 4524 libera
1491 4474 1585 4523 sed
1622 4474 1890 4524 benevola
1925 4473 2082 4523 simul
2118 4476 2376 4535 oratione,
2415 4478 2576 4539 atque
2613 4474 2810 4524 utendo
2845 4487 2904 4521 eo
2939 4469 3048 4518 loco

586 4574 745 4625 quem
780 4564 977 4610 vocant
1029 4560 1270 4611 rhetores
1326 4575 1392 4621 „a
1426 4560 1792 4621 fortuitis“,
1847 4560 2038 4611 leniori
2091 4560 2504 4624 reprehensione
2557 4561 2613 4609 in
2667 4556 3046 4609 Atheniensium

586 4646 774 4696 animis
810 4646 1118 4699 insinuarit:
1174 4650 1233 4697 ut
1278 4646 1357 4697 illi
1411 4662 1569 4712 quem
1624 4648 1864 4715 ignotum
1919 4648 2254 4699 nominarent
2303 4648 2504 4707 Deum,
2561 4646 2761 4696 cultum
2811 4644 3047 4693 facerent.
