3267 5259
892 430 1077 472 Primum
1106 443 1135 472 ι
1162 431 1485 483 praedieatione
1516 431 1682 473 Christi
1707 431 1888 473 Pascha.
2549 420 2632 485 47

196 611 589 687 argumentum
644 604 941 667 omnium
985 605 1373 669 concionum
1405 604 1448 669 J
1453 626 1569 669 esu
1600 614 1760 687 erat,
1790 604 1904 669 ubi
1937 604 2218 669 desierat
2247 627 2637 691 praecursor

196 714 245 777 J.
279 714 341 778 B.
382 714 723 801 Impletum
780 738 925 781 esse
982 726 1273 802 temPUS,
1332 719 1866 803 appropinquare
1925 739 2100 780 nunc
2155 738 2430 801 regnum
2483 716 2635 799 Dei,

195 830 604 911 poenitentiam
653 852 816 914 ergo
850 839 923 894 ut
967 838 1258 914 agerent,
1308 838 1373 893 et
1403 828 1678 893 credant
1720 828 2084 914 Evangelio
2110 832 2148 893 ¹.
2196 828 2408 895 Tanto
2458 840 2634 894 certe

198 938 477 1003 erudiendi
517 941 841 1027 populum
885 941 1218 1027 palantem
1258 952 1323 1005 et
1359 950 1685 1006 errantem
1703 943 1730 985 2
1771 940 2074 1027 flagravit
2113 940 2348 1023 studio,
2386 951 2460 1005 ut
2497 944 2635 1005 eius

196 1052 439 1116 misertus
479 1052 791 1117 itionibus
836 1052 1050 1139 longis
1098 1063 1164 1117 et
1208 1053 1654 1119 mansionibus
1701 1056 1949 1140 asperis
1993 1076 2116 1140 per
2169 1076 2394 1119 omnes
2457 1053 2634 1119 Gali-

196 1161 337 1227 laeae
368 1166 655 1229 civitates
694 1176 763 1229 et
800 1167 983 1231 vicos
1024 1164 1319 1229 obiverit.
1368 1166 1804 1231 Accessiones
1843 1166 2179 1251 frigorum,
2217 1165 2634 1232 decessiones

198 1273 423 1359 dierum,
466 1288 532 1341 et
572 1278 709 1341 alia
754 1300 971 1343 noxae
1020 1288 1420 1365 opportuna,
1468 1301 1599 1344 non
1655 1278 1936 1362 vitabat3
1994 1278 2112 1343 sed
2156 1278 2309 1344 boni
2355 1281 2634 1365 pastoris

194 1388 349 1451 instar
381 1388 615 1454 nullum
658 1401 921 1476 tempus
950 1390 1535 1476 praetermittebat,
1568 1391 1946 1476 nullumque
1979 1390 2274 1477 fugiebat
2307 1391 2634 1475 sudorem,

196 1502 233 1561 si
276 1500 441 1565 modo
496 1513 798 1567 servaret
856 1525 1049 1569 ovem
1066 1507 1108 1567 3.
1198 1504 1524 1568 Dominus
1580 1503 1708 1569 hoc
1773 1505 2071 1588 ingressu
2135 1506 2202 1568 in
2271 1502 2634 1569 Galilaeam

194 1613 421 1677 ostendit
469 1616 782 1679 virtutem
840 1617 1131 1701 spiritus,
1192 1626 1257 1679 et
1316 1639 1463 1680 cum
1533 1618 1713 1701 prius
1771 1616 1978 1680 ferme
2037 1615 2358 1698 latuisset,
2419 1618 2636 1703 coepit
2737 1705 2748 1711 ·

196 1746 387 1809 magno
450 1726 791 1791 hominum
842 1750 1167 1793 concursu
1213 1727 1619 1814 praedicare,
1687 1727 2082 1813 publiceque
2150 1750 2220 1793 se
2289 1728 2634 1793 ostendere

194 1835 463 1901 Messiam.
498 1840 589 1904 Ut
614 1839 735 1903 lux
758 1862 999 1925 magna
1022 1842 1087 1904 in
1112 1840 1467 1925 caliginosa
1492 1839 1827 1905 Galilaeae
1853 1842 2122 1925 regione
2149 1844 2455 1924 exoritur,
2480 1851 2546 1906 et
2565 1845 2634 1907 in

190 1972 399 2015 omnem
422 1976 601 2017 oram
630 1955 808 2017 circa
834 1963 900 2019 et
920 1975 1095 2039 pone
1116 1956 1330 2040 ipsum
1349 1978 1529 2018 mare
1548 1953 1914 2018 Tiberiadis
1931 1952 2189 2017 luminis
2212 1956 2310 2017 sui
2334 1953 2635 2017 diffundit

191 2060 457 2145 fulgorem
476 2069 519 2129 ⁴.
583 2066 754 2131 Cum
786 2067 1074 2131 venisset
1105 2066 1376 2149 Canum,
1418 2090 1457 2131 a
1490 2066 1774 2151 quodam
1807 2065 2032 2151 regulo
2056 2070 2080 2107 ⁵
2108 2089 2228 2151 pro
2259 2066 2632 2131 valetudine

190 2173 271 2236 filii
298 2178 381 2240 sui
416 2176 727 2260 absentis,
766 2200 963 2265 quem
998 2178 1267 2243 morbus
1303 2178 1387 2242 ad
1434 2190 1731 2244 extrema
1774 2177 2069 2263 urgebat,
2107 2181 2298 2243 enixe
2345 2190 2631 2263 rogatus,

190 2306 303 2349 eum
343 2311 479 2353 cum
524 2301 713 2355 certa
758 2313 875 2377 spe
924 2292 1214 2355 sanitatis
1262 2290 1569 2355 obtentae
1616 2292 1881 2356 remisit.
1955 2290 2181 2355 Verbo
2227 2292 2391 2355 Jesu
2433 2290 2633 2354 fidem

184 2396 367 2464 habuit
405 2402 689 2488 regulus,
744 2404 849 2467 cui
910 2406 1261 2468 revertenti
1318 2415 1670 2469 occurrunt
1725 2403 2062 2468 domestici
2121 2401 2631 2467 incolumitatem

184 2508 267 2573 tilii
304 2516 683 2597 nuntianteS,
718 2538 889 2601 quae
928 2515 1161 2582 eodem
1208 2525 1537 2581 momento
1576 2516 1815 2580 accidit
1851 2538 1930 2580 ac
1964 2515 2006 2580 J
2011 2538 2158 2580 esus
2191 2513 2628 2602 praedixerat.

184 2620 265 2685 Ex
304 2647 417 2709 quo
470 2628 723 2693 factum
772 2638 892 2710 est,
947 2638 1019 2693 ut
1072 2631 1212 2715 ipse
1268 2652 1415 2693 cum
1470 2639 1609 2694 tota
1663 2628 1908 2693 familia
1967 2627 2266 2693 crederet
2283 2630 2325 2689 ⁶.
2375 2604 2631 2691 ‘Plures

182 2733 413 2802 adscivit
480 2740 603 2804 sibi
681 2740 920 2805 dehinc
987 2741 1319 2827 apostolos
1368 2740 1700 2807 Galilaeos
1765 2742 2064 2823 Petrum,
2145 2750 2209 2805 et
2272 2738 2628 2803 Andream.

186 2844 433 2934 Uterque
485 2854 617 2916 iarn
674 2863 831 2917 ante
890 2852 1145 2919 Christo
1216 2853 1604 2918 adhaeserat
1625 2856 1668 2935 ⁷,
1727 2852 1844 2917 sed
1904 2864 2177 2938 uterque
2245 2852 2489 2938 pariter
2546 2850 2632 2916 ad

184 2963 305 3024 artis
348 2986 497 3028 suae
555 2968 943 3030 exercitium
1007 2965 1309 3030 redierat.
1380 2965 1534 3030 Illos
1569 2968 1764 3050 igitur
1797 2967 2030 3029 iterum
2063 2975 2296 3029 nactus
2332 2962 2634 3027 Salvator

184 3071 481 3153 piscationi
537 3078 825 3141 intentos
880 3079 947 3140 in
999 3076 1149 3141 lacu
1208 3076 1603 3160 Tiberiadis,
1664 3078 1845 3140 iussit
1911 3078 2304 3163 piscaturam
2371 3077 2632 3160 penitus

354 3293 391 3355 ¹)
413 3294 599 3345 Matth.
625 3297 675 3356 4,
707 3296 787 3345 17.
816 3295 978 3345 Mare.
1009 3298 1055 3358 1,
1086 3298 1166 3345 15.
1218 3295 1259 3360 2)
1288 3294 1475 3345 Matth.
1500 3298 1549 3356 9,
1572 3297 1655 3344 35.
1683 3296 1764 3345 36.
1795 3294 1835 3357 ³)
1863 3294 2058 3345 Joann.
2083 3298 2163 3357 10,
2189 3297 2373 3345 1-10,
2424 3296 2466 3359 ⁴)
2496 3295 2632 3345 Co'u.

182 3372 279 3424 lsai.
308 3380 353 3439 8,
384 3382 566 3443 23-9,
603 3384 653 3431 6.
703 3381 785 3432 Ad
828 3396 966 3447 quae
1000 3382 1123 3432 loca
1156 3382 1399 3431 videatur
1430 3380 1627 3431 Joann.
1662 3382 1953 3445 Vriemoet,
1990 3382 2215 3431 Observ.
2248 3382 2304 3431 in
2335 3380 2522 3431 Matth.
2549 3396 2630 3431 ev.

184 3460 299 3511 Trai.
318 3466 371 3514 in
392 3466 506 3517 Bat.
532 3470 689 3517 1728.
734 3484 786 3532 p.
816 3469 882 3516 74
906 3483 947 3517 s.
992 3468 1036 3532 ⁵)
1066 3467 1155 3517 Gr.
1182 3460 1431 3533 βασιλικὸς
1456 3468 1653 3518 Joann.
1680 3469 1730 3529 4,
1755 3470 1840 3517 46.
1890 3468 2010 3517 Non
2035 3469 2287 3517 convenit
2310 3468 2448 3517 inter
2469 3468 2630 3517 inter-

182 3556 350 3615 pretes,
374 3560 541 3605 utrum
574 3555 713 3604 haec
746 3570 853 3604 vox
876 3554 911 3603 l.
940 3555 975 3603 l.
1001 3554 1219 3604 denotet
1243 3570 1388 3615 eum,
1415 3556 1507 3621 qui
1532 3571 1561 3604 e
1586 3554 1790 3603 familia
1821 3555 1970 3619 regia
2005 3554 2284 3617 oriundus,
2312 3569 2382 3603 an
2407 3559 2632 3617 tantum,

186 3637 257 3697 qui
290 3639 339 3687 in
378 3640 633 3691 famulitio
672 3646 729 3690 et
761 3642 1053 3691 ministerio
1098 3643 1237 3706 regis
1278 3642 1379 3691 sit?
1440 3640 1597 3706 Apud
1640 3639 1934 3705 Josephum
1978 3646 2120 3690 certe
2163 3656 2437 3705 nunquam
2479 3640 2636 3691 aliter

190 3732 458 3789 usurpatur.
502 3728 583 3778 Cf.
610 3727 663 3776 J.
690 3728 753 3776 T.
778 3726 1015 3789 Krebsii‚
1044 3727 1268 3776 ObserV.
1294 3728 1349 3776 in
1374 3728 1439 3776 N.
1463 3728 1525 3775 T.
1552 3742 1583 3776 e
1605 3726 1796 3776 Flavio
1815 3726 2053 3791 Josepho
2088 3727 2232 3792 Lips.
2262 3730 2412 3777 1755.
2439 3744 2490 3792 p.
2518 3728 2636 3777 144.

186 3808 403 3861 Similiter
426 3811 571 3878 Syro,
599 3828 790 3863 servus
814 3814 977 3878 Regis
1002 3814 1168 3863 audit.
1194 3814 1257 3863 V.
1286 3813 1347 3863 G.
1367 3814 1419 3863 J.
1440 3812 1670 3876 Reumh,
1691 3812 1856 3877 Syrus
1881 3814 2140 3879 interpres
2165 3830 2284 3863 cum
2309 3814 2456 3863 fonte
2481 3815 2546 3864 N.
2571 3814 2632 3864 T.

182 3908 343 3955 graeco
384 3900 621 3950 collatus.
670 3900 821 3965 Lips.
868 3902 1018 3951 1741.
1064 3918 1114 3965 p.
1162 3902 1279 3949 120.
1314 3900 1489 3949 Arabs
1516 3901 1599 3949 vir
1623 3902 1800 3965 regius
1825 3900 1998 3949 vertit.
2037 3900 2116 3950 cf.
2143 3901 2350 3951 Ludoxr.
2377 3900 2444 3949 de
2473 3900 2632 3961 Dieu,

182 3980 503 4036 Animadvem.
538 3988 655 4036 sive
692 3986 894 4037 Comm.
932 3988 989 4035 in
1040 3992 1187 4051 quat.
1224 3987 1433 4051 Evang.
1474 3986 1650 4051 Lugd.
1693 3986 1882 4035 Batav.
1924 3988 2076 4035 1631.
2111 4002 2164 4051 p.
2201 3988 2320 4036 421.
2369 3985 2632 4049 Tholuck,

182 4063 351 4119 (Totum.
380 4088 427 4119 z.
448 4072 542 4123 Er.
568 4074 769 4123 Joann.
797 4090 847 4138 p.
878 4075 993 4123 140.
1021 4072 1253 4123 Herodis
1284 4072 1514 4137 Antipae
1548 4073 1844 4122 ministrum
1877 4074 2271 4137 interpretatur.
2320 4072 2472 4132 Quae
2505 4087 2634 4121 vero

182 4166 215 4201 s.
232 4155 454 4207 Joannes
475 4160 541 4209 de
564 4160 667 4209 hoc
692 4160 879 4225 regulo
906 4162 1127 4225 eiusque
1154 4158 1262 4207 filio
1298 4159 1581 4209 memoriae
1615 4158 1850 4223 prodidit
1883 4158 2096 4209 diversa
2126 4172 2242 4207 esse
2268 4158 2336 4207 ab
2362 4157 2468 4207 illis
2494 4172 2634 4222 quae

182 4237 341 4291 Matth.
364 4246 415 4305 8,
437 4248 615 4297 5—13.
642 4252 697 4297 et
721 4247 853 4296 Luc.
884 4248 931 4307 7,
963 4248 1146 4295 1—10.
1182 4245 1249 4294 de
1276 4246 1583 4294 centurione
1611 4243 1786 4309 deque
1821 4244 1978 4294 huius
2013 4258 2166 4293 servo
2191 4243 2465 4309 leguntur,
2513 4245 2638 4309 ipsa

182 4328 431 4379 imbuam
460 4334 819 4383 narrationum
854 4332 1182 4397 comparatio
1218 4330 1306 4379 vel
1331 4331 1503 4380 obiter
1536 4331 1682 4380 saeta
1717 4346 1980 4395 quemque
2015 4331 2292 4379 certiorem
2324 4330 2501 4381 faciet.
2553 4330 2634 4381 cf.

180 4409 471 4477 fnlmeke,
494 4418 685 4469 Comm.
722 4424 775 4469 ἢ.
812 4419 861 4468 d.
896 4418 997 4467 Ev.
1024 4418 1074 4467 d.
1108 4417 1231 4468 Joh.
1268 4417 1351 4466 ed.
1387 4417 1487 4467 III.
1520 4417 1654 4467 Bon.
1693 4418 1841 4467 1840.
1878 4417 1930 4478 Ι,
1965 4418 2083 4466 619.
2118 4429 2162 4465 s.
2196 4415 2392 4477 Maier,
2425 4416 2476 4477 Ι,
2511 4418 2634 4468 262.

180 4496 381 4565 Pan-itii,
417 4502 483 4565 11,
513 4508 625 4556 395.
658 4505 891 4567 Ebrard‚
930 4504 1025 4555 das
1058 4506 1159 4555 Ev.
1193 4504 1317 4556 Joh.
1353 4503 1609 4569 Konigsb.
1649 4504 1798 4553 1861.
1833 4520 1884 4568 p.
1914 4504 2029 4554 137.
2065 4502 2230 4565 Hase,
2264 4503 2454 4553 Leben
2485 4504 2538 4554 J.
2581 4521 2634 4569 p.

184 4586 283 4634 110.
309 4590 426 4638 111.
446 4590 859 4657 Hengstenberg,
887 4590 984 4641 das
1008 4592 1109 4639 Ev.
1138 4591 1187 4639 d.
1213 4589 1531 4652 11..10ann.1,
1560 4590 1677 4639 284.
1707 4588 1748 4653 ⁸)
1775 4589 1970 4639 Joann.
1991 4591 2040 4653 4,
2063 4591 2284 4639 46-54,
2313 4589 2354 4655 7)
2388 4590 2451 4639 V.
2477 4606 2528 4655 p.
2549 4591 2634 4641 41.
