3267 5259
535 410 667 475 510
1270 426 1385 468 mat.
1414 426 1519 469 Rev.
1550 426 1635 469 div.
1667 428 1833 469 Period.
1865 428 1919 469 11.
1941 439 2037 480 cap.
2067 428 2278 469 alterum.

540 602 787 664 spectare
815 599 983 665 liquet
1001 600 1241 667 Apostoli
1268 601 1353 651 vel
1380 608 1533 653 erant
1562 618 1597 652 a
1628 602 1840 653 Christo
1869 618 1990 653 cum
2009 605 2064 653 in
2089 605 2242 653 terris
2269 610 2464 669 ageret,
2491 610 2588 654 aut
2609 621 2640 653 e
2665 605 2820 655 coelo
2845 605 3026 667 electi3

539 692 601 734 ut
634 688 887 751 primaria
918 688 1147 753 quadam
1186 690 1504 739 auctoritate
1541 690 1822 741 Ecclesiae
1859 696 2186 756 praeessent.
2223 690 2304 740 cf.
2340 691 2403 741 B.
2439 692 2748 754 Justiniani‚
2787 691 2924 757 disp.
2963 692 3028 743 de

537 772 875 838 Apostolatu.
912 774 1143 840 Explan.
1180 776 1222 837 I,
1261 777 1344 825 2⁷.
1382 792 1425 826 s.
1451 777 1764 843 Apostoli
1801 794 1908 828 non
1949 783 2154 827 tantum
2191 783 2508 844 potestatem
2547 778 2746 828 ordinis
2783 784 2838 829 et
2873 780 3028 829 iuris-

538 860 785 909 dictionis
824 868 1191 925 exercuerunt,
1232 863 1563 929 eandemque
1601 864 1672 913 ad
1709 870 1952 929 posteros
1987 866 2417 929 transmiserunt3
2457 880 2640 915 verum
2675 866 2836 915 etiam
2875 880 3030 931 prae-

536 952 687 997 terea
710 947 965 998 facultate
992 949 1253 1000 miracula
1280 950 1546 1017 patrandi,
1584 954 1816 1017 itemque
1844 952 1961 1000 aliis
1997 953 2238 1015 gratiis
2275 954 2481 1017 gratis
2517 952 2694 1002 datis
2729 952 3028 1016 pollebant,

538 1048 677 1099 quae
705 1034 897 1085 deinde
924 1050 1041 1086 esse
1068 1036 1353 1087 desierunt.
1390 1037 1784 1103 Prophetae,
1823 1040 1911 1103 qui
1949 1038 2186 1089 secundo
2211 1039 2330 1089 loco
2357 1039 2702 1101 collocantur,
2741 1045 2898 1088 erant
2931 1040 3032 1088 viri

537 1122 865 1172 vaticinandi
902 1138 1121 1173 munere
1158 1124 1306 1175 clari.
1364 1126 1656 1175 coarctant
1691 1126 1830 1174 enim
1868 1125 2023 1175 nimis
2059 1125 2246 1175 horum
2285 1126 2662 1192 prophetarum
2685 1142 2898 1187 munus,
2939 1127 3030 1192 qui

536 1210 865 1271 existimant,
922 1226 1015 1260 eos
1070 1212 1173 1260 nisi
1226 1211 1525 1261 divinorum
1576 1212 1829 1263 librorum
1867 1212 1932 1261 V.
1967 1212 2030 1261 T.
2067 1214 2384 1277 interpretes
2431 1212 2626 1275 fuisse,
2677 1213 2764 1263 vel
2813 1228 2960 1277 quae
2996 1228 3029 1262 a

538 1296 749 1345 Christo
788 1304 842 1345 et
876 1298 1149 1362 Apostolis
1186 1298 1427 1349 revelata
1462 1303 1615 1348 erant
1652 1300 1920 1365 copiosius
1969 1299 2304 1365 explicuisse.
2359 1301 2541 1350 Tertio
2587 1300 2708 1350 loco
2755 1308 3030 1366 ponuntur

534 1384 890 1445 Doctores,
942 1386 1030 1449 qui
1079 1384 1180 1434 soli
1216 1386 1601 1450 praedicationi
1638 1386 1802 1435 Verbi
1851 1386 2016 1435 divini
2073 1386 2184 1451 apti
2231 1386 2360 1436 facti
2407 1387 2634 1436 fuerant.
2689 1388 3030 1451 Quamquam

534 1471 621 1519 isti
648 1486 861 1536 quoque
887 1470 1115 1536 Spiritus
1142 1470 1193 1521 S.
1232 1472 1447 1523 ductum
1486 1473 1838 1539 impulsumve
1876 1478 2188 1539 sequuntur,
2227 1473 2455 1539 plurima
2489 1480 2670 1523 tamen
2707 1490 2772 1523 ex
2807 1474 3029 1539 ingenio

534 1572 631 1606 suo
680 1562 733 1607 et
776 1573 921 1607 more
970 1559 1273 1623 proferunt;
1324 1574 1389 1609 ac
1438 1564 1723 1625 propterea
1767 1559 2040 1625 prophetis
2085 1560 2364 1610 inferiores
2409 1568 2712 1611 censentur.
2769 1560 3028 1619 Virtutes,

536 1640 787 1711 δυνάμεις,
826 1660 959 1711 quas
996 1646 1285 1711 Apostolus
1334 1662 1367 1696 a
1412 1648 1585 1713 gratia
1634 1649 1967 1696 curationum
2018 1647 2318 1713 distinguit,
2365 1646 2433 1696 ad
2477 1649 2777 1697 exorcistas
2825 1648 3030 1712 passim

534 1730 860 1795 referuntur3
900 1734 1037 1783 sicut
1061 1733 1574 1798 opitulationes,
1601 1734 1670 1783 ad
1697 1734 1970 1795 diaconos,
1997 1735 2190 1799 quibus
2216 1735 2544 1799 potissimum
2569 1748 2868 1800 pauperum
2897 1748 3030 1783 cura

536 1820 967 1869 committeretur.
1022 1819 1185 1869 Addit
1220 1820 1509 1886 Apostolus
1546 1821 2098 1885 gubernationes,
2137 1836 2272 1887 quas
2299 1822 2520 1871 Veteres
2555 1836 2678 1871 cum
2716 1820 3026 1885 opitulatio·

535 1906 692 1954 nibus
718 1907 1062 1973 coniungunt,
1102 1912 1154 1957 et
1180 1907 1245 1957 de
1270 1907 1457 1957 iisdem
1482 1907 1802 1973 intelligunt.
1829 1936 1894 1943 -
1923 1908 2002 1957 cf.
2029 1924 2072 1958 s.
2092 1908 2358 1957 Joannem
2397 1906 2852 1971 chrysostomum,
2887 1907 3026 1957 hom.

536 1992 759 2053 XXXII,
797 1995 845 2044 2.
882 1994 937 2042 in
976 2010 1059 2060 ep.
1097 1993 1137 2043 1.
1178 1994 1245 2043 ad
1286 1992 1407 2044 Cor.
1445 1995 1793 2045 scribentem:
1855 1994 2127 2055 „Hoccine
2166 2010 2366 2060 quaeso
2415 1999 2496 2045 est
2531 1994 2831 2044 charisma?
2885 1993 3026 2043 Sane

540 2079 751 2144 quidem
789 2079 891 2131 hoc
916 2096 979 2129 ex
1005 2081 1109 2129 Dei
1146 2081 1285 2131 dono
1325 2087 1407 2130 est
1442 2087 1722 2147 protegere
1761 2087 1814 2131 et
1849 2082 2162 2146 dispensare
2199 2096 2284 2131 res
2319 2081 2675 2146 spirituales“.
2713 2081 2782 2141 X,
2813 2082 2934 2131 187.
2960 2108 3025 2117 -

534 2166 781 2231 Denique
819 2172 1087 2233 postremo
1124 2168 1245 2217 loco
1270 2168 1559 2234 Apostolus
1596 2171 1776 2235 posuit
1811 2182 2055 2233 genera
2089 2168 2493 2233 linguarum,
2531 2164 2680 2235 ,,γένη
2717 2164 3025 2234 γλωσσῶν“.

537 2252 817 2303 Charisma
841 2254 960 2315 „toti
998 2251 1250 2323 γλώσσαις
1274 2252 1507 2315 λαλεῖν“;
1544 2255 1744 2305 donum
1767 2254 2142 2306 miraculosum
2179 2262 2276 2317 est,
2313 2270 2420 2320 quo
2443 2254 2629 2305 fideles
2657 2253 2905 2319 pluribus
2933 2260 3028 2303 aut

534 2342 879 2405 paucioribus
904 2341 1182 2405 linguis,
1222 2356 1445 2406 quarum
1474 2343 1828 2407 cognitionem
1855 2342 2109 2391 divinitus
2137 2346 2324 2392 extra
2359 2341 2650 2391 ordinem
2680 2348 3026 2405 acceperant,

536 2432 591 2475 et
627 2442 761 2492 quas
799 2443 1085 2494 numquam
1122 2428 1433 2489 didicerant,
1472 2429 1619 2494 loqui
1652 2434 1915 2495 poterant.
1963 2430 2065 2479 Est
2089 2428 2190 2479 hoc
2225 2430 2523 2493 linguarum
2563 2426 2833 2478 charisma
2869 2427 3026 2487 idem,

534 2514 677 2580 quod
704 2514 975 2580 Apostolis
1002 2515 1087 2565 die
1111 2517 1475 2576 Pentecostes‚
1502 2516 1619 2566 Act.
1643 2519 1691 2578 2,
1711 2518 1788 2579 4.;
1815 2522 1872 2565 et
1891 2516 2126 2567 familiae
2152 2514 2386 2567 Cornelii
2409 2515 2506 2564 ubi
2531 2514 2762 2580 Spiritus
2785 2514 2838 2563 S.
2866 2530 3028 2579 super

532 2616 649 2650 eam
706 2602 920 2665 cecidit,
978 2603 1215 2667 contigit.
1269 2603 1385 2653 Act.
1436 2607 1526 2665 10,
1566 2605 1650 2653 46.
1714 2604 2048 2669 Quamquam
2103 2609 2280 2653 autem
2335 2603 2587 2652 com-enit
2639 2603 2782 2651 inter
2839 2616 3024 2651 omnes

534 2688 883 2739 orthodoxos:
922 2690 1118 2741 donum
1156 2690 1455 2755 linguarum
1494 2689 1973 2741 extraordinarium
2012 2689 2198 2741 haberi
2233 2690 2456 2752 debere;
2503 2689 2770 2754 huiusque
2824 2688 3023 2739 charis-

532 2777 686 2825 matis
740 2782 847 2827 tam
908 2783 1127 2839 natura,
1184 2792 1343 2843 quam
1403 2777 1585 2828 indole
1645 2777 1949 2828 miraculosi
2011 2774 2158 2837 „robg
2211 2773 2466 2845 γλώσσαις
2517 2773 2832 2833 hlasana&
2879 2777 3025 2841 ipsos

532 2864 775 2914 conscios
812 2864 975 2914 fuisse
1001 2890 1068 2900 —-
1092 2880 1211 2914 cum
1250 2866 1455 2931 experti
1490 2865 1598 2915 sint
1634 2880 1694 2915 se
1728 2880 1838 2914 non
1863 2878 1966 2914 usu
2000 2870 2054 2914 et
2077 2864 2272 2926 studio,
2309 2862 2405 2913 sed
2429 2863 2586 2913 modo
2623 2862 3024 2928 supernaturali

532 2948 727 3014 linguis
780 2950 971 3001 alienis
1026 2956 1079 3001 et
1132 2953 1427 3018 peregrinis
1482 2952 1629 3017 loqui
1685 2952 1958 3013 didicisse,
1997 2980 2062 2988 —
2101 2968 2210 3001 non
2261 2955 2440 3001 tamen
2493 2950 2682 3000 eodem
2735 2950 2900 2999 modo
2955 2950 3022 2999 ab

532 3036 779 3086 omnibus
824 3038 1135 3103 explicatur.
1198 3038 1333 3088 Sunt
1380 3040 1521 3089 enim
1568 3040 1664 3105 qui
1711 3044 1927 3104 putent:
1977 3038 2278 3103 linguarum
2327 3038 2524 3087 donum
2569 3038 2628 3085 in
2679 3053 2744 3086 eo
2791 3039 3022 3103 positum

534 3138 681 3188 esse;
718 3129 779 3173 ut
814 3140 933 3175 cum
972 3126 1091 3190 quis
1128 3141 1238 3175 una
1268 3126 1455 3191 lingua
1487 3126 1755 3191 loquatur,
1793 3127 1862 3176 ab
1890 3126 2133 3175 omnibus
2160 3127 2320 3176 etiam
2345 3124 2678 3175 diversarum
2715 3124 3019 3189 linguarum

534 3211 878 3277 percipiatur,
916 3212 1021 3261 Alii
1046 3212 1312 3262 charisma
1337 3212 1457 3274 „rotz
1493 3209 1745 3280 γλώσσαις
1782 3209 1986 3261 λαλεῖν“
2023 3212 2330 3278 intelligunt
2365 3212 2432 3261 de
2466 3211 2727 3260 facultate
2763 3210 3018 3277 loquendi

529 3300 681 3347 varia
716 3298 997 3364 alienaque
1032 3300 1304 3349 idiomata.
1338 3329 1403 3337 —
1430 3300 1694 3350 Tabulam
1725 3301 2222 3365 interpretationum
2253 3299 2380 3349 doni
2403 3299 2704 3363 linguarum
2741 3299 3020 3364 proposuit

531 3384 595 3434 G.
610 3386 677 3433 Η.
692 3386 840 3435 E.D.
862 3386 1097 3448 Kollner,
1124 3387 1191 3437 de
1216 3388 1367 3437 form.
1391 3383 1627 3455 γλώσσας
1651 3383 1820 3435 λαλεῖν
1845 3388 1898 3436 in
1925 3388 1988 3436 N.
2008 3388 2069 3437 T.
2093 3386 2236 3437 Gott.
2259 3388 2408 3437 1847.
2427 3403 2480 3452 p.
2503 3388 2584 3435 12.
2603 3401 2646 3434 s.
2667 3414 2733 3422 —
2753 3386 2806 3435 A
2833 3386 3018 3436 ceteris

530 3473 714 3535 gratiis
754 3472 987 3538 denique
1026 3472 1363 3538 distinguitur
1398 3474 1439 3523 l.
1480 3474 1600 3525 Cor.
1643 3476 1723 3536 12,
1764 3477 1844 3523 10.
1883 3470 2144 3541 „spumeis
2178 3471 2481 3541 γλωσσῶν“,
2531 3474 3016 3538 interpretatio

531 3574 921 3609 sermonum.
978 3559 1119 3621 Quid
1156 3566 1332 3610 autem
1369 3560 1465 3611 illa
1500 3563 1599 3611 sit?
1654 3576 1760 3611 non
1797 3561 1954 3611 facile
2002 3560 2257 3626 explicari
2303 3566 2492 3627 potest.
2546 3560 2632 3609 Illi
2681 3566 2830 3609 certe
2879 3559 3018 3609 haud

528 3645 781 3695 audiendi
818 3653 943 3697 sunt
976 3649 1318 3713 interpretes,
1358 3649 1448 3713 qui
1497 3653 1688 3713 putant
1731 3648 1896 3698 hocce
1941 3647 2083 3697 dono
2131 3647 2533 3713 praecellentes,
2573 3662 2638 3696 ea
2685 3647 2811 3695 aliis
2859 3648 3014 3697 inter-

528 3735 749 3798 pretari,
806 3748 945 3799 quae
994 3735 1095 3799 ipsi
1144 3736 1357 3784 minime
1402 3736 1715 3801 percipiant.
1769 3735 1912 3784 Illud
1961 3736 2100 3785 enim
2151 3750 2272 3785 cum
2321 3740 2500 3784 rectae
2545 3736 2742 3783 rationi
2791 3736 3016 3785 maxime

527 3826 806 3886 repugnat,
844 3826 956 3870 tum
994 3835 1029 3871 a
1065 3821 1248 3871 divina
1282 3822 1627 3871 Providentia
1661 3821 1875 3871 videtur
1921 3822 2174 3886 imprimis
2213 3822 2462 3871 alienum.
2519 3821 2638 3870 Non
2678 3821 2892 3883 desunt,
2929 3822 3016 3887 qui

528 3922 637 3957 non
673 3908 741 3957 ad
778 3910 1063 3972 sermonis3
1102 3908 1196 3957 sed
1234 3908 1302 3958 ad
1340 3910 1638 3959 sententiae
1675 3908 2162 3973 interpretationem
2202 3909 2450 3959 referant.
2489 3908 2646 3957 Certe
2673 3908 2876 3974 duplex
2902 3924 3016 3959 esse

527 3995 873 4061 interpretum
910 4011 1119 4057 munus,
1159 4010 1339 4045 omnes
1377 3996 1625 4045 fatentur.
1665 3994 1900 4045 Alterum
1939 4011 2059 4045 cum
2098 3996 2370 4046 accideret
2405 3994 2594 4045 adesse
2631 3995 2888 4061 aliquem,
2929 3997 3014 4061 qui

529 4081 763 4147 linguam
801 4081 1043 4132 docentis
1080 4096 1187 4131 non
1224 4081 1559 4147 intelligeret,
1598 4088 1654 4131 et
1688 4082 1990 4146 interpretis
2025 4096 2191 4147 opera
2214 4082 2500 4147 indigeret3
2539 4081 2768 4131 alterum
2794 4088 2856 4133 ut
2881 4097 3014 4147 qnae

526 4169 805 4217 sublimius
842 4169 1162 4230 dicerentur,
1201 4169 1269 4217 ad
1307 4167 1581 4233 vulgarem
1630 4172 1846 4233 captum
1901 4168 2393 4219 accomodarentur.
2448 4168 2523 4218 Et
2557 4170 2766 4219 ratione
2805 4170 3014 4236 quidem

526 4256 717 4321 prioris
742 4256 975 4305 muneris
1014 4251 1279 4322 ,ἑρμηνεία
1301 4251 1605 4323 γλωσσῶνιι,
1643 4256 1731 4303 vix
1757 4270 1792 4305 a
1817 4255 1956 4304 dono
1983 4254 2283 4320 linguarum
2311 4254 2494 4304 divelli
2527 4262 2732 4320 potestr,
2771 4264 3012 4323 respectu

525 4344 833 4407 posterioris
896 4356 1139 4407 magnam
1202 4340 1363 4392 habet
1422 4341 1736 4392 affinitatem
1791 4357 1912 4391 cum
1965 4342 2030 4391 iis
2077 4342 2293 4407 gratiis,
2342 4356 2482 4407 quae
2529 4344 2742 4407 positae
2791 4349 2918 4393 sunt
2959 4344 3010 4391 in

526 4443 769 4478 sermone
806 4430 1105 4496 sapientiae
1143 4433 1198 4478 et
1232 4429 1516 4493 scientiam
1572 4430 1675 4479 nisi
1722 4429 1864 4493 quod
1911 4429 2046 4479 haec
2091 4424 2233 4496 ἐξοχὴ
2279 4428 2436 4494 plura
2471 4428 2864 4495 complectatur
2897 4431 2930 4479 i.
2967 4444 3010 4477 e.

526 4515 824 4581 linguarum
862 4516 1187 4566 facultatem.
1242 4516 1387 4565 Hinc
1422 4516 1718 4581 colligitur:
1775 4515 1918 4566 dona
1965 4516 2098 4565 haec
2147 4515 2359 4565 diversa
2401 4516 2596 4579 fuisse;
2647 4523 2708 4566 ut
2743 4516 3010 4567 nonnullis

526 4607 855 4668 competeret
888 4603 1103 4669 quidem
1138 4604 1219 4651 vis
1258 4602 1619 4668 compluribus
1657 4603 1851 4667 linguis
1889 4603 2161 4669 loquendi,
2197 4603 2320 4655 aliis
2353 4603 2584 4653 facultas
2609 4603 3009 4671 interpretandi.
