3267 5259
332 690 398 741 N.
435 691 487 739 4.
536 691 655 753 Qua
701 690 769 740 de
805 704 973 740 causa
1012 689 1208 741 Judaei
1246 690 1317 741 ad
1348 618 1453 671 1³⁸8·

400 758 589 809 Jesum
658 758 1081 810 interficiendum
1156 760 1317 810 Pilati

400 829 691 879 ministerio
735 830 820 879 usi
854 830 961 879 sint
1006 867 1306 880 ......
1357 830 1456 879 134

266 899 322 977 ξ.
369 899 475 963 30.
524 894 817 961 Christus
863 895 947 960 ad
977 896 1315 962 Herodem

524 984 812 1047 mittitur.
868 1001 1011 1063 Quid
1054 1002 1131 1051 ibi
1178 1002 1315 1051 aeci-

518 1070 691 1121 derit?
719 1108 1306 1122 ...........
1356 1072 1455 1121 136

332 1138 493 1189 Pilati
530 1140 806 1204 persuasio
843 1140 911 1191 de
935 1139 1067 1191 Jesu
1105 1141 1316 1207 omnino

402 1210 687 1258 innocente
721 1247 1305 1259 ...........
1355 1210 1453 1259 137

335 1277 399 1327 Ν.
437 1281 485 1327 3.
524 1278 681 1328 Unde
730 1278 863 1328 haec
912 1280 1187 1343 persuasio
1227 1294 1313 1327 cx·

404 1352 523 1397 orta
556 1346 749 1397 fuerit?
805 1348 967 1397 Pilati
1003 1364 1138 1397 uxor
1175 1362 1314 1413 quae

372 1438 457 1487 .et
492 1449 619 1482 num
666 1448 923 1485 conversa
964 1434 1065 1483 sit?
1156 1415 1315 1478 Bar·

411 1499 602 1565 rabas
658 1500 911 1566 Christo
982 1502 1316 1586 anteponi·

408 1598 515 1651 tur
540 1643 1305 1657 ..............
1372 1634 1436 1642 -

335 1676 399 1726 N.
435 1677 485 1725 4.
532 1676 819 1737 Quaeritur
870 1682 1049 1726 utrum
1096 1690 1317 1725 consue·

403 1744 531 1794 tudo
602 1747 869 1810 captivum
940 1746 997 1794 in
1055 1744 1319 1794 Paschate

405 1814 702 1864 dimittendi
750 1829 783 1863 a
830 1814 1085 1865 Romanis
1137 1828 1317 1863 mana-

403 1884 555 1945 verit,
592 1897 663 1933 an
700 1898 735 1933 a
767 1883 1029 1933 Judaeis‘?
1064 1919 1307 1932 .....
1373 1908 1439 1918 -

336 1951 399 2001 Ν.
450 1953 495 2001 1.
567 1951 835 2002 Barrabas
912 1950 1317 2004 scelestissimus

402 2020 672 2070 hominum
715 2058 1306 2071 ...........
1356 2020 1454 2069 138

338 2087 582 2153 Pilatus
627 2086 670 2152 J
674 2110 857 2153 esum
900 2090 1319 2152 innocentem

408 2172 725 2257 declarat3
760 2173 1175 2239 nihilominus
1204 2172 1315 2237 fla·

403 2259 774 2345 gellandum
820 2260 1017 2325 tradit
1064 2316 1307 2329 .....
1372 2305 1438 2314 -

338 2348 385 2398 N
388 2386 400 2398 .
421 2350 468 2398 3.
506 2349 785 2410 Quomodo
810 2364 851 2399 s.
870 2348 1171 2398 Matthaeus
1198 2352 1251 2397 et
1274 2362 1316 2397 s.

404 2418 616 2467 Marcus
656 2417 855 2467 Christi
888 2418 1318 2483 flagellationem,

406 2487 641 2537 eiusdem
702 2486 1131 2537 condemnationi
1194 2486 1316 2535 sub-

400 2556 645 2621 iungere3
680 2572 723 2606 s.
746 2556 987 2606 Joannes
1023 2560 1075 2605 et
1108 2572 1151 2605 s.
1186 2554 1316 2603 Luc.

405 2631 729 2691 anteponere
746 2626 1016 2690 potuerint
1035 2625 1317 2689 exponitur
1370 2652 1436 2660 -—

337 2692 655 2757 Flagellatio
692 2694 813 2760 ipsa
850 2693 1188 2743 describitur.
1236 2732 1247 2742 .
1293 2730 1305 2742 .
1357 2693 1456 2742 139

337 2762 575 2813 Christus
611 2766 671 2813 ut
706 2779 799 2819 rex
835 2762 1073 2812 illuditur
1116 2801 1129 2813 .
1175 2799 1187 2811 .
1235 2800 1246 2810 .
1292 2800 1305 2811 .
1370 2790 1435 2797 —

339 2832 513 2893 „Ecce
538 2832 763 2883 Hom0.“
801 2831 1130 2883 Judaeorum
1159 2845 1313 2879 accu-

400 2902 637 2951 sationes
675 2907 727 2950 et
762 2901 925 2953 furor.
983 2899 1143 2951 Pilati
1180 2899 1314 2948 iudi-

402 2988 555 3037 cium.
621 2967 783 3032 Jesu
852 2967 1311 3033 condemnatio

404 3054 489 3118 ad
514 3053 903 3140 supplicium
929 3056 1140 3119 crucis
1176 3110 1186 3121 .
1233 3109 1245 3122 .
1292 3109 1302 3119 .
1355 3072 1453 3121 140

332 3159 395 3209 Ν.
421 3161 470 3209 6.
494 3158 699 3209 Pilatus
722 3159 987 3209 Christum
1006 3161 1313 3221 interrogat,

397 3243 523 3278 num
544 3230 613 3279 sit
634 3228 805 3278 Filius
829 3229 961 3291 Dei3
990 3227 1314 3293 colloquium

398 3297 523 3347 inde
550 3302 722 3347 ortum
769 3332 1303 3348 ..........
1368 3322 1433 3330 -

330 3366 395 3416 Ν.
428 3368 473 3415 7.
514 3366 624 3416 Cur
656 3366 861 3417 Pilatus
896 3368 1091 3417 iniuste
1130 3366 1313 3430 egerit,

400 3435 793 3487 demonstratur
824 3471 1303 3487 .........
1370 3458 1431 3469 —-

330 3504 393 3554 Ν.
430 3506 481 3555 5.
525 3505 611 3555 De
645 3520 899 3555 manuum
933 3504 1135 3555 lotione
1171 3501 1314 3568 apud

399 3573 625 3639 gentiles
654 3608 1303 3625 ............
1352 3571 1448 3619 141

328 3642 392 3691 N.
418 3644 467 3692 6.
505 3642 663 3693 Pilati
696 3644 973 3709 ingenium
1008 3650 1062 3693 et
1084 3654 1258 3692 mores
1290 3678 1301 3689 .
1352 3640 1451 3688 142

260 3730 319 3808 ξ.
365 3730 468 3795 31.
527 3727 723 3792 Jesus
788 3750 979 3792 cruce
1040 3735 1311 3793 onustus

524 3815 591 3878 in
635 3812 975 3877 Calvariae
1021 3822 1309 3878 montem
1354 3884 1360 3890 ,

529 3899 849 3964 educitur.
914 3917 1095 3968 Simon
1148 3918 1309 3981 Cyre-

522 3989 731 4051 nensis;
796 3988 1079 4051 mulieres;
1136 3985 1311 4036 Mater

521 4056 557 4106 J
561 4072 655 4107 esu
706 4092 1299 4108 ...........
1364 4080 1429 4089 -

327 4126 391 4175 Ν.
429 4126 477 4175 3.
514 4126 599 4176 De
652 4125 840 4176 habitu
892 4132 1139 4187 externo,
1203 4140 1308 4191 quo

394 4195 683 4245 Redemtor
726 4194 796 4245 ad
840 4194 1016 4245 locum
1059 4193 1309 4260 supplicii

394 4264 587 4315 ductus
616 4264 777 4314 fuerit
822 4302 1297 4315 .........
1348 4266 1446 4314 143

324 4332 388 4383 Ν.
444 4335 489 4382 7.
552 4332 753 4383 Sensus
810 4333 1061 4383 vocabuli
1124 4326 1304 4400 ,ἀγγα-

395 4398 554 4467 ρεύω“
572 4420 587 4465 3
625 4417 751 4451 num
778 4401 960 4452 Simon
985 4401 1305 4467 Cyrenensis

393 4476 559 4521 totam
583 4486 795 4520 crucem
818 4472 1179 4536 portaverit?.
1226 4508 1237 4519 .
1284 4507 1295 4520 .
1346 4472 1445 4521 144

326 4538 535 4590 Christo
572 4541 628 4590 in
664 4539 809 4605 ligno
846 4540 1018 4591 crucis
1054 4539 1307 4605 pendenti

390 4614 551 4677 potus
587 4610 744 4661 datur
766 4645 1297 4661 ..........
1346 4610 1445 4661 145

2627 436 2756 502 529

2650 621 2755 673 Peg.

1630 692 1695 742 N.
1736 694 1782 742 7.
1821 692 2006 754 Qualis
2043 698 2200 758 potus
2246 693 2407 744 fuerit
2441 694 2614 759 inqui-

1701 763 1832 811 ritur
1899 799 2605 813 .............
2657 764 2756 812 144

1633 829 1874 881 Christus
1895 830 2232 896 crucifigitur.
2253 830 2462 881 Titulus
2486 830 2616 881 Cru-

1700 900 1776 949 cis
1815 915 1972 965 quem
1995 900 2192 950 Judaei
2229 905 2431 950 mutare
2470 900 2615 951 volu·

1701 974 1872 1019 erunt.
1917 968 2112 1019 Christi
2155 971 2323 1019 oratio
2359 1008 2606 1021 .....
2656 971 2756 1019 145

1632 1036 1828 1087 Christi
1866 1042 2043 1088 vestes
2078 1038 2386 1089 dividuntur
2420 1078 2431 1088 .
2479 1077 2489 1088 .
2535 1078 2546 1089 .
2593 1078 2606 1091 .
2655 1041 2753 1089 146

1629 1107 1695 1156 Ν.
1736 1110 1782 1157 1.
1821 1107 1929 1157 Cur
1951 1106 2156 1158 Pilatus
2190 1108 2376 1159 Crucis
2407 1108 2616 1158 titulum

1700 1191 1808 1225 non
1843 1182 2100 1227 mutatum
2137 1178 2374 1227 omiserit
2419 1215 2431 1226 .
2477 1216 2488 1227 .
2535 1214 2546 1227 .
2593 1216 2604 1228 .
2671 1204 2736 1215 --

1629 1245 1692 1297 N.
1720 1248 1765 1296 2.
1792 1246 1877 1295 De
1903 1246 2128 1296 vestium
2147 1245 2423 1308 divisione,
2445 1261 2610 1311 quare

1699 1330 1860 1381 super
1928 1317 2164 1364 tunicam
2233 1331 2348 1366 sors
2416 1316 2612 1366 missa?
2673 1342 2732 1351 —-

1559 1402 1617 1480 ξ.
1654 1402 1758 1466 32.
1806 1398 2000 1464 Jesus
2047 1400 2291 1485 pendet
2323 1400 2390 1463 in
2422 1422 2614 1465 cruce
2656 1419 2754 1468 146

1630 1486 1818 1536 Crucis
1864 1488 2182 1553 supplicium
2221 1489 2546 1538 teterrimum
2593 1526 2605 1538 .
2673 1514 2738 1524 —

1629 1556 1694 1606 N.
1755 1558 1807 1606 4.
1869 1556 2066 1606 Christi
2125 1557 2394 1607 cruciatus
2454 1557 2617 1623 plane

1700 1640 1942 1675 enormes
1979 1628 2236 1676 sistuntur
2305 1664 2607 1677 ......
2673 1653 2738 1663 -

1628 1694 1828 1744 Judaei
1863 1700 2022 1759 atque
2060 1693 2325 1744 latronum
2361 1710 2484 1745 cum
2524 1694 2616 1745 illo

1699 1762 2070 1813 crucifixorum
2095 1779 2231 1815 unus
2258 1763 2468 1815 Christo
2499 1763 2618 1814 illu-

1700 1832 1832 1882 dunt
1843 1870 2605 1884 ..............
2657 1836 2753 1884 147

1633 1900 1700 1950 Ν.
1741 1902 1787 1951 1.
1825 1901 1989 1951 Varia
2035 1916 2174 1967 quae
2224 1900 2434 1953 Christo
2486 1902 2616 1952 obii-

1703 1971 1920 2020 ciebant
1953 2007 2605 2023 ............
2670 1999 2737 2009 -

1632 2040 1795 2089 Latro
1827 2041 2106 2106 poenitens
2129 2077 2604 2091 .........
2672 2068 2734 2078 --

1632 2109 1697 2158 N.
1735 2110 1784 2157 2.
1823 2106 1876 2159 S.
1914 2109 2221 2160 Matthaeus
2259 2114 2312 2159 et
2335 2126 2377 2159 s.
2402 2109 2618 2179 Marcus

1704 2176 1912 2228 duobus
1960 2177 2256 2228 latronibus
2291 2177 2488 2229 Christi
2525 2195 2616 2244 op·

1705 2247 1972 2311 probrium
1997 2246 2322 2310 adscribunt,
2352 2247 2497 2313 quod
2526 2250 2617 2297 uni

1703 2317 1970 2381 proprium
2010 2322 2090 2365 est
2130 2353 2606 2367 .........
2657 2318 2756 2368 148

1632 2383 1885 2435 Mulieres
1931 2386 2053 2450 piae
2091 2384 2159 2435 ad
2197 2401 2434 2450 crucem3
2480 2385 2616 2437 Jesu

1632 2454 2616 2575 Ν.οἶτῗῖιξῖἳὶίξὶεῖιΐΰαὲὶεῖΐέᾦ
2675 2483 2738 2493 .-

1703 2592 1752 2640 d.
1789 2590 1989 2642 Joanni
2028 2591 2421 2643 commendarit.
2460 2593 2522 2643 B.
2548 2594 2612 2643 V.

1700 2661 1874 2711 Maria
1911 2662 2112 2712 stetit
2137 2660 2206 2711 ad
2231 2677 2442 2711 crucem
2478 2700 2489 2711 .
2535 2700 2547 2712 .
2591 2700 2604 2713 .
2656 2664 2755 2713 149

1631 2729 1936 2793 Tenebrae3
1961 2731 2150 2795 ingens
2173 2730 2366 2781 Christi
2388 2730 2615 2781 clamor:

1698 2798 1804 2861 Eli,
1842 2798 1932 2847 Eli
1969 2803 2070 2849 etc.
2129 2837 2608 2851 .........
2673 2827 2739 2836 -

1628 2866 1693 2916 Ν.
1737 2870 1780 2916 1.
1816 2866 2015 2918 Sensus
2053 2868 2210 2919 huius
2243 2869 2618 2919 acerbissimae

1698 2935 1976 3001 querelae,
2034 2942 2088 2987 et
2149 2936 2344 2987 Christi
2405 2938 2616 2988 animae

1699 3004 1930 3055 conditio
1978 3021 2098 3056 cum
2134 3022 2252 3056 eam
2301 3006 2611 3057 effunderet.
2657 3008 2757 3058 150

1629 3088 1675 3154 J
1679 3111 1826 3153 esus
1887 3091 2036 3172 sitit,
2103 3089 2270 3155 bibit
2335 3102 2617 3175 acetum,

1703 3178 2013 3262 exspirat.
2067 3176 2378 3262 Prodigia
2434 3188 2618 3243 natu-

1702 3284 1817 3326 rae
1838 3318 2605 3333 ..............
2657 3284 2754 3334 151

1626 3366 1693 3416 N.
1733 3368 1780 3415 1.
1817 3367 1957 3416 Num
1993 3362 2277 3434 ,κάλαμοϋ
2317 3368 2504 3417 Matth.
2532 3370 2616 3432 27,

1698 3437 1765 3486 47
1791 3440 1846 3485 et
1867 3436 2034 3486 Marc.
2063 3436 2143 3498 15,
2171 3438 2238 3486 36
2275 3436 2414 3486 idem
2452 3438 2614 3503 signi-

1697 3504 1821 3554 ficet
1845 3520 1909 3555 ac
1936 3503 2236 3566 ,,ὖσσωπος“
2262 3506 2422 3556 Joan.
2447 3509 2526 3569 19,
2549 3508 2616 3556 29

1626 3573 2267 3693 N.⁶2¹f¹'‹{‘322⁸}35..·.3„;2s
2287 3613 2613 3709 &stass
2653 3578 2748 3626 ¹⁵¹

1697 3726 1805 3761 non
1865 3712 2087 3775 biberit,
2163 3716 2372 3762 acetum
2439 3719 2616 3763 autem

1697 3782 1980 3830 sumserit?
2015 3782 2098 3830 De
2126 3781 2302 3832 verbis
2341 3797 2610 3845 „consum-

1697 3854 1894 3898 matum
1955 3853 2097 3913 est“;
2161 3877 2226 3886 —
2281 3865 2408 3899 num
2476 3850 2611 3901 haec

1695 3917 1884 3967 ultima
1917 3917 2149 3968 fuerint?
2183 3956 2601 3969 ........
2653 3920 2746 3970 151

1553 4006 1613 4083 ξ.
1661 4006 1764 4070 33.
1813 4002 2188 4067 Descensus
2221 4002 2305 4067 D.
2332 4002 2412 4068 N.
2438 4002 2500 4069 J.
2529 4003 2608 4069 C.

1807 4088 1894 4153 ad
1945 4087 2190 4154 inferos
2231 4132 2246 4157 ·.
2293 4146 2593 4160 ......
2644 4109 2742 4160 152

1620 4194 1687 4244 Ν.
1728 4196 1774 4243 1.
1810 4193 2184 4260 Respondetur
2227 4194 2296 4243 ad
2342 4196 2606 4261 quaestio-

1691 4278 1828 4326 nem,
1874 4277 2038 4328 quare
2064 4278 2106 4313 s.
2133 4263 2323 4313 Petrus
2350 4266 2406 4313 in
2429 4265 2610 4330 specie

1690 4333 1910 4397 spiritus
1937 4334 2026 4397 qui
2051 4336 2288 4397 tempore
2309 4331 2496 4381 diluvii
2515 4349 2607 4398 pe-

1691 4402 1896 4451 rierunt
1915 4402 2439 4451 commemoraverit?
2460 4402 2603 4453 Doc-

1690 4470 1831 4521 trina
1886 4469 2165 4519 Catholica
2217 4470 2281 4519 de
2343 4470 2606 4521 descensu

1692 4538 1889 4589 Christi
1934 4538 2006 4588 ad
2049 4540 2252 4589 inferos
2289 4540 2478 4605 paucis
2515 4541 2606 4591 ad-

1690 4608 1910 4661 struitur
1941 4646 2593 4662 ............
2657 4638 2724 4647 -
