3267 5259
926 459 1117 501 rosum
1145 458 1317 501 rueh-
1342 471 1369 501 a
1396 458 1566 501 christi
1596 460 1876 511 baptism-te.
2321 430 2332 445 ’
2564 447 2643 511 71

204 741 247 816 ξ.
292 740 373 803 17.
430 736 1175 820 Transfiguratie,
1222 738 1515 799 variae
1572 738 2106 818 curationeS,
2155 734 2644 820 praedictio

204 852 487 931 mortis,
554 848 879 913 solutio
956 847 1619 929 didrachmatis,
1691 848 2269 934 scenopegia,
2345 847 2648 912 mulier

380 960 805 1044 adultera,
854 983 1167 1026 coecus
1212 970 1495 1045 natus,
1543 961 1716 1025 Vae
1763 962 1844 1024 in
1889 960 2426 1025 Pharisaeos.

370 1168 461 1233 Ne
506 1168 893 1254 pusillorum
940 1168 1403 1255 discipulorum
1448 1168 1648 1233 animi
1680 1190 1714 1231 e
1747 1167 2194 1253 praedictione
2239 1170 2464 1233 mortis
2495 1168 2642 1254 plus

207 1302 375 1363 aequo
418 1280 975 1366 deprimerentur,
1024 1281 1373 1346 divinitatis
1420 1303 1577 1345 suae
1624 1280 1901 1365 gloriam
1931 1280 2074 1345 illos
2120 1303 2390 1345 cernere
2441 1280 2647 1345 voluit

206 1391 373 1457 Jesus.
457 1393 715 1458 Octavo
780 1395 976 1477 igitur
1033 1402 1184 1479 post
1244 1393 1487 1458 editum
1556 1391 1764 1456 hocce
1820 1393 2198 1456 vaticinium
2257 1391 2406 1468 die¹
2464 1394 2646 1457 iussit

207 1503 454 1587 Petrum,
496 1505 835 1571 Jacobum
896 1515 1090 1590 atque
1136 1506 1463 1571 Joannem
1524 1528 1750 1569 secum
1813 1504 2170 1569 ascendere
2230 1506 2298 1568 in
2357 1514 2645 1569 montem

206 1617 483 1681 excelsum
506 1621 549 1700 ²,
597 1620 667 1682 in
718 1641 849 1703 quo
899 1628 1038 1683 erat
1080 1618 1298 1683 Deum
1347 1628 1664 1683 oraturus.
1731 1616 1897 1681 Cum
1929 1625 2147 1681 autem
2192 1639 2270 1681 eo
2315 1616 2644 1701 religionis

206 1728 379 1791 officio
434 1730 853 1815 fungeretur,
900 1740 1053 1795 tunc
1113 1730 1601 1815 transfiguravit
1647 1750 1718 1792 se
1764 1729 1959 1794 Jesus
2004 1738 2154 1793 ante
2202 1752 2336 1793 eos·
2411 1727 2644 1793 Vultus

206 1843 309 1903 eius
347 1842 509 1907 fulsit
549 1842 701 1907 luce
757 1842 1131 1925 clarissima,
1162 1844 1353 1908 niveo
1387 1852 1605 1907 vestes
1636 1840 1934 1905 nitebant
1966 1842 2270 1926 candore,
2301 1849 2645 1927 praeterea

206 1950 417 2037 Moyses
446 1966 511 2019 et
544 1954 733 2019 Elias
753 1958 779 1999 ³
823 1958 963 2038 visi,
998 1957 1106 2040 qui
1138 1977 1509 2020 sermonem
1544 1977 1694 2019 cum
1727 1954 1770 2018 J
1773 1977 1888 2019 esu
1917 1953 2280 2019 miscebant
2311 1954 2394 2017 de
2425 1954 2642 2017 futuro

204 2062 757 2153 Hierosolymam-um
823 2068 1104 2133 excidio.
1194 2068 1501 2153 Denique
1564 2066 1798 2131 eadem
1859 2088 1939 2131 ac
1997 2069 2064 2129 in
2125 2066 2448 2152 baptismo
2507 2088 2644 2129 vox

207 2176 451 2243 coelestis
510 2180 593 2244 de
656 2180 947 2245 nubibus
1008 2179 1231 2244 audita
1291 2190 1407 2244 est.
1486 2177 1782 2259 Quorum
1844 2180 2132 2243 omnium
2179 2178 2641 2263 contemplatio

206 2308 315 2351 eam
354 2292 640 2357 coelestis
686 2291 1109 2356 habitationis
1156 2291 1529 2378 cupidinem
1560 2290 1896 2376 Apostolis
1942 2290 2262 2373 accendit,
2292 2300 2367 2354 ut
2409 2312 2640 2375 perpe-

202 2410 341 2465 tuam
391 2406 451 2467 in
507 2414 727 2470 morte
794 2404 962 2469 ultro
1023 2406 1428 2468 mansionem
1495 2401 1950 2489 deposcerent.
2042 2402 2290 2467 Verum
2351 2400 2641 2467 nondum

204 2526 343 2577 tanta
380 2514 575 2600 gloria
620 2517 877 2603 perfrui
925 2516 1223 2599 dabatur,
1256 2516 1373 2581 sed
1404 2517 1662 2581 nonnisi
1706 2516 1892 2579 effusi
1938 2515 2269 2599 sanguinis
2314 2512 2640 2577 mercede.

204 2622 377 2689 Monte
412 2628 735 2695 abductos
766 2628 1057 2694 Christus
1094 2629 1315 2694 docuit
1350 2628 1681 2715 quomodo
1705 2627 2196 2713 intelligendum
2231 2635 2400 2690 esset
2430 2647 2642 2711 ,opor-

204 2747 331 2800 teret
354 2742 518 2823 prius
548 2742 781 2805 venire
810 2740 1025 2805 Eliam
1059 2764 1257 2827 quam
1286 2740 1638 2806 Messiam.‘
1697 2740 1923 2805 Vetuit
1954 2742 2148 2803 etiam
2191 2760 2304 2803 eos
2336 2740 2641 2823 cuiquam

204 2868 413 2913 narrare
475 2874 587 2936 ea,
646 2876 821 2939 quae
884 2855 955 2917 in
1012 2864 1231 2918 monte
1292 2854 1624 2936 viderant,
1675 2863 2028 2937 antequam
2088 2854 2228 2938 ipse
2283 2873 2318 2914 e
2372 2851 2642 2914 mortuis

204 2966 605 3031 resurrexisset
624 2970 671 3029 ⁴.
753 2965 883 3029 Die
942 2974 1205 3051 postero
1268 2988 1417 3030 cum
1463 2964 1549 3029 ad
1594 2966 1832 3030 montis
1894 2964 2133 3051 pedem
2193 2962 2440 3028 scribas
2493 2984 2640 3027 cum

368 3218 401 3277 ¹)
424 3218 551 3267 Post
573 3218 692 3269 dies
718 3233 815 3269 sex
840 3222 900 3267 ut
924 3218 1075 3267 aiunt
1097 3234 1140 3269 s.
1166 3218 1353 3268 Matth.
1387 3220 1468 3280 17,
1499 3222 1543 3268 1.
1580 3218 1748 3267 Marc.
1774 3220 1824 3279 9,
1851 3221 1898 3267 1.
1923 3216 2283 3278 inter-medios,
2311 3220 2432 3267 octo
2455 3216 2640 3267 scribit

206 3314 235 3345 s.
256 3300 397 3353 Lucas
418 3306 465 3367 9,
496 3306 581 3355 28.
606 3306 859 3355 nimirum
886 3305 1125 3355 terminis
1151 3306 1397 3355 extremis
1424 3306 1772 3369 computatis3
1807 3304 2034 3369 proinde
2058 3309 2251 3353 octavo
2290 3301 2392 3364 die,
2432 3318 2497 3351 ex
2534 3317 2640 3367 quo

207 3389 453 3445 pusionem
486 3406 641 3443 suam
680 3391 1039 3457 praedixerat.
1094 3392 1517 3457 Transfiguratio
1553 3392 1772 3442 Domini
1809 3396 1918 3441 tam
1953 3392 2132 3455 gravis
2170 3404 2254 3440 res
2286 3390 2354 3439 ab
2392 3405 2434 3440 s.
2459 3389 2642 3437 Evan-

206 3472 407 3533 {eliorum
438 3479 793 3544 scriptoribus
816 3477 1003 3529 habita
1026 3483 1122 3541 est,
1146 3484 1209 3529 ut
1232 3484 1287 3529 et
1312 3478 1451 3528 diem
1484 3480 1599 3528 eius
1624 3478 1875 3528 indicent.
1914 3476 1954 3542 ²)
1975 3477 2206 3527 Thabor.
2232 3476 2297 3525 V.
2318 3476 2441 3526 Not.
2461 3490 2639 3540 geogr.

206 3572 243 3618 P·
270 3560 437 3612 XXIII.
496 3565 537 3630 ³)
574 3566 691 3615 Lex
724 3570 781 3615 et
808 3564 1111 3630 Prophetis.
1158 3565 1222 3615 V.
1256 3566 1326 3615 Η.
1358 3566 1422 3615 R.
1458 3566 1525 3614 D.
1560 3564 1625 3614 V.
1651 3565 1713 3613 Τ.
1737 3581 1790 3629 p.
1819 3565 1934 3614 126.
1961 3564 2078 3613 344.
2141 3564 2183 3626 ⁴)
2221 3562 2326 3623 Qui
2361 3576 2641 3613 assensum

207 3641 297 3694 fidei
332 3648 491 3701 Verbo
538 3651 725 3701 divino
776 3651 1046 3716 denegant
1096 3653 1441 3717 interpretes,
1492 3650 1613 3701 loca
1665 3649 2085 3715 Evangeliorum
2131 3648 2320 3699 Matth.
2359 3650 2449 3710 17,
2488 3648 2640 3698 1-9,

208 3728 331 3781 Marc.
359 3736 401 3797 9,
434 3739 583 3789 2-9.
628 3740 773 3789 Luc.
806 3740 865 3801 9,
901 3739 1125 3787 28—36.
1170 3737 1291 3787 coll.
1327 3754 1371 3787 e.
1406 3737 1462 3786 11
1494 3737 1609 3787 Pet.
1650 3740 1704 3799 1,
1742 3736 1961 3786 16-18,
2000 3736 2070 3785 ad
2108 3730 2484 3803 μεταμόρφωσιν
2508 3733 2558 3784 J.
2581 3733 2638 3783 C.

210 3823 451 3879 Spectantia
480 3826 645 3875 variis
685 3824 895 3875 artibus
930 3828 1256 3889 pervertunt.
1318 3824 1391 3874 Ut
1426 3823 1607 3888 legere
1642 3823 1770 3876 licet
1803 3824 1860 3871 in
1894 3822 2126 3887 Eppelii,
2163 3822 2378 3887 Aper-cu
2413 3821 2640 3885 critique

210 3899 275 3951 ἀῶ
309 3904 587 3961 differentes
642 3910 1023 3977 explicatioris,
1070 3908 1234 3975 qu’on
1279 3924 1315 3959 a
1367 3908 1544 3959 donne
1582 3908 1647 3958 de
1693 3908 1727 3957 l'
1765 3908 1886 3959 hist.
1925 3908 1991 3957 de
2035 3908 2092 3957 la
2137 3906 2372 3972 transfig.
2435 3906 2638 3955 Strasb.

212 3988 320 4039 1846-
368 3994 445 4045 Ex
486 3996 569 4045 his
606 4012 771 4047 unam
810 4012 951 4061 quae
996 3998 1159 4047 etiam
1199 3996 1281 4045 his
1329 3996 1517 4046 diebus
1552 3996 1773 4060 Meyero
1811 3995 1852 4057 1,
1888 3996 2005 4045 334.
2041 4008 2082 4043 s.
2129 3993 2336 4059 placuit
2377 3992 2640 4043 refutasse

212 4075 400 4129 Sufficiat.
448 4083 719 4135 Praelusit
754 4082 882 4133 huic
916 4082 1281 4133 Tertullianus
1317 4082 1439 4133 κᾶν.
1464 4082 1631 4131 Marc.
1655 4082 1748 4141 IV,
1775 4084 1859 4131 22.
1894 4074 1950 4131 τὸ
1985 4073 2148 4148 ὅραμα
2183 4080 2252 4129 ad
2287 4080 2547 4129 visionem
2581 4078 2640 4127 in

210 4162 349 4223 'Pifitu
378 4168 621 4221 referens.
650 4169 967 4231 „Quomodo
1002 4170 1161 4232 enim,
1186 4170 1263 4219 ait
1285 4170 1319 4219 l.
1347 4185 1391 4219 c.
1413 4168 1511 4229 111,
1541 4169 1684 4230 199.,
1707 4168 1934 4231 Moysen
1959 4171 2014 4217 et
2037 4166 2252 4217 Heliam
2271 4192 2340 4201 —
2358 4165 2552 4214 Petrus
2569 4190 2636 4200 --

212 4255 487 4311 cognovisset
520 4258 627 4307 nisi
662 4258 723 4306 in
758 4256 951 4321 spiritu
962 4258 1017 4305 ‘2¹‘
1078 4255 1173 4305 Isti
1218 4255 1559 4320 explicationi
1594 4254 1785 4303 Matth.
1824 4255 1904 4315 17,
1941 4255 1988 4302 9.
2035 4252 2322 4317 opponitur
2356 4267 2398 4302 s.
2423 4250 2640 4299 Marcus

213 4336 301 4383 ⁸29-
338 4340 561 4393 scribens
596 4340 631 4391 ἃ
666 4334 825 4401 elbon
862 4357 905 4391 s.
930 4342 1124 4404 Lucas,
1161 4358 1212 4391 v.
1248 4343 1331 4391 36.
1368 4330 1439 4389 ὧν
1478 4335 1750 4407 ἑωράκασιν
1763 4356 1780 4399 3
1819 4356 1861 4389 s.
1896 4339 2086 4388 Petrus
2124 4338 2218 4402 qui
2250 4336 2322 4386 IL
2350 4340 2397 4398 1,
2425 4337 2507 4386 16.
2533 4336 2639 4386 dis-

214 4418 368 4482 cipulos
398 4426 521 4479 dicit
554 4423 712 4491 „53oe
752 4422 951 4477 ἐπόπται
984 4424 1253 4495 γενηθέντες
1287 4428 1373 4490 τῆς
1412 4422 1590 4476 ἐκείνου
1629 4420 2050 4493 μεγαλειότητος.“
2089 4422 2222 4483 Quis
2259 4424 2398 4473 enim
2432 4422 2640 4473 inficias

215 4502 293 4565 ibit,
322 4508 437 4561 haec
468 4514 741 4565 vocabula
776 4513 847 4563 ad
884 4512 1051 4563 solam
1096 4518 1369 4563 externam
1406 4513 1741 4563 intuitionem
1784 4510 1970 4560 referri
2013 4525 2188 4575 posse.
2252 4510 2436 4560 Omnis
2475 4510 2638 4575 expli·

216 4593 469 4663 ‘Uimque
504 4601 559 4650 in
594 4600 701 4651 hoc
736 4599 885 4649 facto
922 4614 956 4648 a
990 4598 1145 4649 litera
1181 4616 1223 4650 s.
1251 4598 1463 4649 Codicis
1499 4598 1730 4660 recedit,
1767 4602 2032 4662 repugnat
2071 4611 2308 4647 summae
2345 4594 2640 4646 Salvatoris
