3267 5259
559 404 685 471 102
1226 412 1341 455 mat.
1370 412 1475 455 nov.
1504 412 1595 453 aiv.
1624 412 1678 455 s.
1709 412 1760 452 τ.
1789 410 1958 453 reflui.
1987 411 2020 451 1.
2041 420 2134 463 esp.
2165 410 2367 451 ntorum.

556 611 699 654 esse
746 587 994 671 datam,
1049 610 1249 673 seque
1306 585 1393 651 ad
1447 584 1716 672 plenum
1774 586 1912 648 eius
1968 584 2396 649 exercitium¹
2455 582 2846 669 propediem
2901 604 3021 647 esse

556 700 986 782 evehendum,
1019 699 1223 763 voluit
1252 700 1431 785 prius
1462 697 1708 784 pedum
1739 696 1983 761 lotione
2017 695 2360 779 singularis
2405 694 2781 760 humilitatis
2827 718 3024 759 exem-

554 813 735 901 plum
782 812 868 877 ad
921 812 1351 876 eruditionem
1396 812 1686 897 ipsorum
1749 810 1842 873 eis
1903 809 2271 895 relinquere
2291 810 2334 871 ².
2407 806 2700 893 Surgens
2754 832 2794 871 a
2841 830 3026 872 coena

558 926 885 990 communi
930 935 997 989 et
1037 924 1291 1009 vulgari
1348 924 1485 987 esui
1531 921 1856 1008 paschalis
1911 923 2062 1005 agni
2119 920 2420 1007 subiungi
2479 920 2700 1003 solita,
2749 920 3028 1007 deposuit

556 1041 977 1119 vestimenta,
1044 1038 1413 1123 praecinxit
1472 1059 1541 1100 se
1602 1035 1836 1117 linte0,
1898 1034 2245 1120 infusaque
2307 1037 2374 1098 in
2439 1032 2812 1119 pollubrum
2877 1056 3026 1118 aqua

556 1149 873 1215 lavandos
919 1151 1207 1235 suscepit
1252 1148 1653 1233 singulorum
1697 1146 1924 1235 pedeS,
1957 1158 2024 1212 et
2053 1147 2274 1229 linte0,
2323 1170 2452 1232 quo
2501 1145 3028 1231 praecingebatur

558 1261 937 1347 abstergere
964 1264 1005 1324 ³.
1082 1260 1191 1325 Ad
1244 1261 1511 1324 Petrum
1561 1283 1708 1323 cum
1755 1261 2074 1342 venisset,
2120 1260 2214 1323 rei
2261 1258 2711 1344 singularitate
2756 1257 2846 1322 illi
2887 1268 3026 1321 atto-

558 1377 762 1439 nitus:
812 1374 1137 1457 ,Domine,
1174 1372 1347 1455 dicit,
1381 1384 1451 1437 tu
1481 1372 1633 1437 mihi
1681 1372 1862 1437 lavas
1907 1372 2113 1460 pedes
2129 1372 2183 1436 ‘?‘
2248 1372 2370 1437 Oui
2401 1372 2630 1438 Jesus:
2681 1373 2820 1434 sine
2853 1368 3026 1456 ,quod

560 1510 683 1571 ego
731 1487 903 1551 facio
950 1496 1021 1549 tu
1064 1486 1278 1549 nescis
1322 1484 1539 1569 mode,
1572 1487 1740 1549 scies
1787 1495 2006 1549 autem
2051 1489 2326 1571 postea.‘
2391 1484 2589 1548 Petro
2637 1484 3027 1548 nihilominus

558 1608 995 1685 repugnante,
1068 1607 1131 1661 et
1206 1620 1542 1683 nunquam
1599 1619 1668 1661 se
1743 1596 1810 1661 id
1865 1599 1930 1661 in
1991 1620 2060 1661 se
2116 1596 2550 1661 admissurum
2609 1596 3026 1683 respondente

558 1711 753 1776 Jesus
815 1713 1056 1797 inquit,
1120 1712 1171 1775 si
1230 1734 1363 1775 non
1430 1710 1652 1774 lavero
1721 1720 1822 1793 te,
1883 1734 2016 1775 non
2074 1709 2350 1774 habebis
2409 1720 2666 1796 partem
2729 1711 3027 1773 meeum⁴.

560 1966 753 2033 gaudio
793 1965 860 2015 ob
896 1966 1181 2014 instantem
1244 1965 1313 2014 ad
1350 1964 1561 2015 Patrem
1600 1969 1653 2013 et
1689 1964 1911 2029 gloriam
1959 1958 2244 2015 coelest'em
2291 1967 2597 2029 transitum,
2635 1982 2738 2015 nec
2776 1968 2844 2017 ob
2876 1965 3032 2017 Judae

566 2053 855 2119 proditoris
904 2052 1253 2101 defectionem
1301 2056 1354 2100 et
1397 2051 1861 2116 ingratitudinem,
1913 2052 2067 2101 aliter
2114 2067 2242 2117 erga
2287 2052 2576 2118 Apostolos
2623 2054 2682 2103 in
2729 2054 2912 2102 ultima
2950 2053 3034 2102 illa

561 2154 731 2191 coena
768 2139 987 2188 affectus
1024 2139 1150 2199 fuit,
1192 2152 1350 2204 quam
1387 2140 1535 2204 prius
1574 2154 1668 2188 eos
1706 2139 1910 2188 sineere
1951 2138 2226 2189 dilexerat.
2289 2140 2580 2190 Observari
2628 2146 2806 2189 autem
2843 2142 2896 2189 in
2942 2140 3030 2189 hac

561 2226 961 2277 circumstantia
1008 2230 1208 2291 potest,
1258 2226 1405 2291 quod
1450 2226 1682 2275 omnium
1730 2226 2136 2289 beneficiorum,
2184 2242 2322 2292 quae
2369 2226 2618 2277 Christus
2665 2227 2933 2293 discipulis
2977 2242 3030 2275 ac

562 2315 657 2363 toti
682 2312 963 2362 Ecclesiae
996 2312 1237 2375 contulit,
1276 2326 1443 2362 eausa
1480 2312 1763 2377 impulsiva
1799 2314 1960 2363 unica
1996 2314 2066 2363 sit
2102 2314 2294 2365 ardens
2333 2316 2502 2380 ipsius
2539 2330 2708 2365 amor.
2757 2316 2838 2364 Ex
2873 2328 3032 2363 amore

562 2400 805 2451 Christus
842 2399 1005 2464 pedes
1042 2398 1201 2462 lavit,
1240 2414 1462 2449 coenam
1497 2400 1757 2462 instituit,
1795 2416 2092 2450 sermonem
2137 2401 2542 2451 valedictorium
2581 2402 2798 2463 habuit,
2835 2406 3034 2451 mortem

562 2503 656 2553 pro
702 2491 815 2537 toto
862 2502 1055 2551 genere
1100 2485 1331 2535 humano
1376 2487 1431 2535 in
1479 2502 1636 2536 cruce
1683 2488 1862 2537 subiit.
1934 2488 2186 2552 Magnam
2233 2489 2332 2539 hoc
2377 2489 2662 2539 Ecclesiae
2709 2495 2764 2538 et
2810 2488 3034 2538 omnibns

562 2576 663 2639 piis
702 2574 1010 2639 suppeditat
1047 2572 1483 2623 consolationem.
1544 2574 1625 2623 Ne
1665 2576 1784 2640 quis
1823 2575 1960 2623 enim
2000 2577 2278 2638 existimet,
2315 2576 2458 2625 hanc
2501 2576 2855 2639 dilectionem,
2893 2588 3034 2639 quam

564 2660 916 2725 Evangelista
952 2660 1053 2711 hoc
1090 2660 1209 2709 loco
1249 2660 1598 2721 commendat,
1638 2663 1910 2709 terminari
1948 2663 2002 2711 in
2029 2662 2318 2728 Apostolis,
2351 2663 2472 2714 ideo
2511 2680 2622 2713 non
2659 2666 2893 2729 scripsit:
2928 2677 3033 2710 eum

564 2746 837 2797 dilexisset
861 2746 1163 2812 Apostolos,
1190 2746 1285 2796 sed
1314 2744 1425 2805 τοὺς
1456 2744 1603 2805 ἰδίους
1628 2763 1810 2811 sues,
1849 2749 2005 2799 modo
2033 2751 2214 2811 simus,
2243 2755 2296 2799 et
2321 2766 2440 2801 esse
2477 2752 2708 2801 velimus
2733 2752 2896 2817 ipsius
2917 2746 3034 2796 ἴδιοι.

774 2834 811 2897 ¹)
858 2834 923 2881 In
968 2834 1283 2883 ascensione
1330 2838 1382 2883 et
1430 2836 1668 2883 sessione
1717 2834 1786 2885 ad
1833 2835 2104 2885 dexteram
2147 2837 2340 2887 Patris.
2415 2838 2457 2902 2)
2495 2838 2698 2887 Joann.
2736 2840 2826 2899 13,
2863 2836 3033 2887 3-—15-

562 2920 916 2985 Evangelista
950 2937 1059 2970 non
1094 2925 1279 2969 narrat
1307 2922 1363 2969 in
1398 2936 1593 2986 genere
1632 2921 1900 2971 Christum
1936 2922 2216 2987 discipulis
2253 2925 2364 2973 suis
2399 2924 2568 2990 pedes
2605 2925 2832 2987 lavisse3
2869 2922 2954 2972 sed
2989 2922 3036 2969 in

562 3008 743 3073 speeie
778 3022 845 3057 ac
882 3006 1278 3071 diligentissime
1317 3012 1555 3071 annotat,
1593 3023 1702 3073 qua
1738 3011 1942 3059 ratione
1979 3010 2220 3061 Christus
2255 3026 2314 3059 se
2351 3011 2420 3060 ad
2455 3012 2594 3060 illud
2633 3011 2865 3061 officium
2899 3024 3034 3074 prae-

564 3095 862 3160 paraverit,
901 3093 1165 3158 quomodo
1204 3092 1335 3143 illud
1382 3096 1673 3158 peregerit,
1713 3100 1766 3144 et
1803 3096 1996 3160 quibus
2043 3098 2196 3161 quasi
2243 3096 2498 3162 gradibus
2535 3098 2606 3147 ad
2640 3098 2874 3147 infimam
2907 3096 3038 3145 illam

562 3180 912 3230 humilitatem
958 3180 1308 3230 descenderit.
1373 3180 1411 3245 ³)
1450 3182 1571 3229 Non
1616 3181 1788 3231 solum
1824 3186 1884 3231 ut
1932 3183 2258 3233 commodius
2295 3185 2510 3233 lotionis
2553 3186 2902 3235 ministerium
2934 3198 3035 3247 per-

564 3273 771 3333 ageret,
810 3272 864 3317 et
900 3267 1195 3331 expeditior
1238 3271 1401 3330 esset3
1452 3267 1548 3317 sed
1586 3270 1744 3317 etiam
1781 3270 1910 3333 quia
1943 3269 2138 3319 servile
2177 3276 2292 3320 erat
2335 3270 2438 3320 hoc
2475 3270 2738 3333 officium,
2777 3271 2894 3321 coll.
2920 3269 3038 3317 Gen.

568 3358 648 3418 19,
676 3358 723 3405 2.
760 3357 845 3416 43,
872 3358 954 3404 24.
993 3354 1113 3403 ideo
1144 3355 1303 3403 etiam
1342 3354 1523 3403 servili
1560 3354 1716 3404 modo
1745 3360 1800 3404 et
1823 3354 2009 3405 habitu
2045 3356 2100 3405 id
2123 3358 2300 3421 ipsum
2335 3372 2594 3423 peragere
2631 3359 2821 3408 voluit.
2869 3357 3038 3406 Servo-

565 3459 680 3491 rum
716 3444 855 3491 enim
894 3446 1008 3491 erat
1042 3443 1158 3491 sine
1195 3441 1359 3505 pallio
1398 3446 1491 3491 aut
1528 3440 1643 3491 ulla
1678 3442 1785 3491 alia
1823 3447 1970 3492 veste
2009 3446 2270 3494 exteriore
2305 3446 2606 3505 tunicatos,
2645 3451 2702 3495 et
2737 3446 2931 3495 cinctos
2965 3442 3038 3490 vel

566 3532 724 3578 etiam
760 3530 925 3579 linteo
964 3530 1265 3579 succinctos
1302 3530 1617 3589 ministrare,
1645 3545 1802 3593 quem
1831 3530 2076 3579 servilem
2111 3530 2354 3580 habitum
2391 3533 2550 3581 etiam
2587 3534 2810 3597 ingenui
2847 3530 3040 3581 servilia

566 3616 859 3666 ministeria
883 3616 1079 3665 obituri
1111 3616 1468 3665 assumebant.
1518 3615 1970 3681 Theophylaetus‚
2009 3619 2064 3665 in
2089 3617 2140 3666 h.
2167 3618 2201 3667 1.
2229 3634 2415 3667 comm.
2441 3635 2494 3683 p.
2523 3620 2642 3668 751.
2669 3624 2814 3669 recte
2839 3618 3040 3672 monuit,

566 3704 806 3768 potuisse
845 3702 1111 3751 Christum
1148 3702 1347 3762 iubere,
1374 3708 1433 3751 ut
1468 3702 1661 3766 aliquis
1701 3703 2080 3767 discipulorum
2106 3718 2300 3769 aquam
2337 3704 2568 3767 afferret,
2607 3706 2694 3754 vel
2727 3710 3042 3771 praesentem

566 3792 623 3841 in
670 3789 893 3856 pelvim,
944 3791 1058 3839 sive
1102 3804 1197 3839 vas
1246 3788 1460 3838 lotionis
1498 3790 1836 3851 destinatum,
1885 3790 2204 3855 effunderet3
2252 3808 2439 3841 verum
2491 3794 2608 3857 ipse
2655 3792 2760 3843 hoc
2805 3794 2948 3852 fecit,
2992 3794 3042 3837 ut

564 3877 913 3927 humilitatem
951 3882 1003 3925 et
1040 3877 1313 3926 caritatem
1358 3892 1505 3925 suam
1560 3879 1727 3941 magis
1765 3877 2164 3927 demonstraret.
2225 3878 2524 3929 Duodecim
2563 3880 2842 3945 discipulis
2883 3884 3040 3927 autem

564 3964 728 4031 pedes
772 3964 929 4027 lavit3
982 3980 1107 4028 ergo
1155 3965 1312 4014 toties
1360 3978 1551 4028 aquam
1600 3965 1654 4012 in
1701 3964 1896 4029 pelvim
1941 3965 2114 4029 priore
2161 3964 2334 4015 effusa
2379 3968 2538 4015 misit.
2613 3969 2656 4031 ⁴)
2711 3968 2824 4017 Nisi
2881 3964 3044 4028 magni

563 4052 815 4101 momenti
860 4051 1051 4101 fuisset
1096 4050 1229 4099 haec
1278 4050 1438 4111 lotio,
1487 4050 1727 4099 Christus
1783 4067 1848 4099 ex
1897 4051 2116 4099 arbitrio
2165 4050 2218 4100 S.
2255 4052 2402 4101 Petri
2447 4053 2784 4118 reliquisset,
2831 4067 2896 4101 an
2940 4064 3042 4099 eam

566 4138 843 4187 admittere
880 4138 1011 4186 velit
1044 4151 1145 4187 nee
1181 4140 1287 4187 ne‘?
1334 4137 1473 4185 sieut
1508 4136 1644 4187 alias
1682 4137 1751 4186 ad
1797 4136 2058 4187 beneficia
2103 4139 2420 4203 accipienda
2465 4155 2624 4189 nemo
2671 4142 2894 4205 cogitur.
2949 4134 3042 4185 Sed

567 4226 693 4289 quia
729 4223 968 4273 Christus
1013 4240 1122 4273 non
1171 4223 1427 4287 permittit
1462 4238 1503 4271 s.
1528 4224 1716 4283 Petr0,
1753 4228 1813 4272 ut
1849 4224 1915 4272 ab
1955 4224 2056 4273 hae
2101 4223 2302 4274 lotione
2349 4242 2466 4275 sese
2514 4226 2794 4289 excludat,
2831 4222 3043 4275 ostendit

566 4326 677 4360 rem
733 4312 957 4361 maxime
1013 4312 1205 4360 seriam
1256 4325 1315 4359 se
1373 4324 1553 4373 agere,
1606 4314 1660 4359 et
1713 4310 1851 4359 hane
1905 4311 2156 4361 lotionem
2211 4311 2391 4361 multis
2445 4315 2716 4378 mysteriis
2769 4311 3042 4363 abundare.

566 4396 629 4445 Id
672 4398 845 4462 ipsum
890 4398 1123 4464 probant
1176 4397 1388 4461 singula
1432 4396 1622 4459 verba,
1671 4398 1862 4461 quibus
1917 4398 2129 4447 Petrum
2175 4404 2514 4449 recusantem
2557 4416 2594 4449 a
2641 4402 2912 4466 proposito
2957 4412 3044 4445 suo

566 4489 799 4533 revecat.
861 4486 1036 4533 Primo
1074 4485 1215 4533 enim
1251 4483 1409 4534 dicit:
1449 4484 1591 4548 quod
1630 4498 1728 4547 ego
1754 4484 1894 4532 facio
1931 4488 1989 4534 tu
2028 4486 2202 4535 nescis
2239 4484 2413 4545 mode,
2454 4487 2592 4535 scies
2629 4492 2812 4537 autem
2857 4490 3044 4551 postes.

565 4570 630 4619 Id
674 4576 782 4620 est:
848 4587 956 4619 non
993 4577 1177 4635 specto
1214 4570 1283 4619 ad
1330 4575 1599 4619 externam
1649 4569 1928 4632 lotionem,
1977 4570 2072 4620 sed
2109 4571 2312 4637 aliquid
2359 4571 2522 4637 longe
2569 4574 2880 4635 sublimius,
2915 4569 3046 4637 quod
