3267 5259
579 428 706 500 292
1324 438 1387 487 De
1415 438 1610 487 fontibus
1639 438 1800 504 Hister.
1833 440 1885 488 1).
1918 448 1969 487 N.
1999 443 2043 489 J.
2073 446 2120 489 C.
2148 452 2298 488 comm.

576 648 693 707 quo
720 626 923 704 procul
953 627 1132 685 dubio
1170 646 1331 684 sacro
1362 627 1525 685 fonte
1554 629 1776 684 tinctus
1811 632 1916 684 est.
1971 627 2241 701 Magistri
2279 626 2374 683 sui
2413 628 2748 684 testimonio
2777 626 3055 699 inductus,

576 735 734 791 inter
801 732 1019 808 primos
1086 733 1255 789 venit
1320 732 1394 789 ad
1450 732 1486 789 J
1489 751 1654 789 esum
1671 774 1686 801 ,
1759 732 1856 789 cui
1921 750 2062 807 prae
2129 731 2374 809 reliquis
2431 750 2554 789 non
2613 736 2852 789 tantum
2913 733 3062 789 vitae

576 838 878 908 societate,
953 837 1051 893 sed
1121 837 1300 904 etiam
1370 836 1619 894 arctiore
1694 836 2112 893 consuetudine
2182 836 2541 909 iungebatur
2567 834 2606 893 ¹.
2691 836 2750 892 N
2751 854 2818 893 ec
2877 842 3058 893 tamen

576 941 744 999 illico
783 940 1079 999 indivulso
1124 960 1285 998 nexu
1313 941 1640 998 Dominum
1669 942 2045 1017 sequebatur,
2077 941 2178 997 sed
2209 941 2364 1016 patri
2393 940 2744 1017 obsequens,
2783 940 3062 1017 fratrique

574 1046 727 1104 fidus
778 1065 964 1104 comes
1014 1044 1336 1103 identidem
1384 1046 1455 1103 ad
1502 1046 1656 1103 retia
1709 1043 1907 1102 rediit.
1975 1047 2152 1103 Anno
2197 1048 2492 1117 vertente,
2541 1046 2647 1102 ubi
2691 1045 2954 1103 strictius
2993 1045 3058 1103 ad

576 1151 870 1229 sequelam
900 1150 1121 1207 Christi
1151 1154 1325 1227 atque
1356 1150 1752 1224 Evangelium
1781 1154 2021 1207 vocatus
2051 1155 2154 1219 est,
2189 1150 2503 1207 admodum
2533 1150 2770 1207 iuvenis
2789 1194 2804 1221 ,
2855 1150 3062 1207 deserto

576 1256 787 1313 dilecto
830 1258 1096 1331 parente,
1147 1254 1371 1313 abiecto
1414 1254 1654 1327 navigio
1702 1255 1976 1332 omnique
2018 1256 2164 1312 artis
2209 1255 2631 1324 instrumento,
2675 1254 2847 1312 nulla
2890 1254 3061 1311 inter-

574 1360 763 1436 posita
791 1378 955 1416 mora
974 1363 1171 1433 ,totum
1201 1378 1261 1415 se
1292 1357 1525 1415 Christo
1556 1358 1792 1417 addixit
1809 1355 1854 1415 2.
1917 1358 2129 1436 Itaque
2170 1378 2304 1416 cum
2332 1358 2370 1414 J
2371 1378 2501 1415 esus
2540 1377 2616 1415 ex
2649 1358 3059 1433 discipulorum

574 1468 929 1523 accrescente
977 1482 1221 1520 numero
1268 1464 1571 1520 duodecim
1623 1464 1737 1521 sibi
1788 1450 2094 1538 Apostolos
2147 1463 2390 1537 eligeret
2407 1508 2421 1532 ,
2474 1462 2635 1520 inter
2680 1482 2776 1520 eos
2819 1462 2860 1518 J
2859 1482 3062 1520 oannes

574 1588 802 1647 quoque
844 1568 1097 1626 adscitus
1136 1572 1252 1638 est3
1300 1572 1359 1625 et
1396 1588 1518 1625 una
1556 1586 1692 1625 eum
1730 1568 1914 1625 fratre
1952 1568 1990 1624 J
1991 1569 2167 1625 acobo
2188 1566 2212 1605 ³
2255 1562 2602 1643 ,βωιαινεργὲςι
2645 1566 2873 1638 dictus,
2921 1566 3064 1644 quod

573 1679 660 1730 est
702 1672 861 1730 filius
902 1674 1131 1730 tonitru
1148 1669 1172 1709 *¹
1218 1673 1293 1730 ab
1342 1671 1583 1740 effectu3
1630 1691 1840 1747 nempe
1885 1674 2024 1749 quia
2068 1672 2352 1748 mysteria
2389 1691 2620 1729 summa
2657 1672 2726 1729 in
2765 1672 3066 1746 praeconio

575 1777 889 1851 Evangelii
920 1778 1333 1835 annuntiaturi
1366 1781 1553 1834 erant.
1616 1776 1810 1838 Quam
1839 1797 1977 1834 vere
2007 1798 2052 1834 s.
2083 1777 2119 1834 J
2123 1796 2355 1847 oannes,
2405 1776 2478 1832 de
2507 1795 2624 1853 quo
2652 1777 2826 1833 nobis
2861 1794 3062 1845 sermo,

572 1881 735 1939 filius
774 1881 1005 1939 tonitru
1042 1881 1242 1954 fuerit,
1290 1882 1629 1956 evangelica
1659 1882 1783 1939 eius
1815 1882 1958 1940 tuba
1985 1884 2078 1939 sat
2105 1900 2392 1959 superque
2435 1884 2703 1951 testatur,
2749 1884 2812 1937 et
2843 1879 3064 1937 affatim

573 1988 781 2044 docent
820 2007 866 2043 s.
898 1986 1103 2043 Patres
1123 1984 1166 2043 ⁵.
1228 1985 1395 2043 Sicut
1441 1990 1639 2044 autem
1686 2006 1762 2043 ex
1799 1986 1912 2044 hac
1956 1982 2213 2044 nominis
2258 1984 2632 2061 impositione
2677 1989 2872 2060 patet,
2919 1984 3066 2061 quod

574 2110 695 2149 non
726 2092 798 2148 ad
829 2090 1240 2166 Apostolatum
1272 2095 1507 2148 tantum
1536 2112 1581 2148 e.
1614 2090 1653 2147 J
1655 2110 1868 2149 oannes
1899 2096 2139 2149 vocatus
2169 2090 2377 2161 fuerit;
2421 2092 2509 2147 ita
2538 2090 2720 2146 etiam
2750 2089 2907 2166 quod
2937 2106 3066 2145 cum

572 2216 618 2253 s.
645 2216 690 2253 s.
716 2195 893 2253 Petro
924 2200 983 2252 et
1010 2194 1223 2253 Jacobo
1254 2195 1473 2270 trigam
1502 2194 1673 2253 illam
1703 2195 2091 2268 constituerit,
2125 2214 2303 2273 quam
2335 2196 2542 2252 ceteris
2573 2194 2748 2251 totiae
2785 2192 3066 2269 praetulit

576 2298 885 2357 Dominus.
946 2299 1117 2357 Unde
1148 2319 1281 2357 cum
1312 2300 1455 2375 ipsis
1486 2319 1758 2375 praesens
1788 2300 2012 2358 adfuit:
2057 2300 2124 2357 in
2155 2298 2598 2357 resuscitat-ione
2633 2298 2848 2355 filiae
2883 2296 3064 2363 Jairi;

570 2406 903 2480 iterumque
942 2404 1009 2461 in
1054 2406 1254 2461 eadem
1296 2405 1569 2463 societate
1610 2406 1682 2463 ad
1728 2405 1976 2479 gloriam
2019 2404 2158 2463 Jesu
2203 2404 2267 2462 in
2317 2411 2516 2463 monte
2560 2402 3067 2478 contemplandam

574 2508 858 2566 admissus
889 2513 976 2566 est
996 2506 1039 2567 ⁶.
1102 2508 1397 2567 Salvatori
1428 2530 1568 2585 prae
1600 2511 1872 2568 omnibus
1908 2510 2042 2568 aliis
2081 2510 2316 2567 exstitit
2353 2509 2526 2583 longe
2563 2506 2934 2577 carissimus3
2987 2508 3068 2563 ita

572 2618 641 2670 ut
685 2612 948 2688 primum
980 2614 1042 2671 in
1075 2613 1485 2672 familiaritate
1522 2614 1718 2672 locum
1749 2614 1803 2671 ei
1835 2616 2208 2684 concesserit3
2257 2632 2505 2690 eumque
2547 2612 2612 2671 in
2656 2612 2855 2669 sinum
2897 2630 3068 2668 suum

568 2736 689 2775 non
726 2717 915 2775 solum
954 2720 1211 2794 corporis
1250 2720 1317 2775 in
1362 2718 1635 2777 accubitu
1653 2763 1667 2790 ,
1717 2720 1815 2776 sed
1861 2720 2040 2777 etiam
2084 2718 2270 2776 animi
2315 2718 2619 2794 receperit.
2681 2714 2798 2777 Qui
2845 2734 3070 2773 summe

571 2840 607 2878 a
647 2820 879 2879 Christo
927 2824 1262 2894 amabatur,
1312 2842 1662 2899 magnopere
1702 2823 2000 2882 Christum
2041 2826 2277 2883 amabat
2297 2820 2340 2879 ⁷.
2403 2822 2488 2881 Ut
2527 2824 2646 2880 iam
2691 2840 2808 2878 non
2852 2840 3068 2877 memo·-

781 3062 818 3127 1)
857 3062 943 3112 Jo.
980 3065 1037 3124 1,
1075 3064 1158 3112 37.
1196 3077 1237 3112 s.
1290 3064 1378 3125 13,
1417 3065 1501 3112 24.
1548 3064 1640 3124 20,
1679 3064 1729 3111 2.
1784 3062 1916 3113 Luc.
1955 3065 2046 3125 22,
2086 3065 2135 3113 8.
2190 3063 2306 3113 Act.
2345 3066 2404 3125 3,
2445 3065 2492 3113 1.
2541 3064 2599 3125 8,
2635 3065 2717 3112 14.
2791 3061 2835 3127 ²)
2876 3060 3064 3111 Matth.

567 3152 618 3211 4,
646 3151 728 3199 21.
758 3150 841 3198 22.
892 3150 1024 3199 Luc.
1050 3150 1099 3211 5,
1128 3152 1211 3198 11.
1282 3152 1326 3213 ³)
1363 3150 1439 3199 Ut
1474 3150 1758 3200 coniicitur
1791 3152 2029 3214 seniore3
2076 3166 2196 3199 cum
2241 3154 2550 3201 constanter
2574 3178 2642 3187 ·—
2667 3150 2716 3199 si
2748 3150 2884 3199 Luc.
2909 3151 2959 3211 9,
2987 3150 3067 3197 28.

570 3237 949 3301 excipiatur—
964 3236 1288 3286 s.Jacobum
1308 3235 1481 3287 soleat
1499 3234 1551 3285 S.
1568 3236 1619 3285 S.
1636 3251 1986 3302 praeponere.
2023 3236 2166 3297 Quin
2187 3252 2295 3286 non
2319 3240 2528 3287 tantum
2547 3236 2762 3287 Jacobo
2787 3236 2886 3287 sed
2913 3238 3066 3285 etiam

570 3323 761 3373 ceteris
797 3322 1067 3387 Apostolis
1104 3322 1361 3372 minorem
1397 3327 1529 3371 natu
1572 3338 1613 3372 s.
1641 3323 1912 3373 «Ioannem
1955 3324 2177 3374 Veteres
2221 3323 2510 3373 credidere.
2583 3323 2667 3373 cf.
2703 3338 2748 3373 s.
2785 3323 3067 3381 Ambrosii,

569 3426 749 3475 expos
794 3408 927 3459 Luc.
967 3411 1050 3471 23,
1090 3411 1174 3458 49.
1217 3425 1269 3474 p.
1306 3410 1457 3458 1533.
1531 3408 1573 3473 ⁴)
1620 3409 1757 3459 Utut
1801 3410 1916 3475 ipse
1963 3425 2004 3459 s.
2039 3410 2254 3461 Marcus
2298 3410 2404 3459 hoc
2447 3426 2644 3460 nomen
2685 3412 3069 3475 interpretatur

568 3498 618 3559 3,
647 3498 728 3545 17.
765 3496 828 3545 L.
856 3498 924 3547 H.
950 3498 1017 3546 N.
1042 3497 1103 3545 T.
1140 3512 1192 3561 p.
1220 3498 1303 3546 52.
1330 3498 1431 3558 53.,
1478 3512 1589 3545 non
1634 3496 1884 3547 obstante
1921 3513 2010 3559 eo,
2059 3497 2126 3547 de
2161 3498 2390 3548 nominis
2435 3497 2594 3547 huius
2631 3498 2872 3563 genuino
2909 3512 3066 3546 sensu

570 3598 675 3633 non
714 3588 797 3633 est
825 3583 1159 3649 disceptandi
1194 3582 1331 3632 finis.
1371 3582 1453 3632 cf.
1478 3583 1550 3631 M.
1579 3582 1877 3645 Chladenii,
1917 3584 2042 3633 diss.
2069 3583 2134 3633 de
2161 3585 2475 3649 cognomine
2513 3580 2788 3651 βοανεργὲς.
2847 3583 3066 3633 Wiuaeb.

574 3670 753 3734 1712.;
800 3670 857 3719 in
903 3684 1013 3735 qua
1060 3669 1283 3719 aliorum
1331 3684 1545 3734 quoque
1592 3670 1892 3719 sententiae
1941 3672 2214 3736 expositae
2261 3670 2556 3733 habentur,
2603 3685 2742 3735 quas
2790 3676 2846 3720 et
2889 3670 3066 3735 legere

570 3756 697 3806 licet
721 3756 863 3823 apud
883 3756 1071 3807 Mat-th.
1098 3754 1379 3818 Hillerum,
1406 3755 1684 3805 Onomast.
1705 3770 1745 3803 s.
1773 3756 1908 3805 Tub.
1935 3758 2083 3808 1706.
2111 3773 2161 3821 p.
2180 3759 2294 3806 117.
2311 3774 2352 3807 s.
2390 3758 2444 3808 J.
2465 3757 2529 3807 G.
2551 3757 2785 3819 Reusch,
2805 3758 3068 3822 interpres

570 3860 723 3909 syrus
748 3860 799 3909 p.
827 3846 909 3894 52.
960 3842 1253 3905 Suieerum,
1294 3843 1452 3893 Thes.
1478 3844 1521 3904 Ι,
1549 3844 1669 3892 711.
1719 3843 1806 3892 Fr.
1835 3843 1934 3893 Ad.
1960 3844 2180 3908 Lampe,
2207 3860 2394 3894 comm.
2419 3845 2524 3894 Ev.
2551 3859 2594 3894 s.
2619 3844 2822 3894 Joann.
2847 3844 3066 3903 Anisa-l,

574 3932 725 3981 1724.
752 3948 803 3995 p.
830 3933 913 3981 21.
940 3947 981 3981 s.
1030 3930 1299 3995 Bezange,
1323 3930 1453 3980 Intr.
1479 3947 1530 3995 p.
1561 3932 1678 3980 150.
1729 3930 1943 3993 Gurlitt,
1969 3932 2026 3980 in
2051 3946 2172 3981 anu.
2199 3930 2350 3981 Stud.
2375 3946 2426 3981 u.
2453 3932 2588 3981 Krit.
2619 3934 2773 3981 1829.
2799 3948 2854 3995 p.
2885 3933 3000 3981 715.
3023 3946 3066 3978 s.

569 4018 781 4082 Meyer,
816 4016 917 4065 Ev.
953 4017 1005 4066 (1.
1037 4016 1209 4066 Mark.
1244 4034 1295 4081 p.
1330 4018 1414 4065 43.
1462 4018 1525 4066 F.
1560 4017 1625 4065 X.
1663 4018 1944 4067 Patritium
1979 4018 2036 4067 in
2071 4018 2328 4079 Marcum,
2369 4018 2571 4067 Comm.
2607 4034 2661 4082 p.
2697 4020 2783 4067 29.
2833 4012 2876 4086 ⁵)
2913 4018 2977 4067 E.
3017 4033 3066 4081 g.

568 4101 920 4167 Epiphanius,
946 4101 1093 4152 haer.
1118 4101 1284 4164 LXX,
1313 4104 1359 4151 7.
1384 4119 1435 4168 p.
1464 4103 1581 4153 864.
1620 4102 1676 4153 S.
1695 4104 1937 4153 Joannes
1970 4104 2394 4169 chrysostomus,
2431 4088 2501 4154 ad
2535 4120 2630 4155 eos
2667 4105 2764 4169 qui
2799 4104 3066 4155 scandali·

570 4190 675 4239 zati
711 4194 853 4238 sunt.
909 4189 961 4251 1,
1000 4191 1049 4238 3.
1089 4189 1189 4255 Op.
1227 4189 1337 4251 ΙΙΙ,
1374 4192 1493 4239 470.
1542 4188 1595 4239 S.
1624 4190 1857 4255 Cyrillus
1890 4190 1992 4252 AL,
2029 4191 2150 4240 adv.
2185 4192 2393 4241 Nestor.
2426 4191 2471 4240 Ι.
2506 4209 2560 4256 p.
2588 4192 2670 4241 15.
2745 4190 2791 4253 ⁶)
2829 4191 2954 4256 Ipse
2999 4207 3066 4241 ex

570 4290 751 4324 eorum
776 4290 995 4324 numero
1022 4290 1079 4325 se
1104 4276 1269 4325 fuisse
1294 4277 1385 4338 ait,
1414 4277 1503 4341 qui
1528 4276 1753 4342 gloriam
1779 4277 2052 4343 Unigeniti
2079 4292 2113 4326 a
2137 4278 2297 4326 Patre
2321 4277 2580 4327 viderant.
2627 4278 2728 4326 Ev.
2763 4282 2811 4340 1,
2841 4280 2924 4327 14.
2959 4278 3068 4343 Ep.

571 4360 613 4409 1.
643 4362 690 4421 1,
720 4363 766 4410 1.
809 4361 894 4410 De
918 4360 1001 4411 his
1028 4367 1082 4411 et
1105 4362 1225 4413 aliis
1250 4362 1437 4412 horum
1461 4364 1619 4412 trium
1647 4363 2026 4429 discipulorum
2053 4364 2438 4430 praerogativis
2463 4364 2784 4430 loquuntur:
2813 4364 3068 4415 Clemens

566 4446 975 4511 Alexandrinus,
1004 4448 1325 4499 Stromatum
1349 4450 1391 4511 1,
1419 4452 1464 4499 1.
1490 4466 1542 4515 p.
1565 4452 1682 4499 322.
1726 4450 2013 4513 Eusebius,
2037 4450 2178 4501 Hist.
2197 4450 2350 4501 Eccl.
2369 4450 2440 4513 11,
2462 4454 2508 4500 1.
2528 4467 2582 4516 p.
2601 4453 2686 4501 38.
2745 4449 2788 4515 ²)
2813 4452 2968 4501 Miris
2993 4451 3068 4501 ob

568 4533 669 4583 hoc
705 4532 955 4585 laudibus
982 4550 1016 4584 a
1040 4534 1092 4585 S.
1120 4536 1423 4601 quibusque
1455 4537 1710 4587 Patribus
1747 4537 2076 4601 celebratus;
2116 4552 2252 4602 quae
2276 4537 2383 4603 legi
2407 4542 2678 4587 merentur
2713 4538 2860 4603 apud
2883 4539 3066 4589 Theo·

566 4618 769 4686 philam
804 4620 1158 4685 Raynaudum
1196 4622 1249 4671 S.
1282 4624 1363 4685 J.,
1400 4624 1457 4672 in
1493 4623 1817 4688 Hagiologio
1853 4624 2220 4689 Lugdunensi.
2280 4624 2450 4689 Lugd.
2492 4626 2642 4675 1663.
2677 4626 2824 4685 VIII,
2859 4628 2986 4675 230.
3025 4642 3068 4675 s.
