3267 5259
548 400 675 464 246
1300 412 1493 455 nouem
1522 412 1888 464 nisquisitionum
1919 414 2276 465 theologicarum.

550 588 712 667 ,κατὰ
752 590 974 649 κέλσσυ(
1036 593 1123 663 ΙΙ,
1173 597 1273 650 25.
1330 592 1573 665 XVIII,
1612 599 1755 651 180.
1789 595 1870 651 ib.
1915 594 2056 665 VII,
2094 598 2195 653 55.
2229 592 2377 666 XX,
2414 598 2518 651 86.
2581 592 2670 653 cf.
2703 595 2932 651 exhort.
2961 596 3023 651 ad

548 702 796 773 martyr.
842 717 900 754 n.
951 702 1051 755 29.
1099 697 1178 753 ib.
1228 716 1285 772 p.
1338 702 1481 755 271.
1556 697 1670 754 Sed
1730 703 1790 755 et
1847 700 2185 757 christianis
2243 699 2629 773 scriptoribus
2687 700 3024 776 quibusdam

548 802 749 858 Passio
778 802 1006 859 animae
1037 800 1256 858 Christi
1287 803 1353 859 in
1381 802 1578 872 horto,
1626 806 1688 858 et
1717 804 1926 877 petitio
1955 803 2024 859 de
2064 804 2411 861 transitione
2449 801 2667 873 calicis,
2709 823 2862 860 crux
2891 802 3024 872 fuit-3

550 906 667 961 imo
697 906 761 961 in
791 903 1123 962 scandalum
1158 907 1346 976 cessit,
1382 924 1449 963 ac
1476 908 1528 963 si
1565 910 1882 984 utrumque
1911 906 2142 965 Christo
2171 906 2487 981 indignum
2517 912 2683 964 esset.
2745 905 3024 969 Quamob-

548 1028 672 1065 rem
702 1008 868 1065 illam
899 1009 1188 1066 Passionis
1228 1014 1457 1084 partem
1499 1009 1597 1067 vel
1636 1015 2034 1068 extenuarant
2074 1010 2238 1067 falsis
2280 1011 2852 1086 interpretamentis,
2901 1014 3024 1089 quia

548 1113 725 1171 veriti
770 1118 911 1170 sunt
950 1113 985 1169 J
988 1132 1087 1169 esu
1132 1113 1391 1170 tribuere
1435 1118 1782 1187 argumenta
1829 1119 1951 1171 tam
1997 1116 2258 1189 insignia
2293 1116 2589 1173 humanae
2635 1115 3022 1183 infirmitatis;

548 1217 643 1275 vel
674 1237 801 1274 eam
833 1217 1005 1293 plane
1035 1238 1065 1274 e
1096 1222 1268 1274 textu
1298 1217 1605 1275 eliminare
1651 1219 1840 1275 conati
1887 1224 2046 1276 sunt.
2105 1219 2256 1277 Sane
2287 1219 2352 1277 in
2383 1218 2780 1277 celeberrimis
2825 1222 3021 1279 codici-

548 1323 657 1378 bus
686 1324 761 1377 A.
795 1322 863 1377 B.
895 1322 1008 1378 duo
1039 1321 1179 1378 haec
1210 1326 1497 1379 commata
1526 1323 1735 1397 capitis
1777 1327 1875 1393 22,
1915 1326 2014 1379 43.
2049 1328 2110 1379 et
2141 1327 2240 1380 44.
2273 1325 2314 1380 i.
2348 1344 2398 1380 e.
2431 1325 2615 1381 verba
2657 1322 2812 1399 55⁰²}
2858 1345 3024 1402 usque

551 1420 636 1480 ἐπὶ
664 1422 763 1495 τὴν
793 1427 928 1501 γῆν,
975 1444 1092 1483 non
1122 1427 1518 1501 reperiuntur.
1580 1426 1658 1483 In
1689 1426 1821 1483 aliis
1852 1446 2080 1505 quoque
2107 1427 2300 1485 Lucae
2345 1428 2785 1504 exemplaribus
2815 1430 3023 1486 deside-

548 1536 777 1600 rantur,
812 1549 1011 1587 rursus
1041 1529 1106 1587 in
1136 1529 1269 1587 aliis
1298 1530 1496 1600 obelis,
1531 1531 1714 1601 uncis,
1757 1533 2007 1606 punctis,
2058 1532 2152 1589 vel
2181 1534 2471 1591 asteriscis
2510 1540 2816 1590 notantur.
2879 1534 2946 1589 E.
2975 1553 3024 1607 g.

548 1634 612 1691 in
658 1635 849 1691 codice
893 1634 1177 1693 Sinaitico
1222 1635 1311 1693 ed.
1344 1634 1406 1692 C.
1439 1634 1836 1706 Tischendorf,
1871 1636 2030 1711 Lips.
2081 1640 2263 1693 1865.
2296 1656 2354 1712 p.
2391 1641 2536 1695 208.
2596 1637 2734 1695 Jam
2779 1644 3026 1713 tempore

548 1738 607 1795 S.
640 1738 862 1796 Hilarii
896 1741 980 1809 ,in
1010 1742 1231 1813 graecis
1262 1746 1320 1796 et
1350 1740 1415 1796 in
1446 1739 1648 1796 latinis
1692 1738 2126 1815 exemplaribus
2171 1740 2571 1815 compluribus
2615 1742 2714 1800 vel
2745 1743 2816 1799 de
2863 1744 3028 1801 adve-

548 1844 749 1900 niente
802 1843 1023 1917 angele,
1072 1843 1167 1901 vel
1212 1843 1281 1899 de
1324 1844 1531 1900 sudore
1575 1843 1908 1915 sanguinis,
1963 1842 2050 1900 nil
2091 1844 2397 1920 scriptum‘
2451 1846 2877 1921 reperiebatur.
2951 1847 3028 1903 De

547 1946 840 2004 Trinitate
869 1946 950 2018 X,
988 1952 1088 2004 41.
1139 1947 1189 2017 Ι,
1227 1951 1370 2004 403.
1424 1946 1483 2003 S.
1516 1947 1887 2022 Epiphanius
1932 1954 2128 2005 autem
2173 1953 2453 2007 testatur:
2501 1951 2621 2021 ,sed
2654 1958 2713 2008 et
2759 1951 3026 2025 ploravit,

548 2055 617 2107 ut
646 2050 706 2107 in
740 2050 1051 2125 Evangelii
1084 2052 1277 2109 Lucae
1306 2050 1741 2126 exemplaribus
1773 2072 1890 2109 non
1925 2054 2195 2110 correctis
2239 2052 2462 2127 legitur
2486 2097 2500 2111 .
2529 2098 2544 2111 .
2573 2098 2586 2112 .
2617 2098 2631 2111 .
2705 2058 2791 2112 At
2823 2054 3026 2113 Catho-

548 2154 647 2212 lici
683 2158 891 2212 timore
934 2156 1181 2232 quodam
1214 2155 1440 2213 inducti
1470 2175 1674 2213 vocem
1703 2155 1870 2213 illam
1907 2156 2292 2228 sustulerunt,
2339 2178 2530 2235 neque
2561 2158 2741 2217 finem
2787 2159 2951 2217 illins
2977 2169 3028 2216 et

548 2260 699 2337 quod
746 2259 1179 2318 validissimum
1223 2265 1312 2317 est
1355 2260 1824 2317 intellexerunt.‘
1893 2260 1963 2318 V.
2004 2264 2352 2334 Ancoratus,
2403 2282 2463 2319 n.
2499 2268 2600 2320 31.
2637 2264 2722 2335 ΙΙ,
2769 2269 2872 2322 36.
2905 2263 3026 2321 coll.

548 2364 709 2421 haer.
744 2363 983 2421 LXIX.
1016 2366 1225 2421 Arian.
1258 2383 1316 2421 n.
1354 2369 1455 2421 59.
1488 2364 1540 2435 Ι,
1582 2370 1723 2421 785.
1785 2364 1964 2423 Hunc
2006 2364 2200 2423 locum
2230 2366 2373 2424 olim
2403 2378 2828 2442 expunxerunt
2858 2371 3028 2427 etiam

548 2468 872 2543 Pelagiani.
936 2467 1004 2524 L.
1038 2488 1083 2525 s,
1117 2468 1490 2545 Hieronymi,
1532 2467 1674 2527 dial.
1699 2488 1746 2525 c.
1781 2469 1904 2525 Pel.
1937 2489 1995 2526 n.
2036 2475 2134 2527 17.
2197 2470 2284 2541 H,
2325 2474 2466 2528 760.
2542 2472 2654 2529 Sed
2703 2492 2876 2529 nemo
2921 2492 3026 2530 non

545 2573 711 2631 videt
738 2573 908 2647 longe
948 2572 1333 2630 verisimilius
1371 2592 1489 2630 esse
1534 2574 1678 2631 haec
1719 2574 1902 2631 verba
1946 2593 1981 2632 a
2009 2574 2360 2651 quibusdam
2404 2594 2570 2633 erasa
2611 2576 2810 2647 fuisse,
2859 2596 3028 2655 quam

544 2678 787 2735 adiecta.
849 2678 934 2734 Eo
979 2678 1163 2751 magis
1207 2678 1361 2754 quod
1405 2678 1523 2735 iam
1568 2684 1639 2735 ut
1680 2678 1937 2752 genuina
1979 2678 2185 2753 agnita
2219 2678 2448 2737 fuerint
2475 2680 2705 2759 saeculo
2735 2700 2774 2738 a
2802 2679 3028 2739 Christo

545 2786 684 2838 nato
729 2782 933 2839 altero.
1004 2781 1291 2839 Videatur
1349 2802 1393 2837 s.
1426 2782 1678 2847 Justini‚
1726 2782 1865 2840 dial.
1915 2802 2047 2839 cum
2093 2782 2426 2859 Tryphone.
2475 2804 2536 2841 n.
2591 2790 2734 2843 103.
2781 2804 2839 2859 p.
2893 2791 3026 2843 355.

547 2884 910 2957 Theodoreti‚
958 2885 1175 2960 interp.
1224 2887 1287 2942 in
1318 2886 1413 2943 Ps.
1451 2890 1549 2943 15.
1598 2886 1650 2958 Ι,
1689 2892 1832 2944 692.
1881 2887 1975 2944 Ps.
2015 2893 2156 2946 108.
2189 2889 2270 2945 ib.
2318 2892 2502 2945 1387.
2549 2889 2888 2947 Demonstr.
2935 2910 3030 2965 per

546 2988 683 3065 syll.
724 2989 830 3059 IV,
880 2993 1023 3047 271.
1067 2990 1248 3047 Haer.
1291 2990 1409 3047 fab.
1454 3008 1639 3065 comp.
1696 2991 1766 3061 V,
1824 2996 1920 3048 13.
1968 2992 2030 3049 ib
2078 2995 2223 3049 4⁴29.
2286 2990 2732 3069 Theophylac'ti,
2783 2995 2846 3050 in
2893 2994 3028 3051 Luc.

546 3112 752 3151 comm.
796 3112 853 3168 p.
904 3098 1047 3151 521.
1109 3094 1449 3171 Euthymii,
1494 3096 1567 3151 ad
1606 3095 1822 3152 Matth.
1869 3101 1968 3166 26,
2007 3099 2106 3153 37.
2147 3116 2193 3151 e.
2243 3095 2294 3153 Ι.
2347 3101 2402 3167 2,
2448 3101 2637 3153 1038.
2673 3118 2720 3153 s.
2763 3098 2850 3170 11,
2889 3102 3024 3155 4344.

546 3197 1021 3271 Evangelistaria
1065 3198 1323 3273 plurima
1365 3199 1614 3267 habent;
1663 3199 1869 3272 legunt
1899 3200 2152 3257 codices:
2199 3200 2274 3257 D.
2308 3200 2375 3258 F.
2409 3199 2481 3257 G.
2515 3199 2595 3257 H.
2629 3200 2708 3257 K.
2741 3201 2812 3258 L.
2845 3203 2929 3259 Μ.
2960 3200 3024 3263 Q-

548 3302 619 3359 U.
653 3302 769 3373 X.;
817 3302 1124 3359 Versiones
1170 3301 1342 3372 Itala,
1382 3302 1635 3377 Coptica,
1673 3302 1930 3377 Vulgata
1957 3308 2017 3361 et
2047 3303 2215 3361 aliae.
2277 3303 2417 3380 Syri
2447 3323 2484 3360 a
2515 3304 2746 3375 Photio,
2782 3305 3021 3362 Arme-ni

545 3426 581 3463 a
638 3408 860 3465 Nicone
920 3406 1167 3484 aliisque
1227 3407 1387 3463 hunc
1436 3406 1627 3464 locum
1680 3406 1958 3465 delevisse
2012 3414 2362 3482 arguuntur.
2461 3410 2748 3466 Attamen
2803 3415 3026 3466 tantum

546 3510 724 3581 abest,
772 3514 843 3568 ut
879 3530 947 3567 ea
992 3512 1261 3586 pericopa
1305 3511 1615 3585 Evangelii
1663 3512 1719 3568 d.
1752 3512 1944 3569 Lucae
1985 3512 2080 3571 vel
2121 3513 2497 3570 extenuanda
2528 3512 2626 3570 vel
2671 3513 3028 3571 eliminanda

546 3616 794 3684 existat;
851 3619 918 3672 ut
964 3618 1159 3691 potius
1210 3616 1455 3672 maximi
1504 3618 1672 3673 nobis
1723 3616 1802 3673 sit
1847 3616 2145 3686 momenti,
2193 3621 2371 3693 atque
2416 3616 2480 3671 in
2529 3634 2830 3673 summum
2871 3617 3030 3674 cedat

544 3718 854 3788 solatium;
902 3720 1189 3796 siquidem
1221 3738 1390 3775 omne
1422 3718 1588 3789 illud,
1622 3720 1776 3797 quod
1814 3719 2080 3777 Christus
2125 3722 2190 3776 in
2235 3720 2404 3777 horto
2449 3719 2626 3793 gessit
2675 3722 3028 3798 pertulitque

545 3830 603 3881 et
634 3823 1281 3882 satisfactorium
1314 3829 1370 3880 et
1400 3824 1904 3881 meritorium
1935 3828 2038 3881 est.
2093 3822 2286 3884 Quare
2317 3825 2495 3881 etiam
2525 3824 2784 3881 Maiores
2815 3826 3024 3891 Nostri,

546 3930 700 3987 hanc
729 3929 1071 3986 Dominicae
1102 3928 1393 3985 Passionis
1426 3932 1668 4001 partem,
1705 3928 2049 4004 quotidiana
2077 3931 2136 3984 et
2165 3934 2448 4003 perpetua
2475 3930 2720 4001 dignam
2759 3930 3027 3987 memoria

546 4033 916 4103 iudicarunt3
950 4037 1016 4089 ut
1040 4030 1305 4107 publicae
1335 4030 1627 4088 Ecclesiae
1659 4050 1854 4106 preces
1877 4036 2188 4102 testantur,
2217 4032 2277 4089 in
2303 4033 2516 4110 quibus
2547 4052 2672 4107 per
2702 4052 3025 4108 angorem

546 4143 621 4194 et
664 4138 1021 4194 sudorem
1066 4136 1371 4192 Christi
1418 4136 1822 4209 sanguineum,
1871 4134 2270 4219 misericordia
2297 4136 2407 4192 Dei
2448 4136 2824 4211 imploratur.
2885 4136 3025 4193 Gon·

546 4242 895 4298 trovertitur
924 4241 1165 4297 interim
1196 4238 1477 4317 quidnam
1506 4240 1618 4297 hac
1647 4242 1908 4297 oratione
1940 4240 2208 4297 Christus
2253 4238 2603 4315 postularit?
2663 4240 3022 4317 Respondent

546 4343 858 4417 Theologi:
906 4343 1207 4401 Christ-um
1252 4363 1357 4418 pro
1388 4363 1446 4400 se
1476 4362 1666 4401 orasse
1713 4344 1966 4414 Patrem,
2017 4349 2086 4402 ut
2114 4344 2548 4401 acerbissimam
2585 4352 2834 4403 mortem
2863 4365 3026 4403 aver—

546 4452 713 4517 teret,
746 4448 804 4502 si
836 4448 1183 4521 possibile
1214 4454 1419 4504 esset.
1466 4448 1772 4505 Obiiciunt
1795 4449 1864 4505 ad
1890 4450 2033 4506 haec
2061 4448 2192 4505 alii:
2227 4468 2417 4507 nonne
2447 4451 2724 4508 cernebat
2749 4450 3028 4508 Dominus

544 4555 733 4606 totum
764 4550 1088 4607 humanum
1118 4570 1300 4624 genus
1330 4554 1680 4627 periturum,
1725 4552 1774 4608 si
1810 4555 2090 4610 transiret
2125 4552 2320 4610 calix?
2382 4554 2500 4611 Cur
2540 4574 2677 4627 ergo
2729 4554 2914 4630 petiit,
2962 4565 3024 4611 ut
