<?xml version="1.0" encoding="UTF-8"?>
<!DOCTYPE html PUBLIC "-//W3C//DTD XHTML 1.0 Transitional//EN"
    "http://www.w3.org/TR/xhtml1/DTD/xhtml1-transitional.dtd">
<html xmlns="http://www.w3.org/1999/xhtml" xml:lang="en" lang="en">
 <head>
  <title>
</title>
<meta http-equiv="Content-Type" content="text/html;charset=utf-8" />
  <meta name='ocr-system' content='tesseract 3.04.00' />
  <meta name='ocr-capabilities' content='ocr_page ocr_carea ocr_par ocr_line ocrx_word'/>
</head>
<body>
  <div class='ocr_page' id='page_1' title='image "./historiarevelat00unkngoog_0626.png"; bbox 0 0 3267 5259; ppageno 0'>
   <div class='ocr_carea' id='block_1_1' title="bbox 603 388 2333 453">
    <p class='ocr_par' dir='ltr' id='par_1_1' title="bbox 603 388 2333 453">
     <span class='ocr_line' id='line_1_1' title="bbox 603 388 2333 453; baseline -0.008 0"><span class='ocrx_word' id='word_1_1' title='bbox 603 388 733 453; x_wconf 78' lang='grc'>498</span> <span class='ocrx_word' id='word_1_2' title='bbox 1336 402 1451 443; x_wconf 78' lang='lat' dir='ltr'>fflst.</span> <span class='ocrx_word' id='word_1_3' title='bbox 1481 390 1704 443; x_wconf 74' lang='lat' dir='ltr'>st.&#39;div.</span> <span class='ocrx_word' id='word_1_4' title='bbox 1736 402 1902 442; x_wconf 77' lang='lat' dir='ltr'>Pei-iod.</span> <span class='ocrx_word' id='word_1_5' title='bbox 1931 402 1984 441; x_wconf 89' lang='lat' dir='ltr'>u.</span> <span class='ocrx_word' id='word_1_6' title='bbox 2005 411 2103 451; x_wconf 75' lang='lat' dir='ltr'>cap.</span> <span class='ocrx_word' id='word_1_7' title='bbox 2133 400 2333 441; x_wconf 74' lang='lat' dir='ltr'>altorum.</span> 
     </span>
    </p>
   </div>
   <div class='ocr_carea' id='block_1_2' title="bbox 600 574 3070 2121">
    <p class='ocr_par' dir='ltr' id='par_1_2' title="bbox 600 574 3070 2121">
     <span class='ocr_line' id='line_1_2' title="bbox 606 574 3066 649; baseline -0.002 -10"><span class='ocrx_word' id='word_1_8' title='bbox 606 581 874 639; x_wconf 77' lang='lat' dir='ltr'>Cocceius</span> <span class='ocrx_word' id='word_1_9' title='bbox 921 582 977 638; x_wconf 84' lang='grc' dir='ltr'><strong>Ν</strong></span> <span class='ocrx_word' id='word_1_10' title='bbox 981 578 1157 639; x_wconf 85' lang='lat' dir='ltr'>erva¹</span> <span class='ocrx_word' id='word_1_11' title='bbox 1216 581 1471 637; x_wconf 78' lang='lat' dir='ltr'>rescissis</span> <span class='ocrx_word' id='word_1_12' title='bbox 1522 580 1852 639; x_wconf 87' lang='lat' dir='ltr'>Domitiani</span> <span class='ocrx_word' id='word_1_13' title='bbox 1898 581 2130 649; x_wconf 89' lang='lat' dir='ltr'>edictis,</span> <span class='ocrx_word' id='word_1_14' title='bbox 2179 578 2544 637; x_wconf 79' lang='lat' dir='ltr'><strong>Christianos</strong></span> <span class='ocrx_word' id='word_1_15' title='bbox 2587 578 2901 635; x_wconf 80' lang='lat' dir='ltr'>destitutae</span> <span class='ocrx_word' id='word_1_16' title='bbox 2942 574 3066 633; x_wconf 88' lang='lat' dir='ltr'>reli-</span> 
     </span>
     <span class='ocr_line' id='line_1_3' title="bbox 605 678 3067 759; baseline -0.002 -16"><span class='ocrx_word' id='word_1_17' title='bbox 605 687 795 759; x_wconf 85' lang='lat' dir='ltr'>gionis</span> <span class='ocrx_word' id='word_1_18' title='bbox 826 706 950 743; x_wconf 89' lang='lat' dir='ltr'>reos</span> <span class='ocrx_word' id='word_1_19' title='bbox 988 686 1264 755; x_wconf 82' lang='lat' dir='ltr'>absolvit;</span> <span class='ocrx_word' id='word_1_20' title='bbox 1310 685 1511 742; x_wconf 77' lang='lat' dir='ltr'>exules</span> <span class='ocrx_word' id='word_1_21' title='bbox 1548 687 1868 755; x_wconf 77' lang='lat' dir='ltr'>revocavit,</span> <span class='ocrx_word' id='word_1_22' title='bbox 1907 691 1968 742; x_wconf 86' lang='lat' dir='ltr'>et</span> <span class='ocrx_word' id='word_1_23' title='bbox 1995 686 2154 743; x_wconf 80' lang='lat' dir='ltr'>inter</span> <span class='ocrx_word' id='word_1_24' title='bbox 2183 685 2288 741; x_wconf 85' lang='lat' dir='ltr'>hos</span> <span class='ocrx_word' id='word_1_25' title='bbox 2318 684 2374 741; x_wconf 88' lang='lat' dir='ltr'><strong>d.</strong></span> <span class='ocrx_word' id='word_1_26' title='bbox 2405 684 2694 741; x_wconf 87' lang='lat' dir='ltr'>Joannem</span> <span class='ocrx_word' id='word_1_27' title='bbox 2707 678 2752 739; x_wconf 70' lang='lat'>2.</span> <span class='ocrx_word' id='word_1_28' title='bbox 2815 681 3067 739; x_wconf 87' lang='lat' dir='ltr'>Ceterum</span> 
     </span>
     <span class='ocr_line' id='line_1_4' title="bbox 607 786 3070 866; baseline -0.002 -20"><span class='ocrx_word' id='word_1_29' title='bbox 607 791 669 846; x_wconf 80' lang='lat' dir='ltr'><strong>S.</strong></span> <span class='ocrx_word' id='word_1_30' title='bbox 696 790 1137 865; x_wconf 85' lang='lat' dir='ltr'>Evangelistam</span> <span class='ocrx_word' id='word_1_31' title='bbox 1170 792 1459 860; x_wconf 79' lang='lat' dir='ltr'>reducem,</span> <span class='ocrx_word' id='word_1_32' title='bbox 1500 791 1561 847; x_wconf 90' lang='lat' dir='ltr'>in</span> <span class='ocrx_word' id='word_1_33' title='bbox 1593 790 2024 866; x_wconf 84' lang='lat' dir='ltr'>praedicatione</span> <span class='ocrx_word' id='word_1_34' title='bbox 2058 790 2297 847; x_wconf 86' lang='lat' dir='ltr'>Domini</span> <span class='ocrx_word' id='word_1_35' title='bbox 2331 788 2554 845; x_wconf 84' lang='lat' dir='ltr'>eximia</span> <span class='ocrx_word' id='word_1_36' title='bbox 2583 791 2854 861; x_wconf 75' lang='lat' dir='ltr'>gavisum</span> <span class='ocrx_word' id='word_1_37' title='bbox 2881 786 3070 843; x_wconf 77' lang='lat' dir='ltr'>divina</span> 
     </span>
     <span class='ocr_line' id='line_1_5' title="bbox 606 892 3069 971; baseline -0.003 -18"><span class='ocrx_word' id='word_1_38' title='bbox 606 896 1034 967; x_wconf 88' lang='lat' dir='ltr'>benedictione,</span> <span class='ocrx_word' id='word_1_39' title='bbox 1091 896 1187 953; x_wconf 81' lang='lat' dir='ltr'>vel</span> <span class='ocrx_word' id='word_1_40' title='bbox 1236 916 1265 952; x_wconf 91' lang='lat' dir='ltr'>e</span> <span class='ocrx_word' id='word_1_41' title='bbox 1312 894 1611 971; x_wconf 80' lang='lat' dir='ltr'>discipulis</span> <span class='ocrx_word' id='word_1_42' title='bbox 1666 895 1996 953; x_wconf 76' lang='lat' dir='ltr'>illustribus</span> <span class='ocrx_word' id='word_1_43' title='bbox 2050 899 2238 969; x_wconf 84' lang='lat' dir='ltr'>patet,</span> <span class='ocrx_word' id='word_1_44' title='bbox 2294 894 2397 971; x_wconf 91' lang='lat' dir='ltr'>qui</span> <span class='ocrx_word' id='word_1_45' title='bbox 2449 894 2572 968; x_wconf 86' lang='lat' dir='ltr'>ipso</span> <span class='ocrx_word' id='word_1_46' title='bbox 2619 894 2897 966; x_wconf 86' lang='lat' dir='ltr'>magistro</span> <span class='ocrx_word' id='word_1_47' title='bbox 2941 892 3069 947; x_wconf 86' lang='lat' dir='ltr'>duce</span> 
     </span>
     <span class='ocr_line' id='line_1_6' title="bbox 604 996 3064 1074; baseline -0.002 -18"><span class='ocrx_word' id='word_1_48' title='bbox 604 1002 695 1057; x_wconf 88' lang='lat' dir='ltr'>nsi</span> <span class='ocrx_word' id='word_1_49' title='bbox 725 1006 881 1058; x_wconf 89' lang='lat' dir='ltr'>sunt.</span> <span class='ocrx_word' id='word_1_50' title='bbox 916 1000 1155 1057; x_wconf 84' lang='lat' dir='ltr'>Veteres</span> <span class='ocrx_word' id='word_1_51' title='bbox 1183 1001 1343 1057; x_wconf 88' lang='lat' dir='ltr'>inter</span> <span class='ocrx_word' id='word_1_52' title='bbox 1366 999 1496 1057; x_wconf 83' lang='lat' dir='ltr'>illos</span> <span class='ocrx_word' id='word_1_53' title='bbox 1520 1006 1850 1056; x_wconf 78' lang='lat' dir='ltr'>recensent:</span> <span class='ocrx_word' id='word_1_54' title='bbox 1884 1019 1928 1056; x_wconf 92' lang='lat' dir='ltr'>s.</span> <span class='ocrx_word' id='word_1_55' title='bbox 1951 999 2273 1073; x_wconf 84' lang='lat' dir='ltr'>Ignatium,</span> <span class='ocrx_word' id='word_1_56' title='bbox 2308 1018 2352 1055; x_wconf 86' lang='lat' dir='ltr'>s.</span> <span class='ocrx_word' id='word_1_57' title='bbox 2376 997 2787 1074; x_wconf 74' lang='lat' dir='ltr'>Polycarpum,</span> <span class='ocrx_word' id='word_1_58' title='bbox 2821 996 3064 1071; x_wconf 81' lang='lat' dir='ltr'>Papiam,</span> 
     </span>
     <span class='ocr_line' id='line_1_7' title="bbox 604 1100 3068 1183; baseline -0.003 -20"><span class='ocrx_word' id='word_1_59' title='bbox 604 1102 995 1175; x_wconf 61' lang='lat' dir='ltr'>Quadratum</span> <span class='ocrx_word' id='word_1_60' title='bbox 1046 1105 1259 1183; x_wconf 89' lang='lat' dir='ltr'>quibus</span> <span class='ocrx_word' id='word_1_61' title='bbox 1304 1105 1652 1162; x_wconf 78' lang='lat' dir='ltr'>recentiores</span> <span class='ocrx_word' id='word_1_62' title='bbox 1691 1104 1916 1161; x_wconf 89' lang='lat' dir='ltr'>addunt</span> <span class='ocrx_word' id='word_1_63' title='bbox 1946 1104 2306 1161; x_wconf 89' lang='lat' dir='ltr'>Prochorum</span> <span class='ocrx_word' id='word_1_64' title='bbox 2346 1108 2406 1159; x_wconf 85' lang='lat' dir='ltr'>et</span> <span class='ocrx_word' id='word_1_65' title='bbox 2439 1101 2742 1159; x_wconf 90' lang='lat' dir='ltr'>Bucolum.</span> <span class='ocrx_word' id='word_1_66' title='bbox 2799 1100 3068 1157; x_wconf 79' lang='lat' dir='ltr'>Miracula</span> 
     </span>
     <span class='ocr_line' id='line_1_8' title="bbox 603 1205 3068 1287; baseline -0.003 -20"><span class='ocrx_word' id='word_1_67' title='bbox 603 1228 831 1287; x_wconf 90' lang='lat' dir='ltr'>quoque</span> <span class='ocrx_word' id='word_1_68' title='bbox 875 1230 927 1267; x_wconf 88' lang='lat' dir='ltr'>a.</span> <span class='ocrx_word' id='word_1_69' title='bbox 975 1211 1031 1266; x_wconf 94' lang='lat' dir='ltr'>d.</span> <span class='ocrx_word' id='word_1_70' title='bbox 1062 1210 1100 1266; x_wconf 89' lang='lat' dir='ltr'><strong>J</strong></span> <span class='ocrx_word' id='word_1_71' title='bbox 1102 1228 1287 1267; x_wconf 89' lang='lat' dir='ltr'>oanne</span> <span class='ocrx_word' id='word_1_72' title='bbox 1330 1214 1563 1284; x_wconf 85' lang='lat' dir='ltr'>patrata</span> <span class='ocrx_word' id='word_1_73' title='bbox 1584 1206 1606 1245; x_wconf 82' lang='lat'>³</span> <span class='ocrx_word' id='word_1_74' title='bbox 1659 1208 1810 1266; x_wconf 90' lang='lat' dir='ltr'>nulli</span> <span class='ocrx_word' id='word_1_75' title='bbox 1856 1209 2194 1265; x_wconf 81' lang='lat' dir='ltr'>dubitamus</span> <span class='ocrx_word' id='word_1_76' title='bbox 2213 1205 2256 1265; x_wconf 75' lang='lat'>⁴.</span> <span class='ocrx_word' id='word_1_77' title='bbox 2312 1207 2746 1284; x_wconf 84' lang='lat' dir='ltr'>Antiquissima</span> <span class='ocrx_word' id='word_1_78' title='bbox 2792 1223 2966 1282; x_wconf 84' lang='lat' dir='ltr'>aeque</span> <span class='ocrx_word' id='word_1_79' title='bbox 3011 1222 3068 1260; x_wconf 82' lang='lat' dir='ltr'>ac</span> 
     </span>
     <span class='ocr_line' id='line_1_9' title="bbox 602 1306 3064 1388; baseline -0.002 -19"><span class='ocrx_word' id='word_1_80' title='bbox 602 1312 923 1370; x_wconf 81' lang='lat' dir='ltr'>certissima</span> <span class='ocrx_word' id='word_1_81' title='bbox 954 1314 1269 1371; x_wconf 76' lang='lat' dir='ltr'>traditione</span> <span class='ocrx_word' id='word_1_82' title='bbox 1300 1317 1661 1388; x_wconf 89' lang='lat' dir='ltr'>compertum</span> <span class='ocrx_word' id='word_1_83' title='bbox 1691 1314 1994 1369; x_wconf 84' lang='lat' dir='ltr'>habemus:</span> <span class='ocrx_word' id='word_1_84' title='bbox 2028 1312 2086 1369; x_wconf 83' lang='lat' dir='ltr'>S.</span> <span class='ocrx_word' id='word_1_85' title='bbox 2109 1311 2455 1387; x_wconf 79' lang='lat' dir='ltr'>Apostolum</span> <span class='ocrx_word' id='word_1_86' title='bbox 2478 1311 2513 1367; x_wconf 92' lang='lat' dir='ltr'><strong>J</strong></span> <span class='ocrx_word' id='word_1_87' title='bbox 2517 1330 2766 1367; x_wconf 83' lang='lat' dir='ltr'>oannem</span> <span class='ocrx_word' id='word_1_88' title='bbox 2789 1314 2914 1384; x_wconf 88' lang='lat' dir='ltr'>post</span> <span class='ocrx_word' id='word_1_89' title='bbox 2939 1306 3064 1365; x_wconf 89' lang='lat' dir='ltr'>reli·</span> 
     </span>
     <span class='ocr_line' id='line_1_10' title="bbox 603 1413 3065 1495; baseline -0.002 -22"><span class='ocrx_word' id='word_1_90' title='bbox 603 1436 851 1495; x_wconf 87' lang='lat' dir='ltr'>quorum</span> <span class='ocrx_word' id='word_1_91' title='bbox 876 1438 1171 1475; x_wconf 79' lang='lat' dir='ltr'>excessum</span> <span class='ocrx_word' id='word_1_92' title='bbox 1196 1419 1267 1475; x_wconf 87' lang='lat' dir='ltr'>ad</span> <span class='ocrx_word' id='word_1_93' title='bbox 1288 1419 1601 1492; x_wconf 89' lang='lat' dir='ltr'>imperium</span> <span class='ocrx_word' id='word_1_94' title='bbox 1619 1416 1860 1474; x_wconf 81' lang='lat' dir='ltr'>Traiani</span> <span class='ocrx_word' id='word_1_95' title='bbox 1880 1416 2250 1493; x_wconf 77' lang='lat' dir='ltr'>superfuisse.</span> <span class='ocrx_word' id='word_1_96' title='bbox 2285 1416 2598 1488; x_wconf 75' lang='lat' dir='ltr'>Longaeva</span> <span class='ocrx_word' id='word_1_97' title='bbox 2619 1421 2776 1470; x_wconf 81' lang='lat' dir='ltr'>aetas</span> <span class='ocrx_word' id='word_1_98' title='bbox 2799 1413 3065 1470; x_wconf 79' lang='lat' dir='ltr'>carissimi</span> 
     </span>
     <span class='ocr_line' id='line_1_11' title="bbox 602 1515 3064 1597; baseline -0.003 -18"><span class='ocrx_word' id='word_1_99' title='bbox 602 1524 767 1579; x_wconf 89' lang='lat' dir='ltr'>testis</span> <span class='ocrx_word' id='word_1_100' title='bbox 796 1523 871 1579; x_wconf 90' lang='lat' dir='ltr'>D.</span> <span class='ocrx_word' id='word_1_101' title='bbox 904 1524 980 1579; x_wconf 81' lang='lat' dir='ltr'>N.</span> <span class='ocrx_word' id='word_1_102' title='bbox 1010 1522 1067 1580; x_wconf 90' lang='lat' dir='ltr'>J.</span> <span class='ocrx_word' id='word_1_103' title='bbox 1102 1522 1185 1595; x_wconf 91' lang='lat' dir='ltr'>C.‚</span> <span class='ocrx_word' id='word_1_104' title='bbox 1220 1524 1520 1596; x_wconf 87' lang='lat' dir='ltr'>egregium</span> <span class='ocrx_word' id='word_1_105' title='bbox 1552 1522 1724 1597; x_wconf 87' lang='lat' dir='ltr'>plane</span> <span class='ocrx_word' id='word_1_106' title='bbox 1755 1524 1826 1579; x_wconf 88' lang='lat' dir='ltr'>ad</span> <span class='ocrx_word' id='word_1_107' title='bbox 1859 1522 2273 1580; x_wconf 80' lang='lat' dir='ltr'>certitudinem</span> <span class='ocrx_word' id='word_1_108' title='bbox 2311 1520 2448 1577; x_wconf 90' lang='lat' dir='ltr'>fidei</span> <span class='ocrx_word' id='word_1_109' title='bbox 2481 1519 2546 1575; x_wconf 89' lang='lat' dir='ltr'>in</span> <span class='ocrx_word' id='word_1_110' title='bbox 2577 1518 2836 1575; x_wconf 81' lang='lat' dir='ltr'>Ecclesia</span> <span class='ocrx_word' id='word_1_111' title='bbox 2875 1515 3064 1573; x_wconf 82' lang='lat' dir='ltr'>att-ulit</span> 
     </span>
     <span class='ocr_line' id='line_1_12' title="bbox 602 1623 3061 1703; baseline -0.003 -19"><span class='ocrx_word' id='word_1_112' title='bbox 602 1632 993 1697; x_wconf 82' lang='lat' dir='ltr'>momentum3</span> <span class='ocrx_word' id='word_1_113' title='bbox 1057 1628 1143 1685; x_wconf 87' lang='lat' dir='ltr'>ita</span> <span class='ocrx_word' id='word_1_114' title='bbox 1193 1627 1352 1684; x_wconf 88' lang='lat' dir='ltr'>euim</span> <span class='ocrx_word' id='word_1_115' title='bbox 1406 1628 1632 1684; x_wconf 90' lang='lat' dir='ltr'>tamdiu</span> <span class='ocrx_word' id='word_1_116' title='bbox 1685 1632 1988 1703; x_wconf 84' lang='lat' dir='ltr'>supererat</span> <span class='ocrx_word' id='word_1_117' title='bbox 2041 1624 2334 1701; x_wconf 69' lang='grc' dir='ltr'>αὐτόπτης,</span> <span class='ocrx_word' id='word_1_118' title='bbox 2383 1626 2566 1682; x_wconf 86' lang='lat' dir='ltr'>donec</span> <span class='ocrx_word' id='word_1_119' title='bbox 2609 1624 2829 1681; x_wconf 80' lang='lat' dir='ltr'>radices</span> <span class='ocrx_word' id='word_1_120' title='bbox 2870 1623 3061 1694; x_wconf 85' lang='lat' dir='ltr'>egisset</span> 
     </span>
     <span class='ocr_line' id='line_1_13' title="bbox 602 1726 3060 1809; baseline -0.004 -20"><span class='ocrx_word' id='word_1_121' title='bbox 602 1732 783 1789; x_wconf 80' lang='lat' dir='ltr'>doctri</span> <span class='ocrx_word' id='word_1_122' title='bbox 792 1751 867 1789; x_wconf 85' lang='lat' dir='ltr'>na</span> <span class='ocrx_word' id='word_1_123' title='bbox 889 1732 1128 1802; x_wconf 85' lang='lat' dir='ltr'>Christi,</span> <span class='ocrx_word' id='word_1_124' title='bbox 1154 1732 1227 1789; x_wconf 85' lang='lat' dir='ltr'>ad</span> <span class='ocrx_word' id='word_1_125' title='bbox 1252 1751 1421 1809; x_wconf 89' lang='lat' dir='ltr'>quem</span> <span class='ocrx_word' id='word_1_126' title='bbox 1448 1731 1753 1807; x_wconf 80' lang='lat' dir='ltr'>provocari</span> <span class='ocrx_word' id='word_1_127' title='bbox 1779 1731 2100 1789; x_wconf 80' lang='lat' dir='ltr'>identidem</span> <span class='ocrx_word' id='word_1_128' title='bbox 2123 1735 2352 1805; x_wconf 85' lang='lat' dir='ltr'>poterat</span> <span class='ocrx_word' id='word_1_129' title='bbox 2371 1726 2414 1785; x_wconf 84' lang='lat'>⁵.</span> <span class='ocrx_word' id='word_1_130' title='bbox 2455 1728 2738 1785; x_wconf 84' lang='lat' dir='ltr'>Extremo</span> <span class='ocrx_word' id='word_1_131' title='bbox 2761 1728 2912 1784; x_wconf 87' lang='lat' dir='ltr'>senio</span> <span class='ocrx_word' id='word_1_132' title='bbox 2935 1743 3060 1781; x_wconf 87' lang='lat' dir='ltr'>con·</span> 
     </span>
     <span class='ocr_line' id='line_1_14' title="bbox 601 1830 3062 1909; baseline -0.003 -18"><span class='ocrx_word' id='word_1_133' title='bbox 601 1838 802 1909; x_wconf 83' lang='lat' dir='ltr'>fectus,</span> <span class='ocrx_word' id='word_1_134' title='bbox 852 1836 1184 1894; x_wconf 84' lang='lat' dir='ltr'>felicissimo</span> <span class='ocrx_word' id='word_1_135' title='bbox 1231 1836 1466 1893; x_wconf 89' lang='lat' dir='ltr'>tandem</span> <span class='ocrx_word' id='word_1_136' title='bbox 1512 1836 1678 1893; x_wconf 90' lang='lat' dir='ltr'>obitu</span> <span class='ocrx_word' id='word_1_137' title='bbox 1723 1836 1794 1893; x_wconf 89' lang='lat' dir='ltr'>ad</span> <span class='ocrx_word' id='word_1_138' title='bbox 1841 1835 2023 1893; x_wconf 85' lang='lat' dir='ltr'>coelos</span> <span class='ocrx_word' id='word_1_139' title='bbox 2065 1833 2349 1908; x_wconf 83' lang='lat' dir='ltr'>migravit</span> <span class='ocrx_word' id='word_1_140' title='bbox 2388 1832 2607 1908; x_wconf 83' lang='lat' dir='ltr'>Ephesi</span> <span class='ocrx_word' id='word_1_141' title='bbox 2623 1830 2665 1889; x_wconf 74' lang='lat'>⁰.</span> <span class='ocrx_word' id='word_1_142' title='bbox 2719 1831 2875 1888; x_wconf 90' lang='lat' dir='ltr'>Hinc</span> <span class='ocrx_word' id='word_1_143' title='bbox 2916 1830 3062 1885; x_wconf 82' lang='lat' dir='ltr'>inter</span> 
     </span>
     <span class='ocr_line' id='line_1_15' title="bbox 600 1934 3058 2016; baseline -0.003 -19"><span class='ocrx_word' id='word_1_144' title='bbox 600 1960 789 1999; x_wconf 86' lang='lat' dir='ltr'>sacras</span> <span class='ocrx_word' id='word_1_145' title='bbox 819 1941 1211 1999; x_wconf 81' lang='lat' dir='ltr'>Orientalium</span> <span class='ocrx_word' id='word_1_146' title='bbox 1242 1942 1740 2016; x_wconf 86' lang='lat' dir='ltr'>peregrinationes</span> <span class='ocrx_word' id='word_1_147' title='bbox 1777 1939 2154 1997; x_wconf 85' lang='lat' dir='ltr'>celeberrima</span> <span class='ocrx_word' id='word_1_148' title='bbox 2195 1943 2320 1995; x_wconf 88' lang='lat' dir='ltr'>erat</span> <span class='ocrx_word' id='word_1_149' title='bbox 2351 1937 2666 2013; x_wconf 81' lang='lat' dir='ltr'>Ephesina,</span> <span class='ocrx_word' id='word_1_150' title='bbox 2709 1934 3058 2011; x_wconf 86' lang='lat' dir='ltr'>sepulchrum</span> 
     </span>
     <span class='ocr_line' id='line_1_16' title="bbox 602 2038 3060 2121; baseline -0.003 -21"><span class='ocrx_word' id='word_1_151' title='bbox 602 2045 658 2101; x_wconf 81' lang='lat' dir='ltr'><strong>S.</strong></span> <span class='ocrx_word' id='word_1_152' title='bbox 690 2046 933 2103; x_wconf 86' lang='lat' dir='ltr'>Joannis</span> <span class='ocrx_word' id='word_1_153' title='bbox 978 2046 1259 2103; x_wconf 85' lang='lat' dir='ltr'>visitandi</span> <span class='ocrx_word' id='word_1_154' title='bbox 1308 2064 1481 2103; x_wconf 86' lang='lat' dir='ltr'>causa</span> <span class='ocrx_word' id='word_1_155' title='bbox 1522 2050 1788 2121; x_wconf 87' lang='lat' dir='ltr'>suscepta</span> <span class='ocrx_word' id='word_1_156' title='bbox 1805 2042 1846 2101; x_wconf 82' lang='lat'>⁷.</span> <span class='ocrx_word' id='word_1_157' title='bbox 1903 2044 2051 2101; x_wconf 91' lang='lat' dir='ltr'>Cum</span> <span class='ocrx_word' id='word_1_158' title='bbox 2099 2044 2154 2100; x_wconf 90' lang='lat' dir='ltr'>d.</span> <span class='ocrx_word' id='word_1_159' title='bbox 2187 2040 2457 2100; x_wconf 58' lang='lat' dir='ltr'>Joanne⁴5</span> <span class='ocrx_word' id='word_1_160' title='bbox 2503 2042 2678 2099; x_wconf 83' lang='lat' dir='ltr'>desiit</span> <span class='ocrx_word' id='word_1_161' title='bbox 2719 2038 3060 2097; x_wconf 86' lang='lat' dir='ltr'>saeculum</span> 
     </span>
    </p>
   </div>
   <div class='ocr_carea' id='block_1_3' title="bbox 604 2150 1118 2226">
    <p class='ocr_par' dir='ltr' id='par_1_3' title="bbox 604 2150 1118 2226">
     <span class='ocr_line' id='line_1_17' title="bbox 604 2150 1118 2226; baseline -0.004 -17"><span class='ocrx_word' id='word_1_162' title='bbox 604 2150 1118 2226; x_wconf 86' lang='lat' dir='ltr'>Apostolicum.</span> 
     </span>
    </p>
   </div>
   <div class='ocr_carea' id='block_1_4' title="bbox 600 2331 3058 2489">
    <p class='ocr_par' dir='ltr' id='par_1_4' title="bbox 600 2331 3058 2489">
     <span class='ocr_line' id='line_1_18' title="bbox 807 2331 3058 2407; baseline -0.004 -18"><span class='ocrx_word' id='word_1_163' title='bbox 807 2340 1079 2407; x_wconf 61' lang='lat' dir='ltr'>Diffi-essm,</span> <span class='ocrx_word' id='word_1_164' title='bbox 1130 2344 1302 2389; x_wconf 66' lang='lat' dir='ltr'>iarum</span> <span class='ocrx_word' id='word_1_165' title='bbox 1346 2356 1381 2389; x_wconf 78' lang='lat' dir='ltr'>s.</span> <span class='ocrx_word' id='word_1_166' title='bbox 1420 2338 1640 2391; x_wconf 73' lang='lat' dir='ltr'>Joamms</span> <span class='ocrx_word' id='word_1_167' title='bbox 1676 2337 1937 2405; x_wconf 75' lang='lat' dir='ltr'>Apostolus</span> <span class='ocrx_word' id='word_1_168' title='bbox 1973 2338 2161 2387; x_wconf 69' lang='lat' dir='ltr'>Romae</span> <span class='ocrx_word' id='word_1_169' title='bbox 2203 2336 2506 2401; x_wconf 74' lang='lat' dir='ltr'>martyrium</span> <span class='ocrx_word' id='word_1_170' title='bbox 2549 2334 2751 2385; x_wconf 69' lang='lat' dir='ltr'>subierit</span> <span class='ocrx_word' id='word_1_171' title='bbox 2791 2331 3058 2401; x_wconf 53' lang='lat' dir='ltr'>quamtum</span> 
     </span>
     <span class='ocr_line' id='line_1_19' title="bbox 600 2414 3056 2489; baseline -0.004 -14"><span class='ocrx_word' id='word_1_172' title='bbox 600 2426 666 2475; x_wconf 92' lang='lat' dir='ltr'>D.</span> <span class='ocrx_word' id='word_1_173' title='bbox 702 2425 992 2486; x_wconf 83' lang='lat' dir='ltr'>Joannem,</span> <span class='ocrx_word' id='word_1_174' title='bbox 1046 2426 1134 2489; x_wconf 90' lang='lat' dir='ltr'>qui</span> <span class='ocrx_word' id='word_1_175' title='bbox 1180 2425 1451 2473; x_wconf 79' lang='lat' dir='ltr'>saeviente</span> <span class='ocrx_word' id='word_1_176' title='bbox 1497 2424 1549 2473; x_wconf 90' lang='lat' dir='ltr'>in</span> <span class='ocrx_word' id='word_1_177' title='bbox 1600 2422 1933 2473; x_wconf 83' lang='lat' dir='ltr'>Christianos</span> <span class='ocrx_word' id='word_1_178' title='bbox 1979 2422 2272 2471; x_wconf 80' lang='lat' dir='ltr'>Domitiani</span> <span class='ocrx_word' id='word_1_179' title='bbox 2319 2421 2692 2486; x_wconf 86' lang='lat' dir='ltr'>persecutione</span> <span class='ocrx_word' id='word_1_180' title='bbox 2735 2420 2944 2468; x_wconf 84' lang='lat' dir='ltr'>Romam</span> <span class='ocrx_word' id='word_1_181' title='bbox 2981 2414 3056 2462; x_wconf 76' lang='lat' dir='ltr'>vel</span> 
     </span>
    </p>
   </div>
   <div class='ocr_carea' id='block_1_5' title="bbox 600 2507 3056 2925">
    <p class='ocr_par' dir='ltr' id='par_1_5' title="bbox 600 2507 3056 2925">
     <span class='ocr_line' id='line_1_20' title="bbox 601 2507 3054 2576; baseline -0.004 -15"><span class='ocrx_word' id='word_1_182' title='bbox 601 2518 789 2576; x_wconf 86' lang='lat' dir='ltr'>sponte</span> <span class='ocrx_word' id='word_1_183' title='bbox 816 2516 1050 2573; x_wconf 83' lang='lat' dir='ltr'>venerat,</span> <span class='ocrx_word' id='word_1_184' title='bbox 1090 2510 1173 2559; x_wconf 84' lang='lat' dir='ltr'>vel</span> <span class='ocrx_word' id='word_1_185' title='bbox 1199 2512 1346 2559; x_wconf 88' lang='lat' dir='ltr'>iussu</span> <span class='ocrx_word' id='word_1_186' title='bbox 1375 2512 1707 2575; x_wconf 86' lang='lat' dir='ltr'>imperatoris</span> <span class='ocrx_word' id='word_1_187' title='bbox 1737 2538 1798 2545; x_wconf 94' lang='lat'><strong>—</strong></span> <span class='ocrx_word' id='word_1_188' title='bbox 1825 2509 1966 2575; x_wconf 87' lang='lat' dir='ltr'>quod</span> <span class='ocrx_word' id='word_1_189' title='bbox 1992 2511 2256 2574; x_wconf 84' lang='lat' dir='ltr'>posterius</span> <span class='ocrx_word' id='word_1_190' title='bbox 2284 2508 2463 2573; x_wconf 82' lang='lat' dir='ltr'>placet</span> <span class='ocrx_word' id='word_1_191' title='bbox 2486 2535 2578 2569; x_wconf 92' lang='lat'>--‚</span> <span class='ocrx_word' id='word_1_192' title='bbox 2605 2507 2882 2571; x_wconf 81' lang='lat' dir='ltr'>impietatis</span> <span class='ocrx_word' id='word_1_193' title='bbox 2918 2518 3054 2552; x_wconf 82' lang='lat' dir='ltr'>aecu-</span> 
     </span>
     <span class='ocr_line' id='line_1_21' title="bbox 600 2591 3056 2661; baseline -0.005 -14"><span class='ocrx_word' id='word_1_194' title='bbox 600 2603 747 2648; x_wconf 82' lang='lat' dir='ltr'>satus</span> <span class='ocrx_word' id='word_1_195' title='bbox 785 2603 1017 2647; x_wconf 87' lang='lat' dir='ltr'>extremo</span> <span class='ocrx_word' id='word_1_196' title='bbox 1056 2597 1317 2661; x_wconf 81' lang='lat' dir='ltr'>supplicio</span> <span class='ocrx_word' id='word_1_197' title='bbox 1357 2612 1529 2661; x_wconf 88' lang='lat' dir='ltr'>eoque</span> <span class='ocrx_word' id='word_1_198' title='bbox 1566 2596 1896 2645; x_wconf 83' lang='lat' dir='ltr'>atrocissimo</span> <span class='ocrx_word' id='word_1_199' title='bbox 1934 2611 1985 2645; x_wconf 88' lang='lat' dir='ltr'>u.</span> <span class='ocrx_word' id='word_1_200' title='bbox 2021 2612 2069 2645; x_wconf 76' lang='lat' dir='ltr'>v.</span> <span class='ocrx_word' id='word_1_201' title='bbox 2109 2594 2391 2645; x_wconf 83' lang='lat' dir='ltr'>damnatus</span> <span class='ocrx_word' id='word_1_202' title='bbox 2435 2595 2558 2655; x_wconf 85' lang='lat' dir='ltr'>fuit,</span> <span class='ocrx_word' id='word_1_203' title='bbox 2607 2592 2702 2643; x_wconf 85' lang='lat' dir='ltr'>sed</span> <span class='ocrx_word' id='word_1_204' title='bbox 2741 2599 2793 2642; x_wconf 89' lang='lat' dir='ltr'>et</span> <span class='ocrx_word' id='word_1_205' title='bbox 2825 2591 3056 2639; x_wconf 76' lang='lat' dir='ltr'>divinitus</span> 
     </span>
     <span class='ocr_line' id='line_1_22' title="bbox 602 2678 3054 2747; baseline -0.004 -14"><span class='ocrx_word' id='word_1_206' title='bbox 602 2684 869 2735; x_wconf 82' lang='lat' dir='ltr'>liberatus.</span> <span class='ocrx_word' id='word_1_207' title='bbox 920 2685 1093 2733; x_wconf 84' lang='lat' dir='ltr'>Huius</span> <span class='ocrx_word' id='word_1_208' title='bbox 1140 2683 1380 2733; x_wconf 81' lang='lat' dir='ltr'>miraculi</span> <span class='ocrx_word' id='word_1_209' title='bbox 1418 2682 1794 2747; x_wconf 82' lang='lat' dir='ltr'>perennandae</span> <span class='ocrx_word' id='word_1_210' title='bbox 1831 2685 2116 2733; x_wconf 82' lang='lat' dir='ltr'>memoriae</span> <span class='ocrx_word' id='word_1_211' title='bbox 2153 2683 2210 2732; x_wconf 90' lang='lat' dir='ltr'>in</span> <span class='ocrx_word' id='word_1_212' title='bbox 2247 2682 2394 2733; x_wconf 84' lang='lat' dir='ltr'>Urbe</span> <span class='ocrx_word' id='word_1_213' title='bbox 2427 2688 2552 2730; x_wconf 82' lang='lat' dir='ltr'>ante</span> <span class='ocrx_word' id='word_1_214' title='bbox 2590 2684 2794 2745; x_wconf 80' lang='lat' dir='ltr'>portam</span> <span class='ocrx_word' id='word_1_215' title='bbox 2829 2678 3054 2727; x_wconf 78' lang='lat' dir='ltr'>Latinam</span> 
     </span>
     <span class='ocr_line' id='line_1_23' title="bbox 605 2766 3054 2835; baseline -0.004 -16"><span class='ocrx_word' id='word_1_216' title='bbox 605 2773 836 2821; x_wconf 80' lang='lat' dir='ltr'>excitata</span> <span class='ocrx_word' id='word_1_217' title='bbox 873 2778 953 2821; x_wconf 89' lang='lat' dir='ltr'>est</span> <span class='ocrx_word' id='word_1_218' title='bbox 983 2772 1247 2820; x_wconf 86' lang='lat' dir='ltr'>Ecclesia.</span> <span class='ocrx_word' id='word_1_219' title='bbox 1298 2770 1376 2820; x_wconf 86' lang='lat' dir='ltr'>cf.</span> <span class='ocrx_word' id='word_1_220' title='bbox 1404 2772 1464 2819; x_wconf 92' lang='lat' dir='ltr'>P.</span> <span class='ocrx_word' id='word_1_221' title='bbox 1488 2770 1726 2835; x_wconf 83' lang='lat' dir='ltr'>Aringhi,</span> <span class='ocrx_word' id='word_1_222' title='bbox 1760 2771 1932 2820; x_wconf 75' lang='lat' dir='ltr'>Roma</span> <span class='ocrx_word' id='word_1_223' title='bbox 1963 2770 2314 2820; x_wconf 79' lang='lat' dir='ltr'>subterranea</span> <span class='ocrx_word' id='word_1_224' title='bbox 2349 2769 2421 2817; x_wconf 92' lang='lat'>11.</span> <span class='ocrx_word' id='word_1_225' title='bbox 2447 2769 2481 2818; x_wconf 93' lang='lat' dir='ltr'>l.</span> <span class='ocrx_word' id='word_1_226' title='bbox 2507 2768 2598 2817; x_wconf 80' lang='lat' dir='ltr'>IV.</span> <span class='ocrx_word' id='word_1_227' title='bbox 2625 2770 2674 2825; x_wconf 85' lang='grc'>6,</span> <span class='ocrx_word' id='word_1_228' title='bbox 2701 2770 2748 2815; x_wconf 88' lang='lat'>3.</span> <span class='ocrx_word' id='word_1_229' title='bbox 2775 2784 2815 2815; x_wconf 85' lang='lat' dir='ltr'>s.</span> <span class='ocrx_word' id='word_1_230' title='bbox 2852 2782 2898 2830; x_wconf 87' lang='lat' dir='ltr'>p.</span> <span class='ocrx_word' id='word_1_231' title='bbox 2925 2766 2996 2813; x_wconf 88' lang='grc'>16.</span> <span class='ocrx_word' id='word_1_232' title='bbox 3017 2777 3054 2809; x_wconf 85' lang='lat' dir='ltr'>s.</span> 
     </span>
     <span class='ocr_line' id='line_1_24' title="bbox 602 2850 3052 2925; baseline -0.004 -18"><span class='ocrx_word' id='word_1_233' title='bbox 602 2858 743 2907; x_wconf 88' lang='lat' dir='ltr'>Hinc</span> <span class='ocrx_word' id='word_1_234' title='bbox 787 2858 837 2907; x_wconf 82' lang='lat' dir='ltr'>d.</span> <span class='ocrx_word' id='word_1_235' title='bbox 875 2859 1115 2908; x_wconf 83' lang='lat' dir='ltr'>Joannes</span> <span class='ocrx_word' id='word_1_236' title='bbox 1166 2861 1418 2925; x_wconf 76' lang='lat' dir='ltr'>„martyr“</span> <span class='ocrx_word' id='word_1_237' title='bbox 1470 2856 1537 2906; x_wconf 84' lang='lat' dir='ltr'>ab</span> <span class='ocrx_word' id='word_1_238' title='bbox 1586 2856 1832 2906; x_wconf 83' lang='lat' dir='ltr'>omnibus</span> <span class='ocrx_word' id='word_1_239' title='bbox 1869 2856 2118 2919; x_wconf 80' lang='lat' dir='ltr'>habetur3</span> <span class='ocrx_word' id='word_1_240' title='bbox 2165 2871 2284 2906; x_wconf 82' lang='lat' dir='ltr'>nam</span> <span class='ocrx_word' id='word_1_241' title='bbox 2321 2855 2450 2905; x_wconf 86' lang='lat' dir='ltr'>licet</span> <span class='ocrx_word' id='word_1_242' title='bbox 2485 2856 2664 2921; x_wconf 85' lang='lat' dir='ltr'>passio</span> <span class='ocrx_word' id='word_1_243' title='bbox 2702 2855 2802 2919; x_wconf 88' lang='lat' dir='ltr'>ipsi</span> <span class='ocrx_word' id='word_1_244' title='bbox 2838 2850 3052 2907; x_wconf 82' lang='lat' dir='ltr'>defuerit,</span> 
     </span>
    </p>
   </div>
   <div class='ocr_carea' id='block_1_6' title="bbox 597 3096 3058 4649">
    <p class='ocr_par' dir='ltr' id='par_1_6' title="bbox 597 3096 3052 3257">
     <span class='ocr_line' id='line_1_25' title="bbox 599 3096 3052 3171; baseline -0.005 -17"><span class='ocrx_word' id='word_1_245' title='bbox 599 3122 650 3171; x_wconf 91' lang='lat' dir='ltr'>p.</span> <span class='ocrx_word' id='word_1_246' title='bbox 678 3106 759 3154; x_wconf 82' lang='lat'>88.</span> <span class='ocrx_word' id='word_1_247' title='bbox 797 3106 1099 3154; x_wconf 86' lang='lat' dir='ltr'>Demonstr.</span> <span class='ocrx_word' id='word_1_248' title='bbox 1138 3120 1217 3152; x_wconf 64' lang='lat' dir='ltr'>eir.</span> <span class='ocrx_word' id='word_1_249' title='bbox 1246 3103 1341 3165; x_wconf 92' lang='lat'>111,</span> <span class='ocrx_word' id='word_1_250' title='bbox 1371 3106 1418 3153; x_wconf 83' lang='lat'>5.</span> <span class='ocrx_word' id='word_1_251' title='bbox 1455 3120 1507 3168; x_wconf 89' lang='lat' dir='ltr'>p.</span> <span class='ocrx_word' id='word_1_252' title='bbox 1538 3104 1653 3152; x_wconf 93' lang='grc'><strong>116.</strong></span> <span class='ocrx_word' id='word_1_253' title='bbox 1699 3102 1906 3152; x_wconf 76' lang='lat' dir='ltr'>Similia</span> <span class='ocrx_word' id='word_1_254' title='bbox 1942 3105 2206 3151; x_wconf 84' lang='lat' dir='ltr'>testantur</span> <span class='ocrx_word' id='word_1_255' title='bbox 2243 3100 2295 3150; x_wconf 90' lang='lat' dir='ltr'><strong>S.</strong></span> <span class='ocrx_word' id='word_1_256' title='bbox 2325 3101 2702 3165; x_wconf 81' lang='lat' dir='ltr'>Hieronymus,</span> <span class='ocrx_word' id='word_1_257' title='bbox 2741 3098 2773 3147; x_wconf 93' lang='lat' dir='ltr'>l.</span> <span class='ocrx_word' id='word_1_258' title='bbox 2800 3115 2842 3148; x_wconf 89' lang='lat' dir='ltr'>c.</span> <span class='ocrx_word' id='word_1_259' title='bbox 2879 3097 2938 3145; x_wconf 85' lang='lat' dir='ltr'>de</span> <span class='ocrx_word' id='word_1_260' title='bbox 2971 3096 3052 3143; x_wconf 77' lang='lat' dir='ltr'>vir.</span> 
     </span>
     <span class='ocr_line' id='line_1_26' title="bbox 597 3185 2166 3257; baseline -0.001 -16"><span class='ocrx_word' id='word_1_261' title='bbox 597 3192 671 3241; x_wconf 87' lang='lat' dir='ltr'>ill.</span> <span class='ocrx_word' id='word_1_262' title='bbox 698 3192 895 3257; x_wconf 85' lang='lat' dir='ltr'>aliique</span> <span class='ocrx_word' id='word_1_263' title='bbox 932 3189 1077 3256; x_wconf 80' lang='lat' dir='ltr'>apud</span> <span class='ocrx_word' id='word_1_264' title='bbox 1116 3190 1407 3253; x_wconf 85' lang='lat' dir='ltr'>Suicerum,</span> <span class='ocrx_word' id='word_1_265' title='bbox 1445 3206 1486 3239; x_wconf 84' lang='lat' dir='ltr'>s.</span> <span class='ocrx_word' id='word_1_266' title='bbox 1514 3207 1561 3239; x_wconf 84' lang='lat' dir='ltr'>V.</span> <span class='ocrx_word' id='word_1_267' title='bbox 1596 3185 1836 3253; x_wconf 82' lang='grc' dir='ltr'>Ἰωάννης.</span> <span class='ocrx_word' id='word_1_268' title='bbox 1875 3188 1918 3252; x_wconf 91' lang='lat'>1,</span> <span class='ocrx_word' id='word_1_269' title='bbox 1949 3190 2099 3239; x_wconf 77' lang='grc'><strong>1470.</strong></span> <span class='ocrx_word' id='word_1_270' title='bbox 2125 3206 2166 3239; x_wconf 87' lang='lat' dir='ltr'>s.</span> 
     </span>
    </p>

    <p class='ocr_par' dir='ltr' id='par_1_7' title="bbox 598 3272 3058 4649">
     <span class='ocr_line' id='line_1_27' title="bbox 811 3272 3053 3343; baseline -0.005 -16"><span class='ocrx_word' id='word_1_271' title='bbox 811 3280 848 3343; x_wconf 88' lang='lat'>¹)</span> <span class='ocrx_word' id='word_1_272' title='bbox 890 3277 1093 3327; x_wconf 87' lang='lat' dir='ltr'>Grandi</span> <span class='ocrx_word' id='word_1_273' title='bbox 1130 3279 1235 3327; x_wconf 84' lang='lat' dir='ltr'>iam</span> <span class='ocrx_word' id='word_1_274' title='bbox 1274 3282 1449 3327; x_wconf 79' lang='lat' dir='ltr'>aetate</span> <span class='ocrx_word' id='word_1_275' title='bbox 1487 3278 1764 3343; x_wconf 86' lang='lat' dir='ltr'>imperium</span> <span class='ocrx_word' id='word_1_276' title='bbox 1801 3282 1923 3341; x_wconf 86' lang='lat' dir='ltr'>post</span> <span class='ocrx_word' id='word_1_277' title='bbox 1953 3276 2314 3327; x_wconf 78' lang='lat' dir='ltr'>Domitianum</span> <span class='ocrx_word' id='word_1_278' title='bbox 2351 3274 2605 3339; x_wconf 77' lang='lat' dir='ltr'>adeptus3</span> <span class='ocrx_word' id='word_1_279' title='bbox 2643 3274 2815 3324; x_wconf 85' lang='lat' dir='ltr'>bonus</span> <span class='ocrx_word' id='word_1_280' title='bbox 2849 3272 3053 3337; x_wconf 82' lang='lat' dir='ltr'>pessimo</span> 
     </span>
     <span class='ocr_line' id='line_1_28' title="bbox 600 3357 3056 3430; baseline -0.004 -15"><span class='ocrx_word' id='word_1_281' title='bbox 600 3367 880 3427; x_wconf 85' lang='lat' dir='ltr'>successit,</span> <span class='ocrx_word' id='word_1_282' title='bbox 926 3366 1116 3414; x_wconf 85' lang='lat' dir='ltr'>mentis</span> <span class='ocrx_word' id='word_1_283' title='bbox 1165 3364 1441 3430; x_wconf 87' lang='lat' dir='ltr'>providae,</span> <span class='ocrx_word' id='word_1_284' title='bbox 1492 3364 1727 3413; x_wconf 84' lang='lat' dir='ltr'>moribus</span> <span class='ocrx_word' id='word_1_285' title='bbox 1775 3365 1970 3428; x_wconf 74' lang='lat' dir='ltr'>gravis,</span> <span class='ocrx_word' id='word_1_286' title='bbox 2045 3362 2084 3425; x_wconf 85' lang='grc'>2)</span> <span class='ocrx_word' id='word_1_287' title='bbox 2125 3363 2198 3413; x_wconf 86' lang='lat' dir='ltr'>Ut</span> <span class='ocrx_word' id='word_1_288' title='bbox 2247 3378 2312 3411; x_wconf 83' lang='lat' dir='ltr'>ex</span> <span class='ocrx_word' id='word_1_289' title='bbox 2357 3362 2708 3410; x_wconf 82' lang='lat' dir='ltr'>vetustiorum</span> <span class='ocrx_word' id='word_1_290' title='bbox 2755 3359 2854 3409; x_wconf 86' lang='lat' dir='ltr'>fide</span> <span class='ocrx_word' id='word_1_291' title='bbox 2899 3357 3056 3408; x_wconf 80' lang='lat' dir='ltr'>retulit</span> 
     </span>
     <span class='ocr_line' id='line_1_29' title="bbox 601 3444 3054 3515; baseline -0.005 -13"><span class='ocrx_word' id='word_1_292' title='bbox 601 3454 885 3514; x_wconf 86' lang='lat' dir='ltr'>Eusebius,</span> <span class='ocrx_word' id='word_1_293' title='bbox 913 3452 1051 3501; x_wconf 88' lang='lat' dir='ltr'>Hist.</span> <span class='ocrx_word' id='word_1_294' title='bbox 1078 3452 1228 3501; x_wconf 86' lang='lat' dir='ltr'>Eccl.</span> <span class='ocrx_word' id='word_1_295' title='bbox 1248 3451 1347 3513; x_wconf 90' lang='lat'>111,</span> <span class='ocrx_word' id='word_1_296' title='bbox 1370 3454 1451 3500; x_wconf 79' lang='lat'>20.</span> <span class='ocrx_word' id='word_1_297' title='bbox 1480 3468 1529 3515; x_wconf 89' lang='lat' dir='ltr'>p.</span> <span class='ocrx_word' id='word_1_298' title='bbox 1552 3453 1634 3501; x_wconf 88' lang='grc'><strong>90.</strong></span> <span class='ocrx_word' id='word_1_299' title='bbox 1687 3450 1837 3511; x_wconf 83' lang='lat' dir='ltr'>Quae</span> <span class='ocrx_word' id='word_1_300' title='bbox 1865 3450 2077 3514; x_wconf 84' lang='lat' dir='ltr'>quidem</span> <span class='ocrx_word' id='word_1_301' title='bbox 2103 3449 2369 3499; x_wconf 83' lang='lat' dir='ltr'>habentur</span> <span class='ocrx_word' id='word_1_302' title='bbox 2394 3456 2446 3498; x_wconf 86' lang='lat' dir='ltr'>et</span> <span class='ocrx_word' id='word_1_303' title='bbox 2470 3450 2525 3496; x_wconf 90' lang='lat' dir='ltr'>in</span> <span class='ocrx_word' id='word_1_304' title='bbox 2551 3448 2702 3497; x_wconf 83' lang='lat' dir='ltr'>Actis</span> <span class='ocrx_word' id='word_1_305' title='bbox 2729 3446 2781 3496; x_wconf 87' lang='lat' dir='ltr'><strong>S.</strong></span> <span class='ocrx_word' id='word_1_306' title='bbox 2803 3444 3054 3501; x_wconf 74' lang='lat' dir='ltr'>Timothei,</span> 
     </span>
     <span class='ocr_line' id='line_1_30' title="bbox 604 3530 3055 3605; baseline -0.006 -16"><span class='ocrx_word' id='word_1_307' title='bbox 604 3546 743 3589; x_wconf 85' lang='lat' dir='ltr'>auct.</span> <span class='ocrx_word' id='word_1_308' title='bbox 771 3540 1054 3605; x_wconf 82' lang='lat' dir='ltr'>Polycrate</span> <span class='ocrx_word' id='word_1_309' title='bbox 1092 3556 1175 3605; x_wconf 89' lang='lat' dir='ltr'>ep.</span> <span class='ocrx_word' id='word_1_310' title='bbox 1202 3539 1338 3604; x_wconf 86' lang='lat' dir='ltr'>Eph.</span> <span class='ocrx_word' id='word_1_311' title='bbox 1373 3538 1515 3603; x_wconf 80' lang='lat' dir='ltr'>apud</span> <span class='ocrx_word' id='word_1_312' title='bbox 1540 3538 1678 3587; x_wconf 86' lang='lat' dir='ltr'>Boll.</span> <span class='ocrx_word' id='word_1_313' title='bbox 1704 3538 1764 3587; x_wconf 88' lang='lat' dir='ltr'><strong>A.</strong></span> <span class='ocrx_word' id='word_1_314' title='bbox 1793 3536 1846 3586; x_wconf 76' lang='lat' dir='ltr'>S.</span> <span class='ocrx_word' id='word_1_315' title='bbox 1873 3538 1997 3587; x_wconf 85' lang='lat' dir='ltr'>Jan.</span> <span class='ocrx_word' id='word_1_316' title='bbox 2024 3536 2095 3599; x_wconf 88' lang='lat'>11,</span> <span class='ocrx_word' id='word_1_317' title='bbox 2122 3538 2264 3600; x_wconf 80' lang='lat'><strong>566.;</strong></span> <span class='ocrx_word' id='word_1_318' title='bbox 2301 3538 2428 3584; x_wconf 85' lang='lat' dir='ltr'>item</span> <span class='ocrx_word' id='word_1_319' title='bbox 2465 3534 2610 3600; x_wconf 83' lang='lat' dir='ltr'>apud</span> <span class='ocrx_word' id='word_1_320' title='bbox 2645 3534 2904 3593; x_wconf 76' lang='lat' dir='ltr'>photium,</span> <span class='ocrx_word' id='word_1_321' title='bbox 2936 3530 3055 3579; x_wconf 88' lang='lat' dir='ltr'>Bibl.</span> 
     </span>
     <span class='ocr_line' id='line_1_31' title="bbox 601 3622 3055 3691; baseline -0.005 -15"><span class='ocrx_word' id='word_1_322' title='bbox 601 3627 717 3677; x_wconf 90' lang='lat' dir='ltr'>cod.</span> <span class='ocrx_word' id='word_1_323' title='bbox 752 3629 869 3676; x_wconf 77' lang='lat'><strong>254.</strong></span> <span class='ocrx_word' id='word_1_324' title='bbox 917 3644 967 3691; x_wconf 91' lang='lat' dir='ltr'>p.</span> <span class='ocrx_word' id='word_1_325' title='bbox 1010 3629 1151 3690; x_wconf 60' lang='lat'>102,</span> <span class='ocrx_word' id='word_1_326' title='bbox 1202 3642 1372 3691; x_wconf 86' lang='lat' dir='ltr'>coque</span> <span class='ocrx_word' id='word_1_327' title='bbox 1418 3626 1671 3674; x_wconf 85' lang='lat' dir='ltr'>maiorem</span> <span class='ocrx_word' id='word_1_328' title='bbox 1718 3624 1874 3674; x_wconf 84' lang='lat' dir='ltr'>fidem</span> <span class='ocrx_word' id='word_1_329' title='bbox 1921 3629 2214 3685; x_wconf 88' lang='lat' dir='ltr'>merentur,</span> <span class='ocrx_word' id='word_1_330' title='bbox 2265 3624 2392 3689; x_wconf 85' lang='lat' dir='ltr'>quia</span> <span class='ocrx_word' id='word_1_331' title='bbox 2436 3624 2551 3687; x_wconf 90' lang='lat' dir='ltr'>ipse</span> <span class='ocrx_word' id='word_1_332' title='bbox 2591 3622 2720 3683; x_wconf 85' lang='lat' dir='ltr'>Dio,</span> <span class='ocrx_word' id='word_1_333' title='bbox 2768 3637 2861 3671; x_wconf 85' lang='lat' dir='ltr'>seu</span> <span class='ocrx_word' id='word_1_334' title='bbox 2904 3636 2964 3667; x_wconf 80' lang='lat' dir='ltr'>ex</span> <span class='ocrx_word' id='word_1_335' title='bbox 3003 3632 3055 3664; x_wconf 86' lang='lat' dir='ltr'>eo</span> 
     </span>
     <span class='ocr_line' id='line_1_32' title="bbox 600 3706 3058 3779; baseline -0.004 -16"><span class='ocrx_word' id='word_1_336' title='bbox 600 3714 945 3779; x_wconf 74' lang='lat' dir='ltr'>xyphilinus,</span> <span class='ocrx_word' id='word_1_337' title='bbox 997 3715 1219 3763; x_wconf 87' lang='lat' dir='ltr'>Roman.</span> <span class='ocrx_word' id='word_1_338' title='bbox 1259 3713 1378 3763; x_wconf 84' lang='lat' dir='ltr'>hist.</span> <span class='ocrx_word' id='word_1_339' title='bbox 1416 3713 1467 3773; x_wconf 89' lang='lat'>1,</span> <span class='ocrx_word' id='word_1_340' title='bbox 1508 3714 1591 3761; x_wconf 89' lang='grc'><strong>68.</strong></span> <span class='ocrx_word' id='word_1_341' title='bbox 1643 3714 2036 3762; x_wconf 83' lang='lat' dir='ltr'>revocationem</span> <span class='ocrx_word' id='word_1_342' title='bbox 2087 3710 2502 3761; x_wconf 82' lang='lat' dir='ltr'>Christianorum</span> <span class='ocrx_word' id='word_1_343' title='bbox 2553 3726 2616 3759; x_wconf 78' lang='lat' dir='ltr'>ex</span> <span class='ocrx_word' id='word_1_344' title='bbox 2667 3708 2825 3757; x_wconf 79' lang='lat' dir='ltr'>exilio</span> <span class='ocrx_word' id='word_1_345' title='bbox 2873 3706 3058 3755; x_wconf 66' lang='lat' dir='ltr'>Nervae</span> 
     </span>
     <span class='ocr_line' id='line_1_33' title="bbox 600 3794 3058 3865; baseline -0.004 -15"><span class='ocrx_word' id='word_1_346' title='bbox 600 3801 869 3852; x_wconf 84' lang='lat' dir='ltr'>adscribit.</span> <span class='ocrx_word' id='word_1_347' title='bbox 922 3800 1001 3849; x_wconf 87' lang='lat' dir='ltr'>Cf.</span> <span class='ocrx_word' id='word_1_348' title='bbox 1039 3818 1083 3849; x_wconf 83' lang='lat' dir='ltr'>e.</span> <span class='ocrx_word' id='word_1_349' title='bbox 1118 3800 1451 3861; x_wconf 72' lang='lat' dir='ltr'>Lactantius,</span> <span class='ocrx_word' id='word_1_350' title='bbox 1490 3800 1555 3849; x_wconf 89' lang='lat' dir='ltr'>dc</span> <span class='ocrx_word' id='word_1_351' title='bbox 1592 3805 1744 3849; x_wconf 88' lang='lat' dir='ltr'>mort.</span> <span class='ocrx_word' id='word_1_352' title='bbox 1776 3815 1977 3865; x_wconf 78' lang='lat' dir='ltr'>per-sec.</span> <span class='ocrx_word' id='word_1_353' title='bbox 2014 3815 2060 3848; x_wconf 93' lang='lat' dir='ltr'>c.</span> <span class='ocrx_word' id='word_1_354' title='bbox 2095 3802 2144 3849; x_wconf 86' lang='lat'>3.</span> <span class='ocrx_word' id='word_1_355' title='bbox 2173 3797 2253 3848; x_wconf 88' lang='lat' dir='ltr'>ed.</span> <span class='ocrx_word' id='word_1_356' title='bbox 2280 3798 2489 3846; x_wconf 83' lang='lat' dir='ltr'>Baluzii</span> <span class='ocrx_word' id='word_1_357' title='bbox 2525 3814 2576 3862; x_wconf 89' lang='lat' dir='ltr'>p.</span> <span class='ocrx_word' id='word_1_358' title='bbox 2604 3799 2688 3845; x_wconf 83' lang='lat'>53.</span> <span class='ocrx_word' id='word_1_359' title='bbox 2763 3796 2802 3857; x_wconf 77' lang='lat'>³)</span> <span class='ocrx_word' id='word_1_360' title='bbox 2842 3794 2920 3842; x_wconf 89' lang='lat' dir='ltr'>Ob</span> <span class='ocrx_word' id='word_1_361' title='bbox 2957 3806 3058 3856; x_wconf 83' lang='lat' dir='ltr'>pro-</span> 
     </span>
     <span class='ocr_line' id='line_1_34' title="bbox 598 3878 3058 3950; baseline -0.004 -15"><span class='ocrx_word' id='word_1_362' title='bbox 598 3889 909 3939; x_wconf 85' lang='lat' dir='ltr'>missionum</span> <span class='ocrx_word' id='word_1_363' title='bbox 947 3888 1141 3938; x_wconf 84' lang='lat' dir='ltr'>Christi</span> <span class='ocrx_word' id='word_1_364' title='bbox 1180 3888 1471 3945; x_wconf 75' lang='lat' dir='ltr'>veritatem,</span> <span class='ocrx_word' id='word_1_365' title='bbox 1512 3893 1565 3935; x_wconf 90' lang='lat' dir='ltr'>et</span> <span class='ocrx_word' id='word_1_366' title='bbox 1590 3888 1800 3935; x_wconf 86' lang='lat' dir='ltr'>testium</span> <span class='ocrx_word' id='word_1_367' title='bbox 1826 3884 1929 3935; x_wconf 85' lang='lat' dir='ltr'>fide</span> <span class='ocrx_word' id='word_1_368' title='bbox 1957 3886 2230 3950; x_wconf 80' lang='lat' dir='ltr'>dignorum</span> <span class='ocrx_word' id='word_1_369' title='bbox 2259 3884 2586 3933; x_wconf 83' lang='lat' dir='ltr'>relationem.</span> <span class='ocrx_word' id='word_1_370' title='bbox 2649 3884 2690 3946; x_wconf 75' lang='lat'>⁴)</span> <span class='ocrx_word' id='word_1_371' title='bbox 2732 3880 2811 3931; x_wconf 84' lang='lat' dir='ltr'>Cf.</span> <span class='ocrx_word' id='word_1_372' title='bbox 2844 3878 3058 3935; x_wconf 78' lang='lat' dir='ltr'>Eusebii‚</span> 
     </span>
     <span class='ocr_line' id='line_1_35' title="bbox 598 3964 3056 4039; baseline -0.004 -16"><span class='ocrx_word' id='word_1_373' title='bbox 598 3975 736 4023; x_wconf 88' lang='lat' dir='ltr'>Hist.</span> <span class='ocrx_word' id='word_1_374' title='bbox 762 3974 911 4023; x_wconf 87' lang='lat' dir='ltr'>Eccl.</span> <span class='ocrx_word' id='word_1_375' title='bbox 938 3976 1000 4037; x_wconf 88' lang='lat' dir='ltr'>V,</span> <span class='ocrx_word' id='word_1_376' title='bbox 1031 3977 1110 4024; x_wconf 88' lang='grc'><strong>18.</strong></span> <span class='ocrx_word' id='word_1_377' title='bbox 1150 3992 1199 4039; x_wconf 87' lang='lat' dir='ltr'>p.</span> <span class='ocrx_word' id='word_1_378' title='bbox 1232 3976 1344 4024; x_wconf 88' lang='grc'><strong>186.</strong></span> <span class='ocrx_word' id='word_1_379' title='bbox 1394 3973 1448 4023; x_wconf 78' lang='lat' dir='ltr'>S.</span> <span class='ocrx_word' id='word_1_380' title='bbox 1476 3973 1658 4037; x_wconf 82' lang='lat' dir='ltr'>Cyrilli</span> <span class='ocrx_word' id='word_1_381' title='bbox 1684 3973 1851 4033; x_wconf 66' lang='lat' dir='ltr'>Alex„</span> <span class='ocrx_word' id='word_1_382' title='bbox 1891 3977 2078 4021; x_wconf 84' lang='lat' dir='ltr'>contra</span> <span class='ocrx_word' id='word_1_383' title='bbox 2100 3972 2375 4021; x_wconf 70' lang='lat' dir='ltr'>sulianum</span> <span class='ocrx_word' id='word_1_384' title='bbox 2409 3970 2526 4020; x_wconf 91' lang='lat' dir='ltr'>libr.</span> <span class='ocrx_word' id='word_1_385' title='bbox 2553 3970 2645 4017; x_wconf 82' lang='lat' dir='ltr'>VI.</span> <span class='ocrx_word' id='word_1_386' title='bbox 2675 3968 2758 4019; x_wconf 90' lang='lat' dir='ltr'>ed.</span> <span class='ocrx_word' id='word_1_387' title='bbox 2785 3969 2952 4032; x_wconf 83' lang='lat' dir='ltr'>Migne</span> <span class='ocrx_word' id='word_1_388' title='bbox 2978 3964 3056 4023; x_wconf 83' lang='lat' dir='ltr'>IX,</span> 
     </span>
     <span class='ocr_line' id='line_1_36' title="bbox 599 4052 3054 4127; baseline -0.006 -16"><span class='ocrx_word' id='word_1_389' title='bbox 599 4064 717 4111; x_wconf 87' lang='grc'><strong>809.</strong></span> <span class='ocrx_word' id='word_1_390' title='bbox 780 4060 819 4127; x_wconf 76' lang='lat'>⁵)</span> <span class='ocrx_word' id='word_1_391' title='bbox 856 4063 1056 4111; x_wconf 86' lang='lat' dir='ltr'>Eorum</span> <span class='ocrx_word' id='word_1_392' title='bbox 1084 4063 1173 4127; x_wconf 88' lang='lat' dir='ltr'>qui</span> <span class='ocrx_word' id='word_1_393' title='bbox 1212 4062 1261 4110; x_wconf 93' lang='lat' dir='ltr'><strong>d.</strong></span> <span class='ocrx_word' id='word_1_394' title='bbox 1288 4061 1551 4111; x_wconf 84' lang='lat' dir='ltr'>Joannem</span> <span class='ocrx_word' id='word_1_395' title='bbox 1590 4061 1802 4109; x_wconf 88' lang='lat' dir='ltr'>minime</span> <span class='ocrx_word' id='word_1_396' title='bbox 1829 4060 2026 4109; x_wconf 84' lang='lat' dir='ltr'>obiisse</span> <span class='ocrx_word' id='word_1_397' title='bbox 2057 4058 2358 4120; x_wconf 87' lang='lat' dir='ltr'>tuebantur,</span> <span class='ocrx_word' id='word_1_398' title='bbox 2399 4058 2700 4123; x_wconf 86' lang='lat' dir='ltr'>opinionem</span> <span class='ocrx_word' id='word_1_399' title='bbox 2737 4054 2928 4120; x_wconf 87' lang='lat' dir='ltr'>pridem</span> <span class='ocrx_word' id='word_1_400' title='bbox 2963 4052 3054 4099; x_wconf 83' lang='lat' dir='ltr'>iam</span> 
     </span>
     <span class='ocr_line' id='line_1_37' title="bbox 599 4140 3050 4214; baseline -0.006 -16"><span class='ocrx_word' id='word_1_401' title='bbox 599 4149 943 4211; x_wconf 79' lang='lat' dir='ltr'>confutatam,</span> <span class='ocrx_word' id='word_1_402' title='bbox 968 4150 1333 4214; x_wconf 84' lang='lat' dir='ltr'>praeterimus.</span> <span class='ocrx_word' id='word_1_403' title='bbox 1368 4148 1429 4197; x_wconf 91' lang='lat' dir='ltr'>L.</span> <span class='ocrx_word' id='word_1_404' title='bbox 1460 4146 1765 4208; x_wconf 73' lang='lat' dir='ltr'>Saccarelli,</span> <span class='ocrx_word' id='word_1_405' title='bbox 1803 4147 2002 4196; x_wconf 85' lang='lat' dir='ltr'>Histor.</span> <span class='ocrx_word' id='word_1_406' title='bbox 2031 4144 2241 4195; x_wconf 87' lang='lat' dir='ltr'>Eccles.</span> <span class='ocrx_word' id='word_1_407' title='bbox 2267 4145 2336 4207; x_wconf 89' lang='lat'>11,</span> <span class='ocrx_word' id='word_1_408' title='bbox 2365 4147 2481 4195; x_wconf 78' lang='lat'><strong>269.</strong></span> <span class='ocrx_word' id='word_1_409' title='bbox 2509 4160 2552 4194; x_wconf 86' lang='lat' dir='ltr'>s.</span> <span class='ocrx_word' id='word_1_410' title='bbox 2603 4144 2644 4209; x_wconf 65' lang='grc' dir='ltr'>ὅ)</span> <span class='ocrx_word' id='word_1_411' title='bbox 2671 4144 2870 4193; x_wconf 88' lang='lat' dir='ltr'>Locum</span> <span class='ocrx_word' id='word_1_412' title='bbox 2895 4140 3050 4189; x_wconf 83' lang='lat' dir='ltr'>obitus</span> 
     </span>
     <span class='ocr_line' id='line_1_38' title="bbox 599 4226 3041 4301; baseline -0.003 -18"><span class='ocrx_word' id='word_1_413' title='bbox 599 4235 649 4285; x_wconf 90' lang='lat' dir='ltr'>d.</span> <span class='ocrx_word' id='word_1_414' title='bbox 683 4236 911 4287; x_wconf 86' lang='lat' dir='ltr'>Joannis</span> <span class='ocrx_word' id='word_1_415' title='bbox 958 4236 1228 4301; x_wconf 85' lang='lat' dir='ltr'>Ephesum</span> <span class='ocrx_word' id='word_1_416' title='bbox 1272 4236 1435 4285; x_wconf 86' lang='lat' dir='ltr'>fuisse</span> <span class='ocrx_word' id='word_1_417' title='bbox 1472 4240 1656 4284; x_wconf 83' lang='lat' dir='ltr'>narrat</span> <span class='ocrx_word' id='word_1_418' title='bbox 1701 4234 1848 4283; x_wconf 86' lang='lat' dir='ltr'>testis</span> <span class='ocrx_word' id='word_1_419' title='bbox 1899 4233 2039 4282; x_wconf 87' lang='lat' dir='ltr'>omni</span> <span class='ocrx_word' id='word_1_420' title='bbox 2089 4233 2400 4297; x_wconf 83' lang='lat' dir='ltr'>exceptione</span> <span class='ocrx_word' id='word_1_421' title='bbox 2445 4233 2616 4281; x_wconf 78' lang='lat' dir='ltr'>maior</span> <span class='ocrx_word' id='word_1_422' title='bbox 2650 4230 2966 4295; x_wconf 70' lang='lat' dir='ltr'>Polycrates,</span> <span class='ocrx_word' id='word_1_423' title='bbox 2999 4226 3041 4271; x_wconf 83' lang='lat' dir='ltr'>in</span> 
     </span>
     <span class='ocr_line' id='line_1_39' title="bbox 602 4318 3038 4388; baseline -0.002 -17"><span class='ocrx_word' id='word_1_424' title='bbox 602 4338 683 4388; x_wconf 88' lang='lat' dir='ltr'>ep.</span> <span class='ocrx_word' id='word_1_425' title='bbox 712 4322 779 4371; x_wconf 87' lang='lat' dir='ltr'>ad</span> <span class='ocrx_word' id='word_1_426' title='bbox 808 4324 1071 4372; x_wconf 82' lang='lat' dir='ltr'>Victorem</span> <span class='ocrx_word' id='word_1_427' title='bbox 1098 4337 1389 4372; x_wconf 80' lang='lat' dir='ltr'>romanum.</span> <span class='ocrx_word' id='word_1_428' title='bbox 1416 4337 1501 4387; x_wconf 86' lang='lat' dir='ltr'>ap.</span> <span class='ocrx_word' id='word_1_429' title='bbox 1527 4321 1819 4370; x_wconf 79' lang='lat' dir='ltr'>Eusebium</span> <span class='ocrx_word' id='word_1_430' title='bbox 1849 4321 1914 4369; x_wconf 90' lang='lat' dir='ltr'>H.</span> <span class='ocrx_word' id='word_1_431' title='bbox 1943 4320 2009 4369; x_wconf 85' lang='grc' dir='ltr'><strong>Ε.</strong></span> <span class='ocrx_word' id='word_1_432' title='bbox 2031 4319 2129 4381; x_wconf 93' lang='lat'>111,</span> <span class='ocrx_word' id='word_1_433' title='bbox 2151 4322 2236 4369; x_wconf 89' lang='lat'>31.</span> <span class='ocrx_word' id='word_1_434' title='bbox 2263 4336 2314 4384; x_wconf 87' lang='lat' dir='ltr'>p.</span> <span class='ocrx_word' id='word_1_435' title='bbox 2339 4321 2454 4369; x_wconf 82' lang='lat'><strong>102.</strong></span> <span class='ocrx_word' id='word_1_436' title='bbox 2490 4318 2623 4367; x_wconf 87' lang='lat' dir='ltr'>Inde</span> <span class='ocrx_word' id='word_1_437' title='bbox 2647 4334 2688 4367; x_wconf 86' lang='lat' dir='ltr'>s.</span> <span class='ocrx_word' id='word_1_438' title='bbox 2713 4318 3038 4376; x_wconf 68' lang='lat' dir='ltr'>Hieronymus.</span> 
     </span>
     <span class='ocr_line' id='line_1_40' title="bbox 600 4402 3034 4474; baseline -0.006 -18"><span class='ocrx_word' id='word_1_439' title='bbox 600 4408 633 4457; x_wconf 92' lang='lat'>1.</span> <span class='ocrx_word' id='word_1_440' title='bbox 662 4426 705 4459; x_wconf 90' lang='lat' dir='ltr'>c.</span> <span class='ocrx_word' id='word_1_441' title='bbox 744 4410 809 4459; x_wconf 86' lang='lat' dir='ltr'>de</span> <span class='ocrx_word' id='word_1_442' title='bbox 840 4412 935 4459; x_wconf 83' lang='lat' dir='ltr'>vir.</span> <span class='ocrx_word' id='word_1_443' title='bbox 962 4409 1039 4459; x_wconf 91' lang='lat' dir='ltr'>ill.</span> <span class='ocrx_word' id='word_1_444' title='bbox 1071 4426 1121 4474; x_wconf 90' lang='lat' dir='ltr'>p.</span> <span class='ocrx_word' id='word_1_445' title='bbox 1148 4412 1231 4459; x_wconf 82' lang='lat'>57.</span> <span class='ocrx_word' id='word_1_446' title='bbox 1270 4414 1323 4458; x_wconf 85' lang='lat' dir='ltr'>et</span> <span class='ocrx_word' id='word_1_447' title='bbox 1348 4408 1548 4474; x_wconf 81' lang='lat' dir='ltr'>Ephesi</span> <span class='ocrx_word' id='word_1_448' title='bbox 1584 4412 1866 4469; x_wconf 89' lang='lat' dir='ltr'>mortuum,</span> <span class='ocrx_word' id='word_1_449' title='bbox 1907 4412 1961 4455; x_wconf 87' lang='lat' dir='ltr'>et</span> <span class='ocrx_word' id='word_1_450' title='bbox 1994 4408 2145 4455; x_wconf 79' lang='lat' dir='ltr'>iuxta</span> <span class='ocrx_word' id='word_1_451' title='bbox 2180 4406 2402 4456; x_wconf 86' lang='lat' dir='ltr'>eandem</span> <span class='ocrx_word' id='word_1_452' title='bbox 2441 4406 2625 4455; x_wconf 87' lang='lat' dir='ltr'>urbem</span> <span class='ocrx_word' id='word_1_453' title='bbox 2662 4402 2904 4468; x_wconf 84' lang='lat' dir='ltr'>sepultum</span> <span class='ocrx_word' id='word_1_454' title='bbox 2937 4410 3034 4445; x_wconf 77' lang='lat' dir='ltr'>esse</span> 
     </span>
     <span class='ocr_line' id='line_1_41' title="bbox 600 4483 3028 4561; baseline -0.005 -17"><span class='ocrx_word' id='word_1_455' title='bbox 600 4495 841 4545; x_wconf 79' lang='lat' dir='ltr'>affirmat.</span> <span class='ocrx_word' id='word_1_456' title='bbox 916 4497 957 4561; x_wconf 85' lang='lat'>⁷)</span> <span class='ocrx_word' id='word_1_457' title='bbox 997 4496 1075 4547; x_wconf 84' lang='lat' dir='ltr'>cf.</span> <span class='ocrx_word' id='word_1_458' title='bbox 1116 4496 1173 4546; x_wconf 89' lang='lat' dir='ltr'>C.</span> <span class='ocrx_word' id='word_1_459' title='bbox 1208 4496 1443 4557; x_wconf 77' lang='lat' dir='ltr'>Bai-onii,</span> <span class='ocrx_word' id='word_1_460' title='bbox 1484 4502 1591 4545; x_wconf 87' lang='lat' dir='ltr'>not.</span> <span class='ocrx_word' id='word_1_461' title='bbox 1631 4496 1702 4545; x_wconf 81' lang='lat' dir='ltr'>ad</span> <span class='ocrx_word' id='word_1_462' title='bbox 1737 4494 1874 4543; x_wconf 86' lang='lat' dir='ltr'>diem</span> <span class='ocrx_word' id='word_1_463' title='bbox 1913 4496 1994 4543; x_wconf 76' lang='lat'>27.</span> <span class='ocrx_word' id='word_1_464' title='bbox 2034 4495 2165 4543; x_wconf 85' lang='lat' dir='ltr'>Dee.</span> <span class='ocrx_word' id='word_1_465' title='bbox 2202 4494 2418 4557; x_wconf 84' lang='lat' dir='ltr'>Martyr.</span> <span class='ocrx_word' id='word_1_466' title='bbox 2451 4508 2586 4541; x_wconf 87' lang='lat' dir='ltr'>rom.</span> <span class='ocrx_word' id='word_1_467' title='bbox 2617 4490 2697 4541; x_wconf 90' lang='lat' dir='ltr'>ed.</span> <span class='ocrx_word' id='word_1_468' title='bbox 2721 4490 2842 4537; x_wconf 75' lang='lat' dir='ltr'>Ven.</span> <span class='ocrx_word' id='word_1_469' title='bbox 2867 4503 2908 4549; x_wconf 83' lang='lat' dir='ltr'>p.</span> <span class='ocrx_word' id='word_1_470' title='bbox 2931 4483 3028 4529; x_wconf 74' lang='lat'>629-</span> 
     </span>
     <span class='ocr_line' id='line_1_42' title="bbox 600 4581 2255 4649; baseline -0.002 -18"><span class='ocrx_word' id='word_1_471' title='bbox 600 4581 642 4646; x_wconf 80' lang='lat'>8)</span> <span class='ocrx_word' id='word_1_472' title='bbox 682 4582 755 4631; x_wconf 88' lang='lat' dir='ltr'>Ut</span> <span class='ocrx_word' id='word_1_473' title='bbox 790 4583 1041 4633; x_wconf 77' lang='lat' dir='ltr'>observat</span> <span class='ocrx_word' id='word_1_474' title='bbox 1078 4582 1128 4632; x_wconf 79' lang='lat' dir='ltr'>S.</span> <span class='ocrx_word' id='word_1_475' title='bbox 1154 4582 1509 4649; x_wconf 83' lang='lat' dir='ltr'>Epiphanius,</span> <span class='ocrx_word' id='word_1_476' title='bbox 1548 4582 1692 4632; x_wconf 85' lang='lat' dir='ltr'>haer.</span> <span class='ocrx_word' id='word_1_477' title='bbox 1721 4582 1910 4641; x_wconf 82' lang='lat' dir='ltr'>LXVI,</span> <span class='ocrx_word' id='word_1_478' title='bbox 1947 4584 2025 4630; x_wconf 82' lang='lat'><strong>19.</strong></span> <span class='ocrx_word' id='word_1_479' title='bbox 2060 4598 2108 4646; x_wconf 93' lang='lat' dir='ltr'>p.</span> <span class='ocrx_word' id='word_1_480' title='bbox 2137 4582 2255 4631; x_wconf 83' lang='grc'><strong>636.</strong></span> 
     </span>
    </p>
   </div>
  </div>
 </body>
</html>
