3267 5259
1178 442 1270 483 ner
1295 442 1420 484 rann
1447 440 1588 483 mnus
1614 440 1810 483 tortium.
2608 426 2736 491 377

241 625 528 701 Ephesios
556 624 632 682 ad
659 624 978 682 Ecclesiam
1007 624 1320 697 regendam
1349 622 1556 681 relicto
1570 666 1584 693 ‚
1631 622 1835 680 statim
1876 622 2165 696 digremus
2195 625 2283 678 est
2312 619 2732 678 Macedoniam.

243 728 408 786 Hinc
443 730 750 805 primam
795 728 878 785 ad
923 726 1412 798 Timotheum,
1461 727 1669 785 divina
1705 726 2035 783 eruditione
2072 724 2366 795 refertam,
2408 724 2573 781 misit
2610 724 2735 799 epi-

241 832 479 901 stolam3
527 850 766 908 sperans
806 850 866 888 se
909 833 1026 890 cito
1071 832 1145 889 ad
1190 850 1324 889 eum
1367 832 1667 906 Ephesum
1711 831 2061 889 rediturum.
2132 829 2553 887 Verumtamen
2597 828 2737 885 lieet

241 955 460 1011 magna
481 935 576 993 illi
599 940 826 1011 pateret
853 940 1024 1011 porta
1043 934 1356 1009 Evangelii
1381 968 1468 977 —
1487 936 1630 1014 quia
1658 935 1863 993 Titum
1890 954 2064 1013 quem
2093 935 2167 992 ad
2196 938 2415 991 statum
2438 932 2733 990 Ecclesiae

241 1040 660 1099 Corinthiacae
700 1040 1156 1114 cognoscendum
1195 1040 1605 1115 praemiserat,
1654 1040 1785 1097 illic
1828 1057 1945 1097 non
1990 1038 2211 1114 reperit
2240 1070 2325 1079 -
2356 1041 2633 1112 properat
2670 1036 2735 1093 in

241 1146 572 1203 Graeciam.
609 1148 802 1223 Atque
825 1145 908 1202 ibi
926 1144 1180 1201 Paulum
1203 1146 1468 1218 graviter
1488 1146 1562 1202 ab
1585 1144 1851 1202 hostibus
1874 1141 2165 1201 Ecclesiae
2186 1141 2480 1199 afflictum
2503 1160 2731 1199 recrea·-

242 1250 340 1307 vit
361 1249 486 1307 Titi
510 1250 814 1318 adventus,
847 1248 950 1327 qui
983 1247 1424 1306 Corinthiorum
1453 1248 1880 1324 poenitentiam
1910 1246 2004 1305 illi
2036 1246 2364 1305 nunciavit.
2412 1245 2733 1303 Certiorem

241 1356 428 1411 etiam
457 1354 598 1413 fecit
625 1352 799 1411 illum
827 1352 900 1409 de
929 1358 1132 1429 pacata
1175 1352 1544 1411 Ecclesiae
1589 1354 1805 1411 istius
1850 1352 2220 1421 dissensione,
2276 1351 2462 1428 deque
2492 1349 2735 1408 collecta

243 1476 356 1533 pro
409 1456 680 1515 fidelibus
730 1456 1061 1515 Palestinae
1114 1456 1480 1534 eleemosyna
1504 1455 1542 1515 ¹.
1605 1458 1719 1515 His
1770 1456 2086 1515 intellectis
2128 1454 2609 1531 posteriorem
2654 1454 2737 1511 ad

242 1561 670 1621 Corinthios
743 1561 1016 1620 exaravit
1081 1560 1466 1636 epistolam
1486 1557 1532 1619 ².
1601 1561 1863 1640 Cumque
1914 1582 1951 1619 a
2003 1560 2417 1618 Macedonibus
2470 1558 2739 1617 collectas

241 1666 574 1741 recepisset,
629 1665 832 1724 Titum
879 1686 1084 1723 rursus
1127 1665 1318 1723 mittit
1361 1665 1713 1725 Corinthum
1732 1665 1784 1736 33
1831 1672 1901 1724 ut·
1952 1664 2395 1723 Corinthiorum
2445 1662 2738 1741 symbolas

243 1774 482 1829 curaret
511 1769 574 1827 in
593 1770 926 1841 ‚adventum
956 1789 1128 1827 suum
1161 1776 1409 1845 paratas.
1457 1770 1715 1827 Interim
1760 1769 1935 1845 paulo
1981 1774 2109 1844 post
2152 1769 2490 1825 subsecutus
2509 1813 2523 1838 ,
2570 1766 2739 1824 venit

243 1874 308 1931 in
343 1872 680 1945 Graeciam,
737 1874 935 1953 ibique
987 1874 1108 1948 egit
1157 1875 1485 1943 trimestre3
1533 1876 1697 1931 intra
1746 1873 1897 1951 quod
1952 1871 2301 1930 Corinthum
2353 1891 2413 1927 se
2465 1869 2734 1940 contulit,

241 1978 446 2035 datam
493 1997 560 2035 ea
608 1979 680 2035 de
709 1998 772 2035 re
802 1977 977 2035 fidem
1007 1977 1366 2036 liberaturus
1386 1975 1428 2035 ⁴.
1476 1979 1686 2037 Paucis
1734 1982 2048 2057 antequam
2094 1975 2377 2033 Corintho
2420 1974 2739 2032 discederet

242 2082 454 2140 diebus
496 2101 735 2141 auream
794 2082 875 2140 ad
931 2082 1285 2140 Romanos
1341 2083 1647 2159 scripsit
1690 2082 2112 2158 epistolam,
2179 2086 2354 2158 atque
2407 2078 2575 2137 illam
2633 2098 2739 2155 per

241 2186 522 2244 Phoeben
573 2186 844 2245 Corinthi
899 2186 1282 2245 diaconissam
1335 2188 1665 2245 transmisit
1683 2185 1726 2245 ⁵.
1792 2186 2031 2264 Syriam
2082 2184 2371 2261 proficisci
2424 2184 2736 2241 meditanti

238 2290 278 2348 J
279 2290 455 2347 udaei
486 2290 793 2360 obstitere;
840 2310 1090 2368 quorum
1133 2291 1366 2349 insidiis
1399 2297 1638 2367 propter
1672 2291 2001 2349 doctrinam
2030 2291 2105 2347 ab
2134 2290 2260 2365 ipso
2290 2287 2729 2357 annunciatum,

242 2400 484 2452 tantum
528 2413 645 2452 non
676 2414 994 2471 oppressus,
1043 2396 1158 2453 iter
1201 2394 1268 2453 in
1312 2395 1716 2454 Macedoniam
1768 2394 2069 2453 reflectere
2116 2395 2364 2468 cogitur.
2411 2392 2735 2450 Constituit

243 2497 518 2575 Nicopoli
536 2496 562 2535 ⁶
589 2499 888 2575 hyemare,
922 2517 1037 2577 quo
1067 2500 1220 2556 datis
1246 2500 1326 2557 ad
1358 2499 1594 2557 Titum
1625 2498 1903 2569 literis,
1940 2518 2071 2557 eum
2097 2498 2169 2555 ad
2198 2517 2259 2555 se
2280 2496 2484 2555 venire
2506 2497 2670 2554 iubet
2694 2492 2735 2553 ⁷.

241 2602 402 2661 Tum
431 2602 762 2678 praemissis
785 2600 808 2639 ⁸
836 2603 968 2663 viae
997 2604 1166 2661 sociis
1195 2603 1518 2680 Philippos,
1553 2610 1622 2662 ut
1651 2603 1863 2679 ipsum,
1898 2623 2071 2681 quem
2101 2602 2289 2660 Lucas
2319 2600 2727 2671 comitabatur,

463 2808 500 2871 ¹)
535 2806 609 2857 11.
648 2806 770 2857 Cor.
807 2809 862 2872 7,
897 2810 944 2857 5.
986 2808 1066 2857 13.
1104 2810 1182 2859 16.
1257 2808 1300 2873 ²)
1346 2808 1414 2857 11.
1454 2808 1576 2859 Cor.
1616 2812 1673 2871 1,
1714 2812 1760 2859 1.
1836 2806 1879 2874 ⁸)
1918 2808 2147 2874 Unaque
2183 2822 2303 2857 cum
2341 2822 2405 2857 eo
2444 2804 2735 2855 Silvanum.

241 2896 288 2959 ⁴)
329 2894 373 2943 1.
411 2892 531 2943 Cor.
569 2896 660 2958 16,
697 2896 746 2944 5.
773 2896 820 2945 6.
895 2894 938 2959 ³)
990 2894 1126 2945 Coll.
1162 2895 1315 2945 Rom.
1349 2898 1438 2958 15,
1477 2898 1560 2945 25.
1596 2898 1680 2946 26.
1720 2898 1809 2959 16,
1848 2899 1893 2946 1.
1929 2898 1978 2944 2.
2014 2898 2097 2944 21.
2130 2896 2211 2944 23.
2286 2894 2327 2958 θ)
2374 2892 2565 2943 Plures
2612 2896 2739 2942 sunt

239 2981 406 3030 huius
459 2981 687 3031 nominis
743 2980 1004 3031 Graeciae
1056 2982 1247 3043 urbes,
1301 2996 1525 3048 quarum
1580 2998 1682 3032 nec
1736 2984 1899 3043 situs,
1954 2998 2055 3031 nec
2108 2982 2253 3031 fama
2297 2982 2589 3047 ignoratur.
2672 2980 2736 3029 ln

241 3067 640 3133 subscriptione
689 3083 774 3133 ep.
823 3068 892 3117 ad
939 3069 1043 3118 Tit.
1099 3063 1229 3131 „aab
1277 3064 1586 3127 Νικοπόλεως
1641 3071 1727 3133 τῆς
1775 3065 2109 3127 Μακεδονίας·
2165 3068 2373 3135 leg-itur.
2444 3068 2565 3117 Non
2620 3082 2739 3117 esse

239 3154 580 3205 innitendum
620 3153 768 3205 hisce
811 3155 1308 3221 subscriptionibus,
1353 3156 1556 3223 pridem
1603 3157 1711 3205 iam
1754 3162 2075 3207 monuerunt
2117 3155 2325 3205 eruditi.
2386 3153 2467 3204 Cf.
2511 3153 2737 3216 Hutber,

241 3240 390 3291 Einl.
425 3241 482 3290 in
515 3240 605 3291 die
637 3240 967 3303 Pastoralbr,
1001 3244 1055 3290 in
1091 3242 1276 3307 Meyer
1313 3242 1392 3293 kr.
1429 3258 1578 3309 exeg.
1615 3243 1833 3293 Handb.
1869 3242 2012 3293 Gott.
2051 3244 2201 3293 1859.
2236 3259 2287 3307 p.
2326 3244 2411 3291 31.
2438 3230 2501 3289 'et
2535 3240 2736 3289 Comm.

241 3346 298 3394 p.
337 3328 456 3377 305.
507 3326 560 3376 S.
595 3326 970 3393 Hieronymus,
1009 3329 1175 3393 praef.
1221 3330 1277 3378 in
1313 3345 1396 3394 ep.
1435 3329 1504 3379 ad
1539 3330 1645 3379 Tit.
1684 3334 1909 3380 annotat
1940 3346 1991 3396 p.
2026 3330 2145 3379 686.
2209 3328 2439 3389 „Scribit
2472 3328 2634 3393 igitur
2670 3326 2737 3375 de

243 3413 514 3479 Nicopoli,
553 3428 694 3479 quae
728 3414 786 3463 in
820 3415 1042 3465 Actiaco
1077 3414 1235 3465 litore
1271 3416 1422 3465 sita.“
1473 3416 1536 3465 In
1577 3414 1778 3465 Comm.
1817 3421 1997 3467 autem
2022 3418 2070 3477 3,
2102 3416 2182 3465 12.
2210 3414 2387 3465 addit:
2428 3414 2735 3479 „Nicopolis

243 3502 370 3566 ipsa
405 3505 510 3562 est,
565 3514 706 3566 quae
744 3500 812 3550 ob
847 3501 1125 3552 victoriam
1160 3502 1414 3568 Augusti,
1467 3502 1610 3568 quod
1656 3502 1730 3552 ibi
1766 3503 2057 3553 Antonium
2093 3502 2542 3568 cleopatramque
2579 3516 2734 3566 supe-

240 3587 394 3649 rarit,
429 3602 623 3637 nomen
661 3587 918 3653 accepit.“
957 3605 1010 3655 p.
1037 3590 1154 3639 758.
1214 3589 1334 3640 Hoc
1369 3589 1643 3655 Augustae
1681 3590 1939 3640 victoriae
1974 3591 2355 3640 monimentum
2391 3590 2447 3639 in
2499 3594 2737 3640 extrema

239 3663 417 3739 Epiro
452 3674 610 3723 situm
648 3678 788 3735 erat,
833 3674 926 3724 nbi
973 3690 1116 3725 nunc
1153 3676 1406 3727 Prevesa.
1468 3676 1617 3743 Opus
1656 3690 1691 3725 a
1726 3678 1895 3741 primo
1933 3684 2053 3727 ortu
2097 3676 2541 3741 splendidissimis
2578 3690 2733 3725 orna·

239 3761 438 3811 mentis
475 3764 688 3810 auctum
727 3768 782 3811 et
816 3761 1244 3813 condecoratam.
1305 3763 1376 3812 At
1409 3762 1608 3828 Epirus
1646 3778 1709 3813 ex
1747 3762 2108 3813 Romanorum
2162 3763 2422 3813 divisione
2472 3762 2735 3813 Graeciae

241 3848 320 3898 ad
356 3847 610 3897 Achaiam
650 3848 945 3914 spectabat.
1007 3848 1144 3899 Sunt
1192 3850 1352 3899 etiam
1389 3848 1582 3901 Graeci
1619 3850 1741 3899 libri
1778 3866 1901 3901 mss.
1940 3850 2135 3915 quibus
2170 3849 2536 3900 tantummodo
2572 3848 2734 3898 tradi-

238 3942 358 3984 tum
399 3929 617 4002 ,,ἒγρῶφη
657 3928 748 3983 ἀπὸ
784 3930 1148 3997 Ναοπόλεως“·,
1198 3937 1389 3986 ceteris
1439 3937 1686 3987 omnibus
1722 3937 1966 3998 resectis3
2028 3950 2205 4002 neque
2252 3934 2417 4001 Syrus
2462 3940 2517 3985 et
2560 3934 2734 3985 Arabs

239 4021 395 4071 aliud
427 4021 688 4087 legerunt.
749 4022 997 4089 Nicopoli
1026 4023 1298 4088 proximus
1335 4028 1418 4073 est
1449 4028 1639 4089 portus
1676 4018 1919 4091 Κόμαρον,
1957 4023 2101 4073 unde
2136 4023 2208 4073 ad
2244 4024 2515 4089 regionem
2552 4021 2732 4071 litora-

237 4110 350 4159 lem
399 4109 560 4158 maris
606 4107 864 4159 Adriatici
901 4109 934 4158 i.
973 4122 1020 4159 e.
1057 4108 1330 4174 Illyricum
1377 4110 1498 4159 coll.
1545 4110 1697 4160 Rom.
1739 4113 1820 4171 15,
1858 4112 1939 4161 19.
1986 4110 2241 4175 navigare
2287 4110 2551 4175 potuisset
2593 4109 2733 4175 Apo-

239 4195 432 4247 stolus.
471 4194 650 4245 Huius
684 4196 888 4247 itineris
922 4196 1132 4247 interim
1169 4200 1380 4262 tempus
1416 4211 1523 4247 non
1563 4196 1865 4259 definimus,
1910 4195 2183 4262 Nicopolis
2221 4195 2398 4247 locum
2436 4195 2735 4246 ostendisse

240 4282 501 4333 contenti.
541 4280 622 4331 Cf.
650 4281 957 4345 cellarium,
997 4282 1190 4349 Geogr.
1217 4284 1380 4349 antiq.
1413 4282 1483 4333 11.
1515 4286 1594 4345 13,
1635 4285 1684 4333 5.
1720 4290 1757 4333 t.
1796 4287 1841 4346 1,
1880 4284 1998 4335 879.
2048 4284 2109 4333 L.
2150 4282 2213 4333 G.
2254 4282 2397 4345 Otto,
2434 4282 2519 4333 die
2555 4282 2734 4347 gesch.

238 4368 618 4419 vahanaim
667 4368 760 4419 ‹101-
805 4369 1242 4420 Pastoralbriefe.
1290 4371 1653 4435 Leipz.1860.
1692 4388 1743 4435 p.
1778 4373 1895 4421 362.
1958 4370 2001 4433 τ)
2040 4370 2119 4419 cf.
2159 4368 2217 4419 ο.
2265 4368 2559 4431 sartham,
2608 4368 2734 4420 dias.
2826 4355 2833 4363 ’

241 4456 332 4505 die
385 4454 638 4505 Berichte
693 4454 788 4506 der
841 4456 1070 4521 apostol.
1143 4456 1408 4507 Gehnlfen
1461 4458 1572 4507 und
1629 4456 1939 4507 Gefflhrten.
2012 4456 2207 4506 Hamb.
2261 4457 2412 4507 1858.
2466 4474 2518 4523 p.
2540 4460 2647 4508 .1‘2.
2690 4472 2734 4507 s.

241 4542 288 4607 ⁸)
327 4541 610 4607 Sosipatro
645 4542 797 4593 Rom.
827 4544 908 4604 16,
935 4545 1022 4593 21.
1057 4542 1317 4594 Beroemi
1351 4542 1541 4608 Pyrrhi
1577 4542 1707 4607 filio,
1730 4543 2059 4607 Aristarcho,
2087 4543 2359 4605 Secundo,
2383 4543 2532 4607 Caio,
2558 4545 2735 4597 Timo-

237 4628 386 4690 theo,
423 4626 664 4693 Tychico
701 4632 756 4677 et
789 4628 1094 4693 Trophymo
1133 4644 1196 4678 ex
1233 4628 1362 4679 Asia
1397 4630 1768 4694 proconsulari
1804 4630 2060 4681 oriundis.
2097 4630 2213 4680 Act.
2240 4632 2324 4693 20,
2352 4632 2400 4681 4.
2427 4634 2477 4681 5.
