3267 5259
548 436 675 501 358
1285 448 1404 489 nist.
1433 448 1541 491 Rev.
1571 448 1662 490 div.
1692 448 1861 490 Per-iod.
1893 448 1948 489 11.
1969 460 2061 500 cap.
2094 448 2293 499 primum.

551 630 684 687 Non
717 630 803 686 ita
836 627 1022 686 multo
1055 632 1179 705 post
1212 629 1432 687 Paulus
1461 628 1594 687 visa
1638 650 1741 705 per
1782 630 2037 706 quietem
2082 630 2203 687 viri
2255 631 2609 688 macedonici
2656 630 2850 707 specie
2894 632 3043 689 invi·

551 739 710 791 tatus
741 733 862 790 suis
887 731 1243 807 opitulatum
1275 733 1360 790 ire
1392 734 1456 791 in
1481 734 1901 804 Macedoniam,
1938 754 2002 792 eo
2035 737 2303 810 perrexit
2332 734 2648 792 comitibus
2671 734 2817 806 Sila,
2854 736 3043 793 Timo-

551 840 684 896 theo
717 844 776 895 et
799 838 958 895 Luca
981 836 1016 893 ¹.
1052 838 1108 893 N
1111 838 1376 911 avigium
1409 838 1598 912 igitur
1622 838 1687 895 in
1712 838 1953 896 Troadis
1976 844 2153 913 portu
2174 840 2641 909 conscendentes,
2670 842 3047 917 provectique

550 948 777 999 rectum
837 947 1156 999 tenuerunt
1213 941 1630 999 Samothracen
1649 988 1662 1012 ,
1719 943 1975 1001 insulam
2028 946 2092 1000 in
2148 945 2545 1019 septentrione
2600 945 2851 1017 Aegaei,
2918 947 3047 1003 hinc

550 1052 823 1124 sequente
865 1047 958 1103 die
989 1046 1348 1122 appulerunt
1378 1043 1739 1123 Neapolin²;
1788 1049 1943 1105 unde
1976 1048 2091 1105 iter
2122 1048 2427 1123 Philippos
2472 1048 2675 1123 patuit
2694 1046 2737 1119 3,
2788 1049 2893 1106 ubi
2942 1050 3047 1107 ali·

553 1152 832 1229 quamdiu
863 1158 1250 1207 commoratus
1281 1156 1368 1208 est
1400 1150 1741 1226 Apostolus,
1792 1152 2047 1210 colonias
2088 1154 2345 1210 maxime
2378 1172 2607 1221 amans,
2655 1154 2815 1231 quod
2865 1155 2947 1210 ibi
2994 1163 3047 1211 et

553 1255 684 1332 plus
713 1262 860 1313 esset
890 1256 1196 1313 hominum
1227 1260 1286 1313 et
1315 1261 1516 1329 gentes
1545 1258 1767 1315 variae.
1817 1258 1962 1315 Cum
2006 1263 2202 1315 autem
2250 1256 2443 1315 cultus
2490 1258 2689 1315 divini
2738 1258 3047 1316 observan-

554 1361 811 1419 tissimus
842 1367 1003 1430 esset,
1039 1366 1098 1418 et
1121 1379 1354 1417 omnem
1379 1360 1606 1417 animas
1638 1362 1870 1439 Christo
1902 1362 2301 1419 lucrifaciendi
2336 1363 2697 1420 occasionem
2728 1370 2993 1439 captaret
3006 1362 3047 1433 ⁴,

553 1466 624 1521 ad
657 1466 979 1521 oratorium
1011 1465 1184 1521 iuxta
1214 1464 1404 1521 amnis
1435 1466 1628 1541 ripam
1660 1485 1736 1522 ex
1766 1468 1912 1523 urbe
1942 1486 2201 1540 egressus
2230 1472 2335 1524 est.
2374 1467 2451 1523 In
2482 1486 2659 1543 quem
2684 1467 2885 1525 locum
2908 1468 3051 1525 forte

554 1567 855 1642 religiosae
887 1569 1170 1645 quaedam
1200 1568 1474 1626 mulieres
1494 1582 1500 1587 '
1520 1575 1942 1641 convenerant,
1998 1590 2141 1648 quas
2196 1569 2511 1645 Apostolus
2562 1570 2789 1649 alloqui
2846 1573 3048 1646 coepit,

441 1729 448 1739 ,
552 1676 814 1748 operiens
857 1673 1100 1730 interim
1131 1678 1200 1731 ut
1225 1674 1262 1729 J
1265 1674 1436 1730 udaei
1467 1693 1532 1730 eo
1563 1673 1628 1730 in
1659 1694 2015 1750 synagogam
2056 1680 2568 1749 congregarentur.
2618 1674 2757 1733 Una
2800 1695 2881 1733 ex
2932 1676 3051 1733 illis

555 1779 791 1835 nomine
823 1778 1015 1854 Lydia
1032 1774 1056 1811 ⁵
1113 1780 1312 1835 audito
1343 1777 1515 1835 Pauli
1546 1798 1811 1835 sermone
1842 1779 1913 1835 ad
1944 1778 2119 1836 fidem
2150 1798 2429 1837 conversa
2457 1786 2519 1837 et
2547 1779 2876 1855 baptismo,
2924 1798 3053 1837 cum

554 1880 785 1940 familia
804 1879 828 1917 ⁶
873 1880 1150 1939 universa
1196 1882 1452 1939 eiusdem
1498 1884 1724 1955 gratiae
1783 1887 1843 1939 et
1892 1883 2025 1940 fidei
2082 1888 2373 1953 consorte,
2425 1886 2643 1953 tincta;
2706 1884 3055 1959 Apostolum

562 2038 705 2045 —--
750 2038 843 2043 ——-
878 2040 887 2042 -
934 2038 970 2043 q

771 2122 808 2188 ¹)
848 2123 1100 2172 Actorum
1138 2123 1411 2187 scriptore,
1451 2123 1544 2188 qui
1570 2123 1639 2172 ab
1664 2122 1766 2172 hoc
1792 2128 2027 2188 tempore
2064 2139 2150 2173 res
2174 2129 2353 2189 gestas
2386 2122 2557 2185 Pauli,
2600 2140 2765 2191 quem
2802 2125 3053 2192 deinceps

555 2225 829 2275 nunquam
885 2208 1144 2271 deseruit,
1191 2210 1340 2259 testis
1389 2205 1625 2274 αὐτόπτης
1684 2214 1911 2260 enarrat.
1972 2210 2419 2261 Animadvertunt
2462 2211 2567 2261 hoc
2612 2213 2723 2261 iam
2772 2212 3055 2279 diligenter

557 2314 598 2347 s.
625 2297 898 2359 Irenaeus,
937 2295 1058 2345 adv.
1092 2295 1238 2345 haer.
1275 2296 1372 2357 111,
1411 2298 1494 2346 14.
1528 2313 1581 2362 p.
1615 2297 1737 2347 497.
1776 2302 1829 2347 et
1862 2313 1905 2347 s.
1940 2297 2316 2362 Hieronymus,
2355 2297 2422 2347 de
2458 2299 2554 2347 vir.
2592 2298 2669 2347 ill.
2704 2314 2755 2348 c.
2794 2301 2844 2349 7.
2883 2317 2937 2363 p.
2970 2302 3049 2349 46.

557 2384 620 2433 L.
657 2400 710 2449 p.
749 2384 867 2433 283.
905 2397 947 2431 s.
1029 2379 1070 2449 ²)
1116 2383 1318 2433 Urbem
1365 2384 1539 2433 minus
1589 2385 1858 2449 cognitam
1911 2386 2049 2434 inter
2096 2384 2371 2451 Philippos
2420 2390 2476 2434 et
2523 2385 2752 2435 Aenum.
2828 2387 3055 2437 Thracia

557 2476 710 2521 vetus
748 2470 1056 2536 saepissime
1093 2468 1226 2521 fines
1263 2470 1489 2519 mutavit
1525 2474 1578 2520 et
1603 2471 1861 2521 dominos.
1912 2471 1976 2519 In
2001 2470 2101 2521 bac
2134 2470 2315 2521 finium
2342 2476 2395 2521 et
2420 2472 2760 2522 dominorum
2796 2476 3055 2524 varietate

560 2557 778 2607 eaedem
816 2558 975 2607 urbes
1012 2556 1240 2622 plurium
1287 2558 1560 2623 regionum
1608 2558 1773 2608 fuisse
1820 2558 2093 2621 dicuntur,
2142 2560 2309 2615 veluti
2346 2563 2401 2609 ct
2435 2558 2465 2622 ἡ
2505 2555 2765 2618 Nauteam.
2828 2561 3053 2611 Ratione

557 2650 878 2710 temporum,
935 2660 1074 2710 quae
1122 2645 1441 2710 spectabant
1487 2646 1574 2694 vel
1623 2645 1888 2695 Thraciae
1944 2646 2030 2695 vel
2078 2646 2430 2697 Macedoniae
2484 2647 2899 2713 adscripserunt
2944 2664 3055 2698 eam

557 2732 795 2781 Veteres.
856 2731 1013 2781 Pauli
1059 2733 1375 2797 comitisque
1411 2731 1594 2782 Lucae
1633 2746 1769 2782 aevo
1808 2734 2063 2798 Neapolis
2108 2733 2388 2797 Thraciae,
2426 2734 2663 2799 Philippi
2698 2734 3055 2786 Macedoniae

559 2819 719 2869 urbes
757 2824 1025 2869 extremae
1062 2820 1432 2869 censebantur.
1483 2820 1741 2885 Magnum
1776 2820 1897 2869 fidei
1932 2834 2091 2885 quam
2128 2822 2355 2886 scriptor
2390 2827 2623 2871 meretur
2660 2820 3057 2884 documentum,

561 2922 624 2955 ex
652 2921 715 2954 eo
751 2908 859 2971 peti
897 2910 1088 2971 potest,
1130 2905 1273 2971 quod
1309 2907 1364 2955 in
1401 2905 1548 2957 hisce
1587 2907 1746 2957 rebus
1782 2907 2011 2956 minimis
2049 2924 2091 2957 s.
2118 2907 2297 2957 Lucas
2334 2912 2633 2973 temporum
2671 2910 2917 2959 rationes
2954 2916 3057 2959 tam

562 2998 818 3044 accurate
850 2994 1230 3043 observaverit.
1281 2994 1468 3058 Neque
1491 2993 1661 3042 ullum
1688 2993 1852 3043 dubio
1880 2994 2055 3044 locum
2080 2994 2309 3059 reliquit,
2348 3008 2405 3043 se
2430 2995 2599 3060 primo
2638 3002 2767 3060 post
2792 2996 3057 3047 Christum

565 3079 783 3129 saeculo
809 3080 946 3130 Acta
969 3081 1334 3131 concinnasse.
1387 3078 1427 3147 ³)
1455 3081 1605 3142 Quae
1630 3080 1845 3131 colonia
1870 3081 2076 3131 dicitur.
2113 3080 2230 3131 Act.
2252 3083 2335 3143 16,
2359 3083 2440 3129 12.
2460 3087 2593 3147 puta
2617 3097 2876 3145 romana;
2906 3099 3057 3149 quam

559 3166 834 3231 Augustus
869 3166 958 3217 vel
994 3167 1212 3217 deduxit
1245 3166 1331 3217 vel
1367 3168 1424 3217 in
1460 3168 1632 3217 maius
1672 3168 1982 3218 colonorum
2019 3168 2353 3218 commodum
2390 3158 2554 3219 auxit.
2622 3168 2771 3220 Urbs
2810 3172 3059 3235 primaria

561 3254 728 3318 partis
778 3254 1153 3315 Macedoniae,
1201 3268 1339 3318 quae
1387 3258 1535 3305 trans
1579 3253 1912 3319 Strymonem
1962 3259 2065 3316 est,
2117 3254 2385 3320 quondam
2428 3254 2693 3305 Thraciae
2733 3256 3059 3307 adiudicata

561 3339 855 3405 Ecquidem
905 3339 1292 3405 adstipulamur
1331 3339 1388 3389 C.
1429 3340 1689 3402 Cellari0,
1729 3340 1854 3391 diss.
1893 3340 1959 3390 de
2007 3342 2255 3391 amoenit.
2304 3341 2425 3391 hist.
2464 3346 2519 3392 et
2552 3358 2736 3408 geogr.
2784 3360 2853 3393 ex
2891 3345 3060 3393 itiner.

563 3426 781 3477 s.'Pauli
807 3424 927 3475 coll.
955 3442 1005 3475 n.
1034 3429 1114 3476 20.
1141 3426 1224 3475 ed.
1263 3426 1479 3492 Ugolini
1507 3444 1558 3492 p.
1587 3429 1740 3477 1193.
1765 3454 1831 3463 -—-
1858 3443 2087 3493 quocum
2112 3428 2241 3478 facit
2266 3432 2319 3477 et
2340 3428 2542 3493 Meyer,
2570 3446 2621 3494 p.
2650 3430 2775 3479 293.
2802 3458 2872 3467 ——
2898 3430 3060 3497 πρώτη

564 3509 703 3571 πόλις
724 3514 954 3579 positum
975 3528 1108 3575 esse,
1137 3513 1278 3578 quod
1299 3512 1474 3563 fuerat
1492 3514 1824 3564 nobilissima
1844 3516 2053 3565 urbium
2072 3516 2188 3564 eius
2208 3516 2457 3581 regionis.
2494 3514 2601 3564 Alii
2628 3518 2869 3583 vestigia
2884 3518 3061 3584 legen·

561 3606 644 3650 tes
681 3600 779 3649 Ez.
816 3598 1140 3665 Spanhemii,
1179 3600 1244 3649 de
1281 3602 1612 3665 praestantia
1656 3607 1709 3651 et
1742 3616 1845 3651 usu
1882 3602 2285 3663 Numismatum,
2331 3618 2417 3667 op.
2454 3600 2537 3651 ed.
2571 3602 2749 3652 Lond.
2792 3606 2950 3655 1706.
2996 3605 3061 3665 11,

565 3688 683 3737 600.
701 3691 746 3735 1.
773 3684 895 3735 coll.
918 3687 959 3748 Ι,
978 3689 1093 3736 106.
1119 3685 1314 3737 docent
1332 3686 1747 3753 adpellationem
1766 3685 1962 3754 πρώτης
1981 3682 2190 3747 πόλεως,
2211 3688 2428 3739 honoris
2450 3702 2615 3739 causa
2634 3689 2825 3741 multis
2846 3692 3065 3741 urbibus

566 3774 903 3838 attributam3
941 3789 1114 3839 neque
1140 3775 1430 3835 civitatum,
1469 3788 1606 3839 quae
1633 3788 1699 3824 ea
1728 3780 1919 3824 ornata
1954 3774 2167 3825 fuerant
2201 3776 2561 3846 principatum
2598 3776 2931 3840 significare.
2986 3779 3067 3828 lta

563 3860 625 3909 F.
653 3861 720 3909 H.
748 3860 1076 3923 Rheinwald,
1117 3860 1314 3910 Comm.
1343 3866 1393 3910 ii.
1419 3862 1470 3910 d.
1498 3861 1586 3910 Br.
1613 3862 1673 3910 P.
1701 3875 1749 3910 a.
1777 3860 1826 3910 d.
1852 3861 2083 3927 Philipp.
2121 3861 2260 3911 Berl.
2291 3862 2441 3911 1827.
2480 3878 2531 3927 p.
2558 3864 2606 3911 3.
2632 3876 2677 3911 s.
2717 3868 2775 3912 et
2806 3863 3065 3929 Mynstem

565 3948 637 3997 kl.
675 3946 746 3996 th.
787 3947 906 3997 Sch.
946 3964 998 4012 p.
1036 3949 1152 3998 170.
1189 3962 1229 3996 s.
1279 3948 1346 3996 H.
1385 3946 1444 3996 C.
1480 3948 1551 3996 M.
1587 3948 1781 4013 Rettig·‚
1822 3949 2153 4013 quaestiunc.
2190 3947 2419 4015 Philipp.
2460 3948 2597 3999 Giss.
2636 3951 2793 3999 1831.
2833 3967 2888 4016 p.
2920 3954 2967 3999 7.
3004 3952 3065 4000 de

562 4036 734 4100 prima
769 4034 1120 4085 Macedoniae
1154 4051 1256 4100 quo
1285 4035 1583 4085 tetenderat
1617 4036 1767 4098 urbe,
1803 4050 1869 4085 ex
1896 4035 2079 4085 ordine
2117 4037 2235 4085 viae
2272 4034 2520 4101 explicat.
2569 4036 2789 4085 Placuit
2812 4038 2869 4086 id
2896 4040 3067 4103 ipsum

562 4136 670 4171 van
715 4122 951 4187 chgel,
1000 4136 1186 4171 comm.
1225 4126 1427 4187 perpet.
1475 4122 1530 4171 in
1569 4123 1722 4187 epist.
1760 4122 1919 4172 Pauli
1966 4122 2034 4172 ad
2080 4121 2307 4187 Philipp.
2345 4122 2517 4188 Lugd.
2565 4122 2686 4171 Bat.
2725 4124 2883 4174 1838.
2934 4142 2987 4191 p.
3022 4128 3067 4174 4.

562 4207 1016 4274 Philippensibus,
1055 4207 1123 4257 ad
1163 4223 1295 4273 quos
1333 4224 1373 4258 s.
1400 4208 1602 4259 Paulus
1635 4208 1815 4259 literas
1854 4209 1999 4259 dedit
2022 4224 2074 4258 u.
2100 4225 2151 4257 v.
2188 4210 2333 4274 Lege
2358 4209 2450 4258 VI.
2476 4208 2599 4274 Dig.
2634 4209 2704 4257 de
2730 4208 2896 4261 Ceus.
2922 4211 3069 4261 velut

563 4296 751 4359 ingens
790 4294 1109 4344 beneficium
1152 4296 1432 4344 asseritur:
1482 4297 1566 4344 ius
1604 4294 1857 4345 italicum.
1904 4295 1983 4345 Cf.
2022 4310 2066 4344 e.
2104 4294 2163 4345 C.
2199 4294 2268 4343 H.
2304 4294 2653 4360 Sandhagen‚
2692 4296 2861 4347 theol.
2902 4296 3069 4348 Send·

566 4381 864 4431 schreiben.
917 4380 1166 4431 Schlesw.
1198 4382 1348 4431 1692.
1387 4382 1453 4445 ΙΙ,
1485 4384 1529 4431 1.
1558 4398 1599 4433 s.
1661 4382 1703 4446 ⁴)
1742 4383 1894 4443 Quae
1929 4396 2193 4447 nusquam
2230 4380 2517 4431 videbatur
2540 4384 2713 4447 magis
2738 4391 3069 4449 opportuna,

568 4482 726 4534 quam
773 4470 828 4517 in
872 4466 992 4517 loco
1040 4474 1092 4518 et
1135 4474 1371 4534 tempore
1417 4484 1687 4519 sacrorum
1734 4476 2108 4519 conventuum.
2182 4468 2223 4535 ⁵)
2273 4468 2547 4534 Tyathyra
2590 4472 2797 4536 origine
2842 4479 2897 4520 et
2947 4490 3075 4538 pur·

565 4568 732 4619 purae
785 4556 1066 4603 mercatrix
1123 4555 1202 4605 Cf.
1247 4554 1404 4604 Mich.
1450 4554 1770 4617 Hoernlein,
1828 4555 1894 4606 de
1949 4555 2127 4621 Lydia
2180 4570 2439 4605 conversa
2486 4558 2635 4606 iuxta
2684 4556 2803 4606 Act.
2851 4561 2937 4620 16,
2990 4562 3073 4609 14.

566 4639 712 4703 Lips.
743 4641 892 4688 1699.
957 4640 998 4703 ⁶)
1038 4639 1174 4713 Apte
1211 4638 1430 4706 Bengel‚
1472 4640 1659 4691 Gnom.
1700 4640 1769 4690 ad
1805 4641 1855 4690 h.
1889 4641 1921 4691 l.
1967 4642 2118 4708 „quis
2155 4642 2353 4704 credat,
2390 4643 2448 4691 in
2484 4646 2563 4692 tot
2598 4642 2819 4693 familiis
2856 4644 3075 4697 nullum
