3267 5259
904 459 1093 501 Primum
1118 472 1147 501 a
1173 460 1493 511 praedicatione
1519 460 1684 503 Christi
1712 459 1894 501 Pascha.
2563 448 2650 513 45

204 633 421 695 fiduciam,
466 650 627 700 quam
662 635 843 685 Maria
896 636 951 685 in
1006 635 1203 686 Christi
1258 636 1498 701 potentia
1549 640 1603 685 et
1656 635 1986 701 benignitate
2043 636 2362 701 reponebat3
2419 635 2650 701 denique

204 722 461 770 modestiam
496 721 644 771 haud
680 721 986 787 vulgarem,
1026 723 1287 788 siquidem
1323 722 1491 771 verba
1526 736 1627 772 sua
1671 721 1899 787 supplex
1934 723 2012 771 ita
2045 722 2376 785 proferebat,
2413 728 2475 771 ut
2508 722 2648 772 Filio

204 807 307 855 nihil
335 809 521 857 ratione
558 809 707 858 modi
745 809 967 859 iuvandi
1002 810 1420 875 praescriberet3
1470 808 1566 859 sed
1602 809 1842 874 inopiam
1877 812 2212 874 praesentem
2247 813 2453 860 tantum
2490 825 2649 875 expo-

204 900 343 955 neret,
376 897 667 960 sapientiae
706 898 877 961 ipsius
914 896 1237 962 relinquens,
1276 895 1542 961 quomodo
1582 910 1700 945 eam
1735 896 1916 945 levare
1951 895 2128 945 vellet.
2181 896 2536 946 Nihilominus
2573 901 2653 946 tot

206 984 387 1045 egregiis
403 982 703 1043 virtutibus,
732 984 925 1049 quibus
951 1000 1007 1034 se
1034 983 1371 1033 commendat
1387 998 1429 1032 s.
1451 982 1735 1033 Genitricis
1757 983 1993 1046 petitum,
2020 982 2224 1047 aliquid
2241 986 2419 1032 tamen
2439 984 2487 1032 ei
2507 984 2652 1049 quod

206 1066 373 1117 Phr-isto
412 1068 747 1134 displicuerit
792 1070 1103 1131 inhaesisse,
1143 1086 1209 1119 ex
1254 1084 1510 1135 responso
1558 1071 1676 1119 eius
1721 1069 1958 1119 inferunt
2001 1070 2302 1134 scriptores.
2374 1070 2461 1119 Ita
2501 1070 2559 1119 C.
2585 1070 2649 1119 L.

206 1154 463 1217 Hocheisel,
502 1172 695 1207 comm.
734 1157 822 1223 ph.
859 1173 939 1206 ex.
978 1158 1173 1209 sistens
1210 1157 1435 1206 Mariam
1471 1158 1529 1205 in
1564 1157 1766 1221 nuptiis
1804 1155 2034 1206 Canaeis
2071 1155 2340 1221 repulsam
2376 1156 2650 1206 serentem.

204 1240 355 1291 Franc.
381 1244 522 1292 1734.
552 1260 605 1306 p.
635 1245 719 1294 17.
745 1260 787 1294 s.
817 1244 1207 1307 recentissime,
1244 1243 1452 1308 Meyer,
1490 1236 1741 1293 Ev.‘.10h.
1769 1260 1819 1308 p.
1850 1244 1964 1292 104.
2004 1247 2057 1291 et
2092 1243 2516 1308 Hengstenberg,
2555 1243 2650 1293 das

204 1328 368 1393 Ersng.
392 1328 438 1378 d.
462 1329 511 1378 h.
538 1328 668 1379 Joh.
696 1346 747 1395 p.
778 1332 893 1381 138.
919 1347 960 1381 s.
1022 1330 1129 1380 Sed
1176 1330 1361 1380 habita
1407 1330 1567 1379 venia
1614 1343 1649 1378 a
1696 1329 2016 1395 quibusdam
2065 1328 2117 1378 S.
2154 1328 2206 1378 S.
2240 1330 2520 1392 Patribus,
2559 1331 2651 1395 qui

208 1416 331 1463 etism
362 1416 412 1465 in
444 1415 545 1466 hac
585 1418 855 1467 sententia
894 1417 1140 1479 fuerunt,
1186 1433 1389 1483 quosve
1435 1420 1684 1467 recenset
1714 1415 1910 1465 Joann.
1949 1416 2015 1465 de
2053 1415 2321 1480 Sylveira,
2372 1433 2558 1467 comm.
2595 1418 2650 1467 in

204 1506 301 1549 text.
333 1518 403 1551 ev.
434 1502 506 1563 11,
544 1505 627 1563 9.,
667 1503 821 1553 nulla
865 1503 1081 1554 macula
1122 1503 1183 1553 B.
1214 1504 1286 1554 M.
1317 1505 1380 1553 V.
1419 1508 1640 1553 sanctae
1688 1507 1742 1552 et
1789 1503 2111 1564 submissae,
2137 1502 2399 1553 ,humilem
2433 1503 2651 1554 Domini

204 1588 405 1639 ancillam
438 1595 609 1641 semet
643 1589 915 1655 profitenti
949 1590 1081 1640 Luc.
1123 1593 1169 1652 1,
1196 1592 1297 1653 38„
1335 1590 1708 1656 adspergenda
1743 1595 1840 1651 est,
1879 1606 2000 1639 cum
2033 1590 2325 1653 postulatio
2361 1590 2548 1641 Matris
2586 1606 2651 1641 ex

205 1677 380 1725 caritate
398 1682 447 1726 et
468 1676 843 1727 misericordia
867 1678 1123 1743 originem
1147 1677 1409 1727 habuerit.
1447 1677 1548 1727 His
1572 1678 1919 1740 praestructis
1945 1678 2050 1726 iam
2076 1676 2146 1726 ad
2172 1677 2650 1727 considerationem

204 1764 399 1826 responsi
444 1762 744 1814 Salvatoris
790 1764 1127 1815 accedamus.
1188 1764 1307 1815 Hoc
1352 1765 1429 1813 ita
1474 1764 1664 1813 habet:
1704 1762 1870 1829 „quid
1913 1762 2041 1811 mihi
2078 1768 2132 1812 et
2165 1764 2262 1813 tibi
2301 1769 2382 1815 est
2426 1764 2652 1815 mulier?

202 1849 391 1899 nondum
434 1852 583 1900 venit
632 1850 767 1901 hora
816 1854 990 1901 mea.“
1062 1850 1219 1901 Certe
1264 1852 1621 1916 maximopere
1659 1850 1944 1911 falluntur,
2000 1851 2090 1916 qui
2142 1851 2465 1901 vocabulum
2511 1849 2652 1919 γύναι

202 1936 465 1997 probrosum
499 1954 625 1987 esse
661 1938 869 1987 Mariae
904 1938 1104 1987 dicunt.
1165 1938 1301 1987 Nam
1336 1934 1455 2005 γυνὴ
1492 1954 1601 1987 non
1649 1954 1856 2003 semper
1901 1942 2100 1999 status,
2140 1938 2235 1987 sed
2283 1954 2442 2004 saepe
2493 1955 2650 1989 sexus

202 2038 355 2071 nomen
398 2030 489 2087 est,
528 2025 769 2089 virisque
808 2027 1110 2089 opponitur.
1173 2024 1252 2074 Cf.
1281 2024 1413 2075 Gen.
1440 2026 1489 2087 3,
1519 2027 1599 2074 15.
1625 2024 1694 2073 H.
1721 2025 1782 2074 R.
1807 2026 1871 2073 V.
1898 2025 1959 2075 T.
1985 2042 2036 2090 p.
2066 2026 2164 2087 15„
2203 2028 2258 2074 et
2293 2031 2352 2075 ut
2387 2025 2497 2075 alia
2529 2026 2652 2076 loca

202 2112 426 2161 taceamus
462 2112 599 2161 Luc.
629 2114 675 2173 1,
700 2112 785 2160 28.
812 2112 896 2161 42.
937 2113 1017 2173 10,
1050 2113 1133 2161 38.
1182 2111 1299 2161 Act.
1325 2114 1373 2173 8,
1401 2113 1449 2160 3.
1488 2113 1536 2172 9,
1572 2114 1621 2160 2.
1670 2111 1829 2177 Apud
1865 2112 2010 2159 LXX
2051 2112 2337 2177 respondet
2369 2114 2492 2162 voci
2523 2105 2648 2175 ΠΨΝ.

202 2194 247 2242 l'.
275 2196 319 2245 J.
350 2196 430 2247 Pr.
467 2197 903 2259 Schleusner,
940 2198 1125 2249 Novus
1162 2198 1469 2248 Thesaurus
1504 2197 1593 2263 ph.
1622 2214 1695 2247 cr.
1721 2214 1762 2247 s.
1783 2198 2022 2247 Lexicon
2048 2200 2102 2247 in
2127 2199 2292 2248 Lxx.
2318 2198 2467 2264 Lips.
2497 2200 2646 2252 1820.

200 2282 262 2341 11,
290 2286 363 2333 46.
407 2284 525 2335 Chr.
552 2286 619 2336 A.
646 2284 833 2347 Wahl,
870 2285 1051 2336 Clavis
1090 2285 1298 2335 Libror.
1326 2284 1388 2333 V.
1424 2285 1485 2334 Τ.
1512 2284 1611 2349 Ap.
1639 2284 1766 2349 phil.
1797 2284 1946 2349 Lips.
1981 2286 2131 2335 1853.
2167 2302 2217 2349 p.
2259 2287 2374 2335 106.
2407 2302 2448 2335 s.
2489 2286 2547 2336 C.
2585 2286 2648 2337 G.

200 2368 371 2434 Wilkii,
396 2372 579 2423 Clavis
601 2373 669 2423 N.
696 2373 759 2422 Τ.
786 2371 913 2438 phil.
938 2372 1087 2437 Lips.
1117 2373 1265 2421 1862.
1302 2388 1353 2437 p.
1389 2373 1475 2420 82.
1534 2369 1680 2420 Nihil
1716 2370 1841 2420 inde
1878 2370 2059 2436 colligi
2095 2376 2272 2436 potest
2305 2372 2494 2422 Jesum
2529 2373 2648 2423 loco

198 2460 369 2519 matris,
404 2465 495 2510 aut
530 2460 719 2509 blandi
758 2458 985 2509 alicuius
1021 2460 1275 2519 nominis,
1312 2458 1415 2509 hac
1454 2456 1816 2524 appellatione
1853 2459 1931 2507 uti
1966 2458 2228 2521 voluisse,
2269 2464 2325 2509 ut
2369 2460 2649 2522 reprehen-

200 2542 363 2594 sionem
406 2562 557 2597 suam
612 2548 769 2597 matri
824 2546 1163 2613 significaret.
1236 2545 1441 2595 Nomen
1478 2545 1671 2594 mulier
1720 2561 1837 2595 esse
1894 2547 2244 2595 reverentiam
2299 2544 2649 2610 testificantis,

198 2630 305 2679 sudo
336 2632 521 2686 clarius
562 2633 821 2683 elucescit
852 2650 915 2682 ex
939 2634 1136 2685 Joann.
1167 2634 1247 2695 19,
1274 2634 1386 2695 26.;
1426 2632 1563 2681 idem
1590 2630 1932 2681 confirmatur
1955 2648 1984 2681 e
2009 2631 2196 2682 Matth.
2226 2635 2306 2693 15,
2334 2634 2416 2683 28.
2453 2613 2650 2683 Jbann.

200 2718 265 2767 20.
298 2721 365 2768 13.
401 2723 478 2771 15.
542 2721 617 2771 Ut
661 2727 937 2771 taceamus
972 2720 1235 2781 Homero,
1274 2718 1427 2769 Iliad.
1464 2719 1563 2768 ΙΙΙ.
1600 2721 1718 2768 204.
1769 2719 1962 2784 Odyss.
2000 2720 2152 2781 XIX,
2193 2722 2310 2769 221.
2349 2721 2651 2787 ceterisque

200 2804 397 2867 Graecis,
424 2809 527 2869 ipsi
564 2808 700 2859 adeo
733 2807 992 2873 Josepho‚
1027 2808 1149 2857 Ant.
1174 2808 1216 2855 Ι.
1247 2810 1327 2869 16,
1354 2808 1401 2856 3.
1429 2824 1480 2871 p.
1506 2808 1589 2855 46.
1635 2822 1829 2855 nomen
1865 2802 1987 2873 γυνή
2039 2804 2466 2857 honestissimam
2503 2808 2649 2857 femi-

198 2904 351 2941 narum
405 2894 869 2961 compellationem
936 2894 1115 2945 fuisse.
1189 2894 1345 2944 Unde
1406 2894 1619 2942 omnino
1681 2892 1924 2957 sequitur
1982 2908 2166 2941 vocem
2227 2892 2460 2943 mulier
2517 2894 2650 2945 nihil

198 2978 586 3042 reprehensionis
630 2981 923 3031 involvere.
963 2980 1227 3031 Graecum
1272 2974 1391 3048 γυνὴ
1442 2980 1720 3044 synonimo
1767 2993 1955 3028 carens
2004 2978 2217 3029 civilius
2264 2984 2446 3041 sonat,
2491 2995 2652 3045 quam

200 3065 365 3128 mulier,
392 3072 659 3134 quatenns
694 3068 764 3117 ab
800 3068 969 3118 altero
1004 3069 1203 3118 femina
1238 3066 1595 3131 distinguitur,
1626 3070 1682 3114 et
1717 3065 1906 3116 mulier
1940 3080 2037 3131 pro
2073 3071 2242 3115 matre
2280 3066 2488 3117 dicitur.
2524 3067 2652 3119 Isai-

198 3152 263 3210 ὦ,
285 3155 356 3203 10.
378 3154 459 3205 An
481 3172 609 3207 vero
640 3156 787 3205 idem
816 3155 883 3204 de
919 3155 1101 3218 phrasi
1138 3154 1301 3221 „quid
1328 3153 1455 3203 mihi
1480 3158 1533 3201 et
1550 3153 1685 3201 tibi“
1715 3152 1998 3201 dicendum
2029 3153 2114 3213 sit,
2139 3152 2378 3203 ulteriori
2410 3155 2652 3205 examine

199 3238 377 3305 indiget.
434 3240 583 3293 Cave
620 3243 777 3311 enim·
798 3241 1065 3292 existimes
1102 3242 1236 3291 Jesu
1272 3241 1506 3290 animum
1541 3240 1708 3289 fuisse
1745 3240 2034 3303 piissimam
2069 3245 2291 3289 matrem
2325 3239 2652 3305 ignominiae

200 3328 473 3384 exponendi.
522 3329 719 3379 Dicere
756 3328 873 3377 vult
909 3327 1149 3379 Christus
1175 3344 1265 3377 ore
1302 3328 1533 3391 benigno
1566 3330 1620 3375 et
1665 3342 1882 3376 sereno:
1919 3326 1974 3374 in
2009 3324 2092 3375 his
2123 3340 2263 3391 quae
2300 3326 2384 3375 sui
2419 3327 2651 3377 muneris

201 3418 335 3475 erant,
368 3420 419 3464 et
452 3414 523 3465 ad
558 3416 735 3465 Patris
774 3414 1090 3480 obsequium
1124 3413 1503 3479 hominumque
1541 3412 1768 3463 salutem
1804 3416 2064 3477 spectant,
2103 3427 2161 3462 se
2184 3427 2316 3477 puro
2353 3416 2560 3461 tantuin
2595 3412 2653 3462 in

200 3495 343 3549 Deum
363 3500 481 3551 duci
505 3506 785 3568 respectu3
823 3500 1059 3552 nondum
1094 3501 1307 3551 venisse
1338 3498 1489 3567 ὥραν,
1515 3504 1722 3564 tempus
1749 3504 2121 3564 opportunum,
2149 3498 2292 3564 quod
2317 3503 2654 3565 exspectaret

200 3592 245 3631 ut
272 3587 435 3638 vinum
468 3590 683 3654 penitus
721 3586 989 3650 deficeret,
1026 3587 1265 3637 editurus
1302 3590 1429 3636 tunc
1476 3586 1806 3646 miraculum,
1855 3600 1974 3634 cum
2019 3600 2174 3635 nemo
2220 3590 2404 3650 posset
2445 3590 2650 3651 putare,

201 3678 377 3723 auctum
422 3674 755 3727 solummodo
800 3675 967 3725 fuisse
995 3676 1205 3737 vinum,
1243 3678 1337 3723 ant
1372 3686 1567 3738 aquam
1601 3674 1728 3722 vino
1767 3671 2069 3722 admixtam.
2114 3671 2282 3737 Virgo
2317 3673 2656 3723 sanctissima

199 3756 317 3808 ium
348 3776 409 3811 ae
440 3762 885 3826 prudentissima,
924 3762 991 3811 de
1028 3760 1413 3827 omnipotentia
1445 3759 1573 3808 Filii
1609 3773 1676 3808 ac
1713 3758 1998 3809 clementia
2042 3757 2260 3809 firmiter
2294 3772 2580 3824 persuasa,
2621 3774 2652 3807 e

200 3845 343 3897 verbis
369 3848 565 3899 Christi
588 3866 695 3899 non
720 3862 1001 3915 perperam
1026 3847 1329 3912 colligebat,
1356 3850 1500 3896 certo
1528 3845 1880 3895 adventurum
1911 3849 2248 3909 momentum,
2277 3860 2382 3911 quo
2411 3843 2652 3895 Christus

202 3927 405 3985 levamen
446 3936 655 3987 laturus
702 3938 800 3998 sit,
846 3934 975 3985 licet
1016 3934 1253 3985 nondum
1299 3932 1619 3983 advenisset.
1691 3931 2004 3997 Intelligens
2051 3931 2192 3981 velle
2235 3936 2414 3981 tamen
2465 3929 2652 3980 Jesum

200 4020 411 4079 precibus
444 4023 685 4089 obsequi,
716 4022 988 4073 ministros
1012 4022 1231 4083 monuit,
1262 4024 1321 4069 nt
1346 4018 1609 4085 quidquid
1643 4018 1814 4069 Filius
1851 4019 2151 4083 imperaret,
2177 4018 2357 4069 statim
2393 4030 2650 4080 exseque-

200 4114 361 4157 rentur.
426 4110 809 4161 Divinissimus
856 4108 1103 4159 Salvator
1148 4124 1243 4157 sex
1287 4105 1504 4171 hydrias
1550 4120 1696 4171 aqua
1740 4104 1972 4170 oppleri,
2018 4108 2180 4170 atque
2233 4102 2358 4154 inde
2406 4103 2652 4151 haustum

200 4201 350 4255 potum
372 4196 439 4247 ad
462 4196 896 4258 architriclinum,
924 4196 1155 4247 convivii
1191 4210 1264 4246 sc.
1290 4198 1567 4255 rectorem,
1594 4192 1769 4242 afferri
1805 4191 1975 4243 iussit.
2011 4192 2365 4256 Degustatum
2401 4188 2652 4254 poculum

200 4279 347 4333 *inum
380 4286 631 4347 optimum
669 4284 925 4335 exhibuit.
976 4282 1224 4333 Ostendit
1260 4281 1453 4331 eximio
1488 4279 1591 4329 hoc
1626 4278 1886 4328 miraculo
1921 4282 2178 4344 quantum
2214 4291 2378 4343 supra
2411 4275 2651 4326 homines

202 4375 363 4428 posset.
406 4370 701 4421 videantur
736 4375 973 4421 ceterum
1008 4368 1079 4419 ad
1113 4370 1273 4419 istum
1307 4367 1512 4418 locum:
1550 4382 1592 4417 s.
1620 4364 1908 4431 Gregorius
1945 4364 2236 4429 Nyssenus,
2264 4367 2396 4414 orat.
2426 4364 2482 4411 in
2517 4362 2654 4413 illud
2679 4366 2690 4377 “

202 4458 333 4505 „tune
366 4457 707 4507 subiicietur“
744 4456 830 4506 ed.
864 4456 1043 4521 Migne
1075 4455 1119 4517 Ι,
1156 4456 1308 4507 1307.
1342 4470 1384 4505 s.
1412 4452 1464 4502 S.
1490 4452 1813 4513 Bernardus,
1849 4466 2002 4502 serm.
2033 4450 2106 4499 11.
2131 4450 2286 4500 Dom.
2321 4466 2403 4516 pr.
2435 4466 2488 4516 p.
2532 4448 2652 4499 Oct.

202 4537 362 4607 Epiph.
376 4560 425 4593 n.
441 4546 491 4594 5.
509 4544 641 4605 11,a.
657 4546 774 4595 137.
788 4560 833 4594 s.
870 4558 913 4593 s.
931 4542 1161 4593 Thomas
1184 4542 1444 4607 Aquinas,
1463 4540 1563 4589 111.
1577 4541 1662 4601 27,
1677 4540 1726 4589 4.
1741 4538 1826 4589 ed.
1850 4538 1984 4589 Bon.
2009 4538 2205 4599 x‚573.
2225 4554 2268 4588 s.
2289 4535 2353 4588 G.
2371 4536 2436 4587 L.
2457 4536 2652 4599 Oeder,

204 4622 255 4671 de
284 4630 419 4691 petit.
448 4630 583 4679 Mar.
608 4631 803 4681 Joann.
832 4632 880 4692 2,
908 4632 954 4679 3.
980 4631 1028 4679 4.
1076 4628 1333 4679 Onoldini
1370 4629 1519 4678 1721.
1558 4632 1611 4675 et
1645 4628 1699 4676 in
1736 4626 1864 4675 Obs.
1893 4642 1933 4675 s.
1960 4628 2221 4689 syntagm.
2248 4624 2318 4674 ib.
2349 4626 2497 4673 1729.
2537 4622 2650 4673 obs.
