3267 5259
545 443 675 508 394
1276 456 1393 497 nint.
1426 455 1531 497 Rev.
1562 454 1652 496 div.
1681 454 1850 497 Poriod.
1879 454 1934 495 11.
1956 466 2050 505 cap.
2075 456 2275 505 pri-un.

544 630 1005 696 benevolentia
1049 628 1276 695 sedulo
1324 640 1635 713 cavente,
1704 652 1788 694 nc
1851 629 2160 693 fratribus
2205 627 2740 694 imbecillioribus
2785 626 3038 691 offensa

545 743 959 829 praebeatur,
1004 745 1081 808 iis
1124 744 1304 807 vesci
1350 743 1564 827 liceat,
1613 764 1782 829 quae
1829 741 2018 807 idolis
2049 752 2200 807 sunt
2237 739 2589 806 immolata.
2636 738 3034 805 Habendam

550 878 693 921 csse
740 878 967 919 eorum
1012 856 1363 938 rationem,
1432 856 1544 941 qui
1592 855 2012 921 offenduntur
2022 905 2040 938 ,
2119 876 2398 941 quorum
2441 852 2632 919 saluti
2675 853 3036 939 praecipue

547 966 1019 1034 consulendum
1064 976 1289 1033 monet
1313 972 1352 1032 ¹.
1427 968 1748 1033 Hortatur
1793 966 2193 1051 Corinthios,
2265 975 2340 1031 ut
2397 965 2632 1031 eodem
2693 986 2827 1051 quo
2897 968 3036 1051 ipse

547 1082 759 1147 studio
808 1080 1136 1147 Christum
1177 1080 1537 1146 Dominum
1568 1104 1766 1147 verae
1797 1081 2058 1167 pietatis
2089 1082 2471 1167 magistrum
2501 1080 2856 1143 imitentur.
2901 1076 3038 1141 Eos

545 1193 802 1260 laudat:
851 1193 1030 1281 quod
1074 1217 1191 1259 sua
1230 1204 1591 1282 praecepta
1620 1195 1992 1277 observent,
2039 1193 2326 1259 inculcat
2355 1202 2646 1259 attamen
2677 1214 2877 1277 quam
2909 1193 3036 1276 pie,

548 1317 760 1389 caste,
829 1307 1069 1393 pudice
1128 1309 1222 1371 uti
1285 1306 1445 1372 alias
1503 1307 1596 1372 ita
1654 1308 2066 1394 potissimum
2129 1308 2197 1371 in
2243 1307 2444 1371 sacris
2489 1307 2572 1369 sit
2615 1302 3034 1369 versandum.

547 1418 873 1505 Oportere
916 1421 1073 1485 viris
1118 1420 1237 1485 sibi
1287 1442 1524 1485 cavere
1570 1419 1655 1486 ab
1703 1422 2100 1485 ornamentis
2147 1420 2477 1500 femineis,
2555 1417 2792 1503 quibus
2837 1414 3038 1479 virilis

546 1533 830 1616 gravitas
875 1534 943 1597 in
986 1532 1370 1598 muliebrem
1416 1532 1801 1619 discingitur
1843 1532 2198 1599 mollitiem.
2255 1532 2492 1597 Velato
2537 1532 2753 1617 capite
2801 1528 3038 1593 divinis

546 1644 827 1727 adstare,
872 1668 1007 1711 non
1054 1668 1197 1711 esse
1240 1646 1551 1728 virorum,
1596 1646 1716 1711 sed
1761 1646 2124 1711 mulierum.
2201 1645 2282 1710 In
2327 1645 2803 1731 primitivorum
2851 1641 3038 1707 Chri-

546 1758 901 1821 stianorum
960 1782 1011 1821 s.
1058 1758 1519 1840 conventibus,
1586 1769 1934 1845 postquam
1995 1758 2448 1824 Eucharistiae
2509 1757 3040 1843 participassent,

547 1872 917 1935 communia
962 1870 1287 1957 quaedam
1336 1873 1642 1937 convivia
1685 1874 1938 1954 ,ἀγάπαύ
1987 1871 2506 1938 celebrabantur.
2542 1870 2620 1934 In
2649 1870 2828 1955 piam
2861 1867 3040 1931 hanc

548 1983 1083 2048 consuetudinem
1134 1984 1451 2071 quosdam
1498 1984 1744 2050 abusus
1777 1984 2071 2050 Corinthi
2114 1986 2404 2069 irrepere
2449 1983 2746 2068 coepisse
2791 2002 3040 2066 cogno-

544 2105 731 2159 verat
776 2095 1164 2183 Apostolus,
1234 2120 1401 2184 quos
1420 2100 1447 2141 ²
1489 2099 1780 2183 graviter
1823 2099 2152 2184 vituperat
2169 2100 2212 2162 ³.
2291 2096 2650 2182 Postquam
2695 2094 2760 2159 d.
2791 2093 3040 2159 Paulus

758 2282 793 2347 1)
831 2281 1081 2332 Caritatis
1117 2283 1275 2332 huius
1311 2298 1369 2332 se
1406 2284 1577 2349 ipsum
1616 2284 1914 2349 exemplum
1951 2282 2108 2345 facit3
2147 2282 2372 2331 liberum
2403 2281 2528 2330 licet
2551 2280 2798 2330 omnibus
2837 2285 3038 2341 tamen,

546 2368 724 2435 quoad
761 2370 876 2419 eius
914 2369 1027 2420 fieri
1076 2376 1287 2437 poterat
1330 2386 1449 2421 sese
1498 2370 1961 2432 accommodasse,
2017 2373 2077 2420 ut
2123 2374 2344 2419 cunctos
2381 2368 2686 2435 pertrahere
2731 2371 2920 2433 posset
2971 2366 3038 2415 sd

546 2456 788 2506 salutem.
838 2456 923 2505 Ita
948 2458 1190 2521 quamvis
1214 2457 1401 2507 liceret
1424 2458 1621 2507 victum
1659 2458 1936 2522 percipere
1973 2456 2042 2506 ab
2067 2458 2149 2517 iis,
2188 2456 2384 2522 quibus
2410 2454 2576 2504 divini
2601 2454 2764 2504 Verbi
2791 2453 3040 2503 doctrina

546 2543 787 2605 traditur,
824 2558 882 2593 se
920 2548 1097 2595 tamen
1134 2544 1477 2605 abstinuisse,
1514 2548 1576 2593 ut
1604 2544 1914 2595 offendiculi
1951 2548 2253 2609 amputaret
2289 2543 2644 2593 occasionem.
2675 2540 2754 2591 -C.
2781 2544 2868 2591 10.
2915 2540 3037 2591 Ido-

545 2628 867 2694 lothytorum
905 2645 1053 2679 esum
1091 2630 1369 2681 dissuadet
1404 2630 1473 2680 ab
1512 2631 1756 2697 exemplo
1803 2632 1998 2680 veteris
2043 2636 2098 2680 et
2141 2631 2336 2695 ingrati
2371 2629 2558 2695 populi
2593 2627 2972 2678 Hebraeorum
3005 2642 3040 2675 a

544 2716 662 2766 Deo
689 2718 878 2779 puniti,
906 2716 1099 2767 deinde
1125 2716 1398 2767 vitandum
1423 2722 1686 2767 monstrat
1707 2733 1742 2767 a
1766 2717 2005 2784 periculo
2031 2718 2192 2767 etiam
2215 2715 2582 2767 idololatriae:
2621 2716 2750 2781 quia
2773 2714 3040 2765 sacrificia

545 2802 819 2867 gentilium
868 2805 1291 2854 communionem
1336 2798 1457 2853 cu'm
1504 2804 1799 2855 daemoniis
1841 2806 2155 2870 important,
2209 2804 2348 2854 sicut
2395 2803 2612 2869 quando
2657 2804 2778 2867 quis
2823 2800 3038 2852 Eucha—

545 2889 749 2939 ristiam
784 2892 959 2952 sumit,
998 2907 1218 2942 consors
1255 2890 1315 2940 fit
1350 2890 1567 2943 Christi.
1628 2891 1710 2941 cf.
1737 2891 1800 2941 G.
1828 2890 2050 2953 Olearii,
2087 2891 2218 2941 diss.
2243 2890 2312 2941 ad
2347 2891 2390 2953 1,
2420 2893 2498 2941 10.
2548 2889 2649 2939 Th.
2683 2907 2735 2939 n.
2769 2906 2824 2955 p.
2849 2891 2969 2939 810.
2995 2906 3038 2939 s.

546 2974 831 3025 Concludit
866 2982 1031 3027 totam
1070 2979 1441 3029 tractationem
1479 2978 1848 3040 analemmate,
1887 2984 1946 3028 ut
1981 2994 2088 3028 non
2123 2977 2280 3028 modo
2321 2992 2417 3027 nos
2445 2978 2550 3041 ipsi
2575 2977 2681 3026 Dei
2717 2991 3038 3042 quaeramus

544 3062 793 3127 gloriam3
832 3062 925 3113 sed
964 3064 1267 3131 id.quoque
1314 3080 1562 3131 agamus,
1610 3080 1678 3115 ne
1715 3064 1808 3115 alii
1855 3065 2145 3131 quidquam
2185 3070 2374 3114 contra
2417 3062 2642 3129 gloriam
2677 3064 2783 3113 Dei
2819 3064 3036 3113 faciant.

549 3146 590 3213 2)
640 3148 683 3197 Ι.
726 3148 847 3199 Cor.
887 3148 1059 3199 altera
1094 3166 1141 3200 c.
1182 3154 1262 3201 11.
1300 3156 1453 3217 parte
1491 3166 1526 3201 a
1549 3168 1599 3200 v.
1641 3152 1862 3202 17--34.
1935 3150 1977 3216 ³)
2027 3149 2086 3201 Αἱ
2121 3146 2303 3219 ἀγάπαι
2337 3151 2416 3201 sic
2451 3149 2628 3200 dictae
2665 3165 2702 3199 a
2735 3150 3038 3210 dilectione,

546 3234 688 3301 quod
726 3234 812 3285 vel
849 3237 1125 3287 caritatem
1160 3238 1610 3299 commendarent,
1657 3237 1744 3287 vel
1781 3242 1998 3304 propter
2034 3239 2312 3289 cafitatem
2347 3237 2551 3297 fierent,
2599 3243 2755 3287 erant
2789 3238 3038 3287 convivia

544 3337 701 3372 sacra
748 3326 985 3373 veterum
1035 3322 1479 3386 Christianorum,
1538 3340 1678 3391 quae
1727 3326 1864 3375 inter
1911 3325 2073 3375 aedes
2121 3338 2306 3374 sacras
2351 3324 2406 3373 in
2455 3322 2712 3374 honorem
2759 3324 2888 3387 Dei,
2943 3330 3040 3372 aut

544 3412 849 3459 memoriam
885 3414 1191 3475 martyrum,
1230 3416 1323 3461 aut
1357 3412 1413 3461 in
1450 3412 1690 3477 exequiis
1725 3413 2074 3477 parabantur,
2121 3410 2364 3461 Christus
2395 3412 2510 3476 ipse
2535 3410 2778 3461 ultimam
2813 3426 3036 3461 coenam

545 3510 837 3560 agaparum
874 3498 1145 3563 exemplar
1181 3497 1330 3560 fecit,
1380 3504 1543 3565 atque
1578 3500 1701 3550 ideo
1737 3498 1824 3549 vel
1861 3500 1991 3565 ipsis
2027 3498 2405 3564 Apostolorum
2443 3498 2772 3564 temporibus
2809 3526 2876 3534 —
2913 3498 3036 3548 coll.

544 3598 628 3648 ep.
656 3581 710 3632 S.
730 3582 909 3633 Judae
933 3600 983 3633 v.
1012 3586 1092 3635 12.
1120 3583 1173 3634 S.
1208 3584 1423 3651 Ignatii,
1452 3602 1535 3652 ep.
1562 3585 1633 3636 ad
1657 3584 1979 3651 Smyrnaeos
2005 3602 2052 3636 c.
2079 3587 2127 3636 8.
2153 3601 2206 3651 p.
2241 3584 2764 3636 231.-—-huiusmodi
2789 3586 3040 3635 convivia

544 3669 659 3719 sive
701 3669 892 3735 epulae
928 3686 1051 3720 cum
1085 3670 1429 3722 Eucharistia
1474 3673 1730 3739 coniungi
1773 3672 2036 3723 solebant.
2095 3672 2316 3723 Mensae
2361 3676 2542 3721 autem
2587 3670 2782 3722 divites
2827 3686 3038 3721 accum-

546 3756 748 3806 bebant
792 3761 846 3806 et
888 3771 1177 3823 pauperes,
1226 3758 1449 3809 fratrum
1496 3774 1642 3810 more
1685 3774 1796 3809 una
1839 3758 2040 3810 Christi
2087 3758 2372 3809 dilectione
2417 3773 2512 3808 seu
2560 3772 2734 3824 agape
2779 3758 3039 3825 populum

547 3845 923 3909 coniungente.
971 3844 1033 3893 In
1072 3844 1211 3894 hanc
1247 3847 1389 3910 piam
1426 3846 1747 3896 convivandi
1785 3846 2226 3897 consuetudinem
2259 3847 2367 3896 iam
2403 3846 2576 3910 prima
2609 3850 2807 3907 aetate,
2843 3847 3040 3910 partim

545 3930 836 3981 ambitione
872 3930 1111 3994 divitum,
1150 3933 1343 3996 partim
1368 3933 1527 3982 etiam
1552 3932 1702 3998 vulgi
1730 3934 1888 3999 copia
1923 3934 2182 3998 irrepsere
2219 3932 2438 3983 abusus.
2487 3932 2846 3993 Quamobrem
2879 3946 3040 3981 suum

545 4032 663 4068 esse
713 4017 862 4067 duxit
904 4019 1139 4082 gentium
1192 4018 1379 4069 doctor
1428 4018 1732 4069 Corinthios
1785 4018 1950 4069 debiti
1998 4018 2162 4070 officii
2211 4018 2527 4081 admonere,
2580 4019 2722 4069 idem
2771 4019 3040 4084 praestitit

544 4102 597 4153 S.
616 4104 807 4167 Judas,
834 4106 921 4171 qui
962 4118 1163 4170 agapas
1188 4119 1223 4155 a
1248 4104 1517 4155 Gnosticis
1542 4105 1916 4156 commaculari
1945 4106 2335 4156 animadvertit.
2389 4104 2526 4155 Cum
2551 4104 2784 4171 denique
2805 4104 3040 4171 plurima

542 4192 597 4240 in
635 4192 1075 4243 consuetudinem
1110 4190 1257 4241 illam
1284 4192 1426 4257 piam
1450 4190 1828 4242 inveherentur
1861 4192 2012 4255 vitia,
2049 4193 2218 4243 satius
2253 4193 2426 4243 visum
2453 4197 2536 4241 est
2557 4192 2840 4242 Ecclesiae
2873 4192 3039 4242 ritum

544 4279 701 4327 istum
740 4294 955 4343 prorsus
992 4276 1210 4339 tollere,
1259 4292 1417 4344 quam
1454 4278 1617 4328 ullam
1660 4279 1848 4345 pietati
1893 4280 2318 4331 communionem
2363 4294 2484 4329 cum
2529 4280 2674 4328 vitiis
2717 4278 3039 4344 relinquere.

544 4363 747 4424 Quodsi
786 4366 905 4431 quis
942 4379 1233 4431 agapas-um
1271 4365 1581 4431 ampliorem
1616 4367 1860 4417 notitiam
1899 4370 2070 4432 optet,
2107 4365 2295 4415 adeat:
2345 4365 2408 4415 1..
2442 4365 2505 4415 A.
2541 4365 2852 4425 Muratorii,
2895 4364 3040 4430 disq.

548 4449 614 4498 de
656 4453 843 4516 agapis
886 4451 1137 4514 sublatis,
1187 4453 1239 4501 in
1276 4451 1478 4501 Anecd.
1514 4468 1589 4516 gr.
1628 4454 1746 4503 Pat.
1787 4454 1940 4503 1709.
1983 4468 2036 4518 p.
2072 4454 2190 4502 241.
2225 4466 2268 4501 s.
2326 4452 2486 4502 Dom.
2521 4452 2718 4514 Macri,
2763 4451 3042 4501 Hierolex.

544 4551 585 4585 s.
620 4533 672 4585 h.
708 4553 758 4585 v.
792 4555 844 4602 p.
878 4540 962 4587 29.
994 4554 1038 4589 s.
1087 4538 1139 4588 J.
1174 4539 1239 4587 L.
1275 4538 1561 4603 Selvaggii,
1597 4540 1776 4604 Antiq.
1815 4538 1938 4589 Chr.
1971 4540 2054 4589 In.
2086 4538 2184 4589 ΠΙ.
2219 4541 2270 4601 9,
2303 4542 2354 4589 6.
2389 4538 2474 4589 ed.
2498 4539 2730 4589 Vercell.
2757 4540 2818 4600 V,
2847 4540 2960 4588 170.
2989 4554 3040 4589 s.

541 4624 783 4689 Augusti,
819 4624 1364 4691 Denkwiirdigkeiten
1401 4640 1451 4675 a.
1476 4625 1525 4675 d.
1552 4624 1662 4677 chr.
1688 4625 2042 4693 Archaologio
2074 4625 2166 4687 IV,
2201 4628 2314 4676 124.
2341 4642 2383 4677 s.
2425 4627 2542 4675 139.
2567 4640 2610 4676 s.
2661 4626 2722 4676 B.
2757 4625 3038 4690 Stolberg‚
