3267 5259
605 432 733 494 324
1341 444 1455 485 mse.
1484 444 1591 485 nov.
1621 443 1710 485 «nv.
1739 443 1906 485 renos.
1935 444 1990 484 11.
2011 454 2105 495 ap.
2133 443 2332 495 panum.

606 614 882 698 faceret,
940 639 1167 681 omnes
1214 616 1278 679 in
1330 614 1565 701 quibus
1620 616 2001 680 eruditionis
2049 626 2115 679 et
2159 617 2470 680 scientiae
2523 612 2812 678 nonnihil
2850 616 3043 689 inerat,

604 729 669 791 in
716 750 859 791 sese
918 726 1363 793 convertebat.
1442 727 1531 791 At
1586 727 1692 791 ille
1749 726 2050 793 omnibus
2103 728 2348 812 pariter
2399 727 2680 791 invictus
2726 736 2886 807 erat,
2935 728 3044 789 sive-

606 862 753 903 cum
800 839 1015 904 multis
1061 840 1255 924 solus,
1302 842 1437 905 sive
1478 864 1625 905 cum
1659 842 1886 925 paucis
1934 839 2464 923 congrederetur.
2527 838 2738 922 ,Tunc
2781 841 2962 923 igitur
2993 840 3046 901 in

604 940 891 1039 speciem
940 952 1201 1038 quidem
1247 953 1677 1017 Alexandrini
1723 952 2216 1037 Libertinique¹
2265 962 2330 1015 et
2361 952 2794 1037 CyrenenseS,
2841 953 3044 1037 quique

601 1064 889 1150 undique
937 1076 1380 1131 convenerant
1424 1066 1722 1130 homines
1755 1089 1901 1130 cum
1935 1066 2228 1129 veritatis
2273 1064 2516 1129 athleta
2562 1063 3044 1148 confligebant2.‘

602 1176 919 1241 Libertini
952 1179 1263 1263 imprimis
1294 1178 1702 1264 Stephanum
1735 1200 2044 1263 superare
2075 1186 2425 1259 tentarunt,
2461 1176 2580 1241 sed
2612 1178 2765 1241 victi
2799 1176 3044 1261 disputa-

601 1291 797 1371 tione,
830 1290 915 1353 ad
938 1290 1142 1355 malas
1166 1300 1338 1355 artes
1364 1293 1686 1373 conversi,
1718 1290 1897 1355 illum
1923 1290 2004 1353 de
2028 1288 2473 1375 blasphemiae
2501 1291 2769 1353 crimine
2792 1310 2956 1352 reum
2977 1285 3044 1349 ad

602 1402 973 1487 synedrium
1006 1403 1271 1467 trahunt
1289 1406 1331 1468 3.
1392 1403 1623 1468 Testes
1659 1403 2060 1485 submittunt,
2096 1404 2204 1488 qui
2234 1404 2352 1467 viri
2383 1404 2786 1487 impietatem
2817 1401 3044 1479 causati,

602 1512 882 1577 violatae
914 1514 1113 1599 Legis
1146 1518 1414 1579 noxium
1450 1516 1808 1581 mendaciis
1848 1525 2188 1601 peragant.
2253 1514 2420 1580 Cum
2459 1525 2665 1579 staret
2695 1524 2842 1579 ante
2883 1511 3048 1576 tribu·

600 1625 707 1689 nal
740 1625 1105 1711 Stephanus
1152 1627 1337 1692 vultu
1381 1630 1609 1693 nitenti
1643 1628 1728 1693 ad
1757 1631 2164 1692 maiestatem
2211 1628 2597 1713 composit0‚
2647 1626 2836 1712 quale
2866 1623 3048 1708 angeli

602 1737 875 1821 dixeriS,
935 1739 1224 1803 obiectas
1280 1739 1400 1803 sibi
1448 1740 1802 1805 calumnias
1863 1739 2164 1805 refellere
2223 1762 2572 1827 aggressus
2592 1790 2610 1821 ,
2675 1740 3048 1803 sermonem⁴

600 1850 855 1935 longius
878 1852 1188 1937 produxit
1217 1862 1283 1917 et
1312 1852 1682 1939 apologiam
1715 1855 1907 1937 texit3
1939 1877 2070 1919 non
2103 1862 2236 1917 tam
2269 1875 2472 1935 suam,
2507 1856 2704 1937 quam
2738 1850 3048 1938 ponendae

598 1964 665 2026 in
714 1962 1038 2028 Christum
1096 1964 1249 2029 fidei
1306 1968 1652 2052 repetitam
1713 1988 1797 2029 ex
1859 1988 2082 2030 eorum
2130 1967 2418 2029 omnium
2465 1967 2660 2047 serie,
2719 1986 2882 2050 quae
2923 1961 3050 2025 inde

600 2076 682 2141 ab
753 2078 1213 2162 antiquissimis
1280 2076 1688 2164 temporibus
1761 2080 1930 2141 inter
1995 2076 2212 2141 Deum
2279 2076 2729 2163 populumque
2805 2076 3049 2140 electum

598 2197 787 2273 gesta
852 2200 1003 2253 sunt
1022 2194 1062 2253 ⁵.
1158 2190 1395 2254 Judaei
1458 2212 1497 2253 a
1555 2190 1791 2255 Levita
1851 2213 1920 2253 sc
1983 2192 2194 2254 acrius
2253 2189 2689 2275 reprehensos
2749 2188 3050 2273 indignafi,

810 2444 847 2509 ¹)
892 2444 1281 2505 „Romanorum
1328 2443 1503 2493 liberti
1542 2448 1694 2493 crant
1730 2448 1783 2493 et
1817 2444 1896 2493 sic
1933 2442 2392 2509 appellabantur.“
2457 2444 2509 2493 S.
2549 2442 2968 2507 chrysostomus,
3006 2440 3052 2487 in

596 2532 715 2581 Act.
740 2532 877 2581 hom.
906 2532 1021 2593 XV,
1053 2535 1100 2581 1.
1136 2548 1187 2596 p.
1218 2532 1332 2579 119.
1382 2530 1525 2579 Hinc
1562 2530 1750 2579 eadem
1785 2532 2050 2580 sententia
2087 2530 2203 2579 aliis
2230 2546 2288 2579 se
2313 2529 2577 2595 probavit,
2615 2546 2752 2595 quos
2785 2530 2900 2595 lege
2931 2526 3052 2593 apud

600 2618 875 2681 VVolfium,
912 2619 967 2667 in
1002 2618 1119 2667 Act.
1152 2618 1251 2683 Ap.
1290 2634 1341 2682 p.
1378 2620 1528 2667 1090.
1580 2617 1638 2665 C.
1675 2616 1960 2677 WVieselcr,
2015 2615 2374 2681 chronologie
2423 2616 2516 2666 des
2565 2616 2751 2681 Apost.
2789 2614 3050 2665 Zeitalters.

604 2704 745 2757 Gott.
794 2706 944 2754 1848.
990 2721 1041 2769 p.
1086 2706 1173 2753 61.
1234 2703 1449 2768 Meyer,
1496 2703 1575 2752 kr.
1616 2718 1696 2753 ex.
1745 2702 1960 2752 Handb.
1997 2706 2049 2751 ti.
2089 2702 2139 2751 d.
2177 2701 2451 2767 Apostelg.
2511 2701 2656 2752 Gtstt.
2698 2704 2845 2753 1854.
2887 2718 2936 2766 p.
2971 2701 3052 2748 123

600 2791 793 2856 Opinio
842 2805 949 2857 qua
994 2790 1255 2840 Libertini
1303 2790 1506 2855 origine
1554 2788 1752 2839 Judaei
1799 2789 2086 2851 habentur,
2135 2791 2225 2854 qui
2271 2790 2328 2837 in
2371 2788 2534 2839 Italia
2579 2794 2674 2837 aut
2713 2789 2908 2839 Romae
2945 2802 3051 2851 gen-

597 2878 767 2927 tilium
812 2879 1041 2927 scrvitiis
1094 2876 1306 2940 addicti,
1358 2882 1409 2926 et
1458 2877 1526 2925 ab
1573 2878 1639 2925 iis
1685 2876 1934 2925 libertate
1981 2874 2180 2925 addicti
2227 2880 2366 2936 sunt,
2412 2880 2520 2925 tam
2566 2876 2854 2941 praeclaris
2895 2875 3054 2923 nititur

598 2966 947 3029 argumentis,
996 2970 1057 3013 ut
1100 2964 1259 3013 facile
1308 2979 1583 3013 assensum
1631 2964 1825 3027 cuique
1871 2979 1976 3013 non
2015 2964 2168 3013 nimis
2211 2963 2470 3027 pertinaci
2508 2968 2822 3027 extorquere
2857 2962 3052 3027 possint.

596 3052 660 3100 In
698 3054 876 3102 omnia
911 3052 1017 3101 alia
1052 3068 1197 3101 more
1235 3066 1332 3101 suo
1370 3052 1483 3100 abit
1517 3051 1567 3099 J.
1596 3050 1924 3111 narduinus,
1962 3048 2087 3099 diss.
2125 3050 2180 3098 in
2216 3049 2330 3098 Act.
2368 3051 2416 3109 6,
2444 3052 2492 3097 9.
2545 3049 2646 3114 Op.
2683 3049 2779 3099 sel.
2814 3065 2864 3114 p.
2887 3050 2992 3097 903.
3017 3060 3052 3092 s,

598 3138 824 3190 docense
880 3152 1208 3204 synagogam
1262 3138 1658 3187 Libertinorum
1710 3136 2062 3201 Jerosolymis
2117 3140 2438 3187 exstructam
2487 3136 2656 3186 fuisse
2705 3136 3052 3201 Cyl-cneorum,

594 3226 1087 3287 Alexandrinorum,
1126 3225 1365 3287 Cilicum,
1406 3230 1458 3272 et
1492 3224 1826 3285 Asianorum,
1867 3238 2005 3289 quae
2041 3227 2229 3288 gentes
2266 3238 2330 3271 ex
2367 3227 2595 3289 utroque
2629 3222 2800 3272 latere
2833 3220 3051 3271 Judaeae

596 3312 1001 3377 protendantur,
1058 3318 1111 3361 et
1162 3314 1339 3361 statim
1396 3326 1429 3360 a
1482 3326 1522 3360 s.
1560 3312 1715 3359 Luca
1767 3316 2139 3360 memorantur.
2225 3308 2282 3357 Si
2337 3325 2462 3359 vero
2518 3315 2694 3359 textus
2752 3307 3052 3374 expendatur

595 3401 761 3463 primo
810 3400 1007 3449 intuitu
1044 3404 1227 3464 aperte
1275 3398 1602 3448 demonstrat
1647 3398 1714 3447 de
1761 3396 1985 3447 diversis
2019 3396 2109 3445 hic
2153 3398 2440 3461 synagogis
2487 3397 2590 3461 agi.
2655 3395 2914 3445 Harduini
2947 3408 3051 3441 con-

593 3486 849 3535 iecturam
882 3485 1134 3535 refellunt
1161 3486 1212 3535 S.
1232 3485 1566 3549 Deylingius,
1607 3484 1736 3533 Obs.
1765 3500 1806 3533 s.
1843 3484 1914 3545 ΙΙ,
1941 3486 2022 3532 35.
2051 3500 2102 3547 p.
2129 3484 2246 3531 332.
2273 3497 2316 3531 s.
2343 3488 2397 3531 et
2419 3482 2470 3531 J.
2495 3482 2560 3532 R.
2589 3481 2969 3531 Cademannus.
2993 3478 3051 3527 de

594 3572 781 3622 schola
816 3573 1226 3622 Libertinorum.
1274 3572 1421 3637 LipS.
1451 3572 1600 3621 1704.
1626 3572 1754 3620 item
1778 3570 1876 3620 Ph.
1907 3570 1959 3619 J.
1987 3568 2238 3631 Schmidt,
2277 3568 2403 3619 disS.
2442 3568 2509 3617 de
2545 3584 2828 3635 synagoga
2853 3566 3054 3617 Liberti·

594 3674 781 3708 norum
818 3660 887 3708 ad
923 3659 1295 3709 illustrandum
1332 3657 1505 3709 locum
1542 3658 1660 3707 Aet.
1689 3660 1734 3721 6,
1762 3660 1810 3707 9.
1859 3657 2139 3721 Argentor.
2171 3658 2320 3705 1754.
2359 3672 2411 3720 p.
2441 3658 2485 3705 7.
2513 3672 2555 3705 s.
2631 3656 2673 3721 2)
2713 3655 2766 3705 S.
2795 3654 3056 3719 Gregorius

593 3746 777 3810 Nysa,
823 3747 879 3795 in
923 3763 965 3796 s.
1002 3745 1329 3810 Stephanum
1366 3762 1418 3809 p.
1458 3746 1572 3794 706.
1648 3744 1688 3809 ³)
1727 3744 1789 3793 Id
1835 3744 1974 3793 enim
2021 3742 2325 3808 expeditum
2361 3742 2670 3805 videbatur,
2723 3748 2782 3791 ut
2817 3740 3054 3791 aemulum

594 3832 891 3898 perderent,
932 3848 1050 3882 cum
1090 3846 1256 3883 causa
1292 3846 1471 3881 coram
1506 3833 1750 3881 Romano
1787 3830 1963 3881 iudice
2003 3834 2124 3879 acta
2145 3830 2202 3877 in
2224 3828 2443 3894 longum
2467 3830 2626 3879 nimis
2653 3834 2798 3879 esset
2821 3825 3056 3877 ducenda.

593 3920 636 3985 ⁴)
674 3920 757 3969 Dc
795 3936 899 3985 quo
936 3919 969 3969 l.
1008 3918 1245 3968 Diderici
1282 3919 1347 3967 dc
1384 3919 1699 3974 Boonvoust
1733 3917 2062 3977 Beckmann,
2101 3915 2236 3980 disp.
2275 3916 2341 3964 de
2379 3918 2620 3965 oratione
2659 3914 2911 3981 Stephani
2943 3926 3056 3977 apo·

592 4006 839 4071 logetica.
889 4007 1033 4055 Trai.
1060 4006 1129 4054 ad
1154 4006 1251 4055 Rh.
1282 4007 1432 4054 1820.
1463 4021 1514 4069 p.
1540 4006 1623 4054 24.
1651 4019 1693 4055 s.
1719 4006 1802 4053 88.
1829 4020 1872 4053 s.
1921 4004 2010 4053 Fr.
2039 4002 2160 4051 Chr.
2186 4002 2348 4065 Baur,
2375 4002 2442 4051 de
2468 4003 2727 4051 orationis
2753 4017 2785 4051 a
2810 3999 3057 4064 Stephano

592 4093 709 4143 Act.
734 4092 853 4141 VII.
882 4092 1123 4142 consilio.
1172 4092 1308 4141 Tul».
1338 4094 1487 4141 1829.
1552 4093 1593 4155 ⁵)
1634 4091 1752 4151 Quo
1792 4089 2052 4155 ampliora
2087 4090 2163 4137 ait
2198 4105 2239 4139 s.
2267 4087 2572 4153 Stephanus
2607 4089 2806 4139 fuerint
2840 4092 2892 4135 et
2922 4085 3058 4133 lucu-

589 4179 821 4229 lentiora
866 4180 969 4228 Dei
1019 4178 1305 4240 beneficia,
1356 4194 1419 4227 co
1468 4179 1792 4243 asperiorem
1839 4182 1893 4225 et
1938 4177 2106 4241 magis
2153 4174 2386 4225 alienum
2435 4190 2470 4224 a
2510 4175 2745 4225 Domino
2791 4186 3058 4236 numquam

592 4281 701 4315 non
744 4268 973 4331 gessisse
1020 4282 1077 4315 se
1124 4265 1394 4331 populum.
1453 4255 1692 4329 Repetiit
1735 4265 1958 4328 primum
2003 4263 2120 4312 Act.
2159 4264 2204 4325 7,
2241 4264 2429 4311 2-16.
2475 4262 2621 4311 illam
2669 4267 2915 4319 aetatem,
2957 4272 3064 4322 qua

592 4368 722 4416 gens
748 4353 1116 4403 Hebraeorum
1152 4354 1387 4403 nondum
1412 4352 1527 4414 fuit,
1564 4352 1662 4401 sed
1685 4350 1800 4400 fieri
1825 4351 2034 4399 demum
2072 4350 2272 4413 coepit3
2311 4350 2647 4399 vocationem
2671 4348 2911 4399 Abrahae
2945 4360 3060 4394 cum

590 4440 940 4503 promissione
966 4442 1014 4489 ei
1042 4440 1367 4505 reliquisque
1406 4438 1729 4488 Patriarchis
1766 4438 1928 4501 facta,
1963 4438 2092 4485 item
2115 4435 2330 4485 foedere
2357 4437 2776 4485 circumcisionis
2800 4450 2900 4485 non
2921 4435 3064 4498 ipsos

594 4526 900 4588 attinuisse,
960 4527 1056 4576 sed
1114 4526 1370 4591 populum
1432 4542 1497 4575 ex
1549 4540 1734 4575 eorum
1789 4525 1954 4589 stirpe
2009 4522 2357 4588 proditurum.
2435 4522 2654 4573 Transit
2707 4521 2776 4572 ad
2825 4520 3066 4569 historias

594 4610 888 4659 eductionis
914 4626 977 4661 ex
1002 4612 1244 4677 Aegypto
1270 4614 1501 4676 itemque
1526 4612 1872 4677 profectionis
1897 4626 1992 4675 per
2016 4609 2269 4659 Arabiam
2293 4624 2342 4657 v.
2367 4610 2605 4671 17-47,,
2637 4608 3067 4673 prosequiturque
