3267 5259
911 454 1105 497 Tertium
1134 454 1303 497 Pascha
1330 468 1358 496 a
1384 454 1554 496 Christi
1583 455 1864 507 baptismate.
1979 506 1985 510 ¹
2555 443 2630 509 81

208 628 431 691 secessit
486 629 551 691 in
619 628 929 713 oppidum
994 627 1285 715 Ephrem
1311 633 1349 693 ¹.
1435 629 1670 715 Neque
1737 652 1895 695 vero
1963 628 2069 693 hic
2139 628 2376 694 diutius
2435 629 2639 713 latuit,

207 738 359 824 paulo
400 741 563 805 enim
606 752 757 825 post
802 740 916 805 dat
958 764 1031 805 se
1074 743 1143 805 in
1187 744 1361 806 viam
1407 742 1451 807 J
1455 742 1892 827 erosolymam
1935 764 2184 825 versus,
2227 750 2304 805 ut
2345 740 2639 806 ultimum

206 854 488 937 inviseret,
533 864 600 918 et
644 854 729 919 ad
773 856 1244 940 poenitentiam
1288 864 1578 919 vocaret.
1653 856 1757 920 Ae
1803 855 2102 941 praeibat
2147 854 2410 940 quidem
2457 863 2636 919 tanto

206 964 413 1048 ardore,
442 976 513 1029 ut
540 988 739 1051 aegre
775 990 925 1030 eum
958 966 1303 1053 discipuli²
1342 976 1792 1053 sequerentur,
1834 967 2068 1053 quibus
2101 976 2166 1031 et
2194 968 2640 1031 imminentem

206 1079 414 1162 aperuit
454 1078 791 1143 enucleate
837 1081 1231 1165 passionem.
1307 1078 1523 1159 Quam
1564 1104 1715 1144 cum
1761 1091 1956 1145 antea
1985 1103 2110 1145 nec
2155 1079 2400 1144 semel³
2445 1080 2638 1145 Jesus

206 1189 601 1274 praedixisset,
647 1203 868 1257 tamen
915 1214 1133 1279 neque
1182 1195 1319 1258 eius
1364 1195 1459 1257 rei
1504 1192 1774 1259 modum
1831 1215 2046 1279 neque
2093 1194 2410 1258 rationem
2457 1192 2638 1255 intel-

204 1300 445 1386 ligebant
482 1304 783 1390 Apostoli
804 1310 846 1370 ⁴.
923 1306 1063 1370 Iter
1106 1308 1299 1390 igitur
1350 1307 1559 1370 iniens
1604 1306 1649 1371 J
1653 1305 2050 1392 erosolymas
2105 1305 2364 1370 obviam
2417 1304 2643 1369 habuit

206 1412 457 1479 Salomen
518 1416 855 1482 Zebedaei
903 1421 1284 1503 coniugem,
1346 1417 1579 1484 Jacobi
1645 1430 1709 1483 et
1767 1419 2042 1484 Joannis
2101 1427 2401 1497 matrem,
2472 1440 2638 1503 quae

204 1527 431 1610 pedibus
460 1528 695 1594 Christi
727 1530 1039 1595 advoluta
1071 1555 1219 1595 eum
1252 1532 1527 1615 rogavit,
1572 1541 1646 1595 ut
1682 1531 1960 1595 filiorum
2005 1532 2118 1594 uni
2159 1530 2244 1594 ad
2276 1529 2638 1613 dexteram,

204 1638 343 1703 alteri
372 1644 719 1707 sessionem
744 1643 832 1706 ad
855 1645 1177 1707 sinistram
1208 1646 1274 1707 in
1306 1666 1507 1729 regno
1542 1643 1877 1709 coelorum
1910 1642 2323 1708 concederet.
2351 1640 2642 1706 Christus

204 1757 467 1817 matrem⁵
506 1756 951 1840 importunam
996 1778 1313 1841 responso
1358 1756 1640 1841 depulit:
1687 1778 1894 1841 penes
1939 1778 2011 1819 se
2058 1757 2248 1819 situm
2295 1778 2426 1819 non
2475 1776 2638 1835 esse,

204 1863 341 1947 quod
378 1876 622 1951 peteret
668 1866 909 1952 largiri,
956 1868 1075 1933 sed
1120 1868 1297 1954 apud
1342 1868 1604 1933 Patrem
1653 1892 1861 1949 suum,
1910 1870 2020 1953 qui
2065 1868 2312 1951 gratiae
2360 1888 2638 1930 oecono-

202 1998 335 2056 mus,
378 2000 511 2043 eam
568 2002 695 2065 pro
752 1979 961 2044 lubitu
1008 1980 1211 2045 daret.
1288 1980 1459 2045 Tum
1515 1992 1770 2047 ceteros
1813 1980 2226 2065 indignantes
2284 1978 2638 2060 admonuit,

200 2100 251 2151 ut
287 2093 380 2175 qui
421 2091 555 2157 aliis
600 2095 863 2178 praeire
910 2093 1144 2176 ambit,
1192 2096 1477 2157 omnium
1534 2117 1762 2159 servus
1810 2104 1876 2158 et
1919 2094 2210 2157 minister
2252 2091 2638 2173 haberetur-3

202 2199 282 2263 filii
320 2202 575 2269 hominis
625 2204 973 2291 exemplo,
1033 2207 1143 2291 qui
1190 2208 1522 2271 servitium
1570 2206 1862 2271 obiturus
1905 2214 2208 2287 venerat,
2256 2228 2373 2268 sua
2431 2212 2638 2268 morte

199 2312 438 2381 homines
492 2318 683 2383 coelo
742 2319 1113 2383 redditurus
1134 2322 1174 2382 ⁶.
1254 2320 1641 2385 Zachaeus⁷
1701 2320 1922 2384 audito
1987 2319 2215 2383 Jesum
2276 2316 2638 2382 Jerichunti

198 2426 409 2513 instare,
454 2452 601 2495 eum
642 2430 911 2495 videndi
961 2431 1265 2516 cupidine
1312 2441 1638 2515 aestuanS,
1674 2456 1820 2497 cum
1869 2442 2116 2495 statura.
2158 2452 2400 2517 parvus
2448 2440 2638 2509 esset,

196 2560 556 2621 sycomorum
612 2542 832 2607 subiit.
908 2543 1138 2607 Visum
1198 2542 1489 2607 Christus
1546 2567 1632 2608 ex
1687 2544 1922 2607 arbore
1981 2542 2384 2607 descendere
2437 2540 2638 2621 iubet,

196 2672 351 2734 quem
432 2656 863 2741 contemplari
952 2667 1295 2741 tantopere
1387 2656 1749 2744 appetebat
1826 2656 2104 2742 hospitio
2189 2664 2637 2739 excepturum.

196 2760 483 2831 Zachaeus
536 2768 670 2831 Dei
735 2768 1235 2834 contubernium
1300 2780 1641 2855 expertus,
1697 2768 1922 2833 relicto
1985 2768 2354 2833 divitiarum
2420 2788 2639 2848 onere,

196 2896 377 2941 earum
439 2880 782 2944 dimidium
858 2880 1256 2966 pauperibus
1332 2881 1640 2965 elargitus
1711 2892 1843 2964 est,
1913 2880 2216 2945 fraudum
2286 2902 2489 2944 censu
2556 2877 2640 2942 ad

198 2988 580 3076 quadruplum
648 2992 908 3056 reddito
930 2996 973 3055 ⁸.
1070 2992 1625 3079 Appropinquans
1694 2993 1738 3058 J
1743 2993 2146 3057 erichuntem
2213 2992 2408 3057 Jesus
2477 2990 2640 3054 duos

197 3120 387 3167 coecos
415 3126 617 3190 prope
652 3103 888 3168 urbem
920 3104 1335 3189 illuminavit3
1385 3108 1494 3191 qui
1525 3108 1593 3169 in
1622 3106 1752 3169 Dei
1783 3105 2010 3170 laudes
2045 3106 2231 3169 effusi
2261 3104 2639 3167 benefacto-

194 3230 300 3276 rem
364 3238 545 3281 suum
620 3220 835 3282 secuti
902 3228 1051 3281 sunt
1069 3221 1111 3282 ⁹.
1212 3218 1574 3303 Prorogato
1651 3218 2018 3284 Jerusalem
2091 3240 2321 3283 versus
2387 3218 2638 3297 itinere,

362 3480 397 3543 ¹)
433 3473 685 3550 Ἐφραίμ,
716 3480 913 3530 Joann.
956 3483 1045 3543 11,
1083 3482 1167 3531 54.
1215 3481 1480 3545 Eusebio,
1517 3481 1708 3531 Onom.
1745 3480 1827 3531 ed.
1861 3480 2092 3545 Parthey
2119 3497 2169 3546 p.
2200 3482 2316 3529 197.
2355 3479 2638 3540 „vicesimo

196 3560 247 3608 ab
275 3564 409 3615 Aelia
441 3568 749 3618 milliario.“
810 3566 1107 3629 Bonfrerio,
1134 3567 1169 3616 l.
1196 3583 1243 3616 c.
1268 3584 1321 3633 p.
1360 3569 1439 3617 70.
1478 3568 1583 3618 sita
1617 3569 1674 3616 in
1711 3568 1921 3617 deserto
1958 3567 2346 3617 Jeriehuntino.
2404 3564 2658 3630 Ephrem·

195 3660 285 3697 cum
320 3651 526 3717 Ephron
571 3652 860 3705 confundit
900 3652 1129 3715 Amold,
1175 3653 1469 3704 Palitstina.
1532 3654 1709 3704 Halle.
1758 3656 1908 3704 1845.
1951 3672 2003 3720 p.
2041 3657 2158 3705 183.
2215 3654 2532 3718 Vaihinger,
2581 3654 2636 3700 in

196 3730 404 3803 Herzog&
420 3740 485 3790 R.
504 3742 571 3793 Ε.
590 3741 691 3802 IV,
712 3742 796 3791 93.
834 3740 1069 3805 Ephrem
1094 3740 1229 3789 abiit
1251 3757 1359 3792 non
1378 3746 1487 3791 tam
1510 3746 1573 3791 ut
1594 3742 1789 3791 vitaret
1813 3747 2048 3803 mortem,
2072 3756 2232 3807 quam
2256 3743 2318 3793 ut
2337 3740 2642 3790 ostenderet

195 3820 271 3869 sibi
290 3824 404 3875 nihil
428 3842 545 3879 esse
569 3832 795 3889 tectum,
821 3827 1045 3893 proinde
1070 3828 1177 3877 iam
1212 3828 1543 3877 inimicorum
1569 3828 1795 3878 consilia
1819 3829 2130 3877 innotuisse.
2169 3827 2210 3893 2)
2233 3826 2438 3888 Quibus
2459 3826 2640 3891 displi-

195 3906 317 3958 vebat
345 3911 395 3961 id
427 3914 551 3976 iter,
589 3915 725 3979 quia
755 3912 1087 3963 Judaeorum
1122 3913 1345 3964 insidias
1377 3916 1433 3963 in
1466 3916 1778 3979 magistrum
1815 3914 2140 3965 metuebant.
2190 3912 2231 3979 ³)
2256 3914 2320 3963 V.
2354 3930 2406 3977 p.
2446 3914 2528 3961 70.
2559 3915 2638 3962 72.

196 3992 225 4053 ⁴)
246 3993 355 4046 Luc.
392 4001 468 4062 18,
496 4002 581 4051 34.
638 3997 682 4066 ⁵)
709 3998 867 4061 Quod
900 4016 1063 4050 coeco
1101 4015 1279 4050 amore
1313 4000 1499 4064 ducta,
1534 4001 1658 4051 filiis
1689 4002 1974 4067 primatum
2007 4001 2279 4050 ardentius
2313 4004 2640 4066 exposceret.

196 4083 224 4134 ’7
246 4079 405 4134 Matth.
428 4088 511 4149 20,
536 4089 619 4137 17.
642 4100 687 4135 s.
712 4085 877 4136 Marc.
901 4089 981 4149 10,
998 4088 1081 4135 32.
1096 4101 1137 4135 s.
1163 4086 1297 4136 Luc.
1315 4089 1396 4150 18,
1412 4090 1495 4137 31.
1510 4102 1554 4139 s.
1596 4088 1636 4152 ⁷)
1658 4087 2220 4138 Publicanorum—-in
2239 4086 2330 4135 illo
2351 4087 2638 4135 tractu?—

194 4166 395 4236 princcps
428 4177 482 4222 et
514 4175 600 4223 vir
640 4173 946 4237 opulentus.
1012 4172 1055 4237 8)
1094 4174 1214 4234 Qua
1248 4172 1569 4223 liberalitate
1607 4180 1661 4224 et
1696 4180 2036 4240 peecatorum
2072 4175 2284 4223 veniam
2321 4172 2550 4222 obtinuit
2588 4177 2643 4221 et

196 4250 306 4303 bona
321 4260 491 4322 egenis
516 4258 700 4309 dando
726 4275 835 4308 non
858 4265 970 4308 tam
993 4259 1226 4324 perdidit
1251 4274 1409 4324 quam
1434 4262 1674 4310 mutavit.
1706 4261 1836 4310 Luc.
1859 4264 1940 4323 19,
1964 4263 2010 4310 1.
2029 4276 2071 4311 s.
2117 4260 2158 4323 9)
2178 4258 2366 4308 Matth.
2385 4260 2470 4321 20,
2493 4260 2576 4308 29.
2597 4276 2640 4313 s.

196 4336 323 4391 Marc.
349 4346 423 4407 10,
446 4348 533 4395 46.
580 4347 720 4395 Luc.
750 4348 831 4408 18,
857 4348 940 4395 35.
992 4345 1045 4395 S.
1070 4346 1379 4397 Matthaeus
1417 4347 1552 4397 duos
1590 4353 1980 4409 commemorat,
2007 4345 2100 4397 sed
2135 4346 2262 4409 quia
2297 4344 2433 4394 alter
2469 4345 2638 4395 altero

197 4426 396 4492 nobilior,
420 4434 579 4483 unius
618 4438 827 4483 tantum
864 4434 1215 4482 meminerunt
1250 4450 1292 4483 s.
1318 4433 1553 4496 Marcus,
1578 4437 1632 4483 et
1657 4448 1698 4483 s.
1718 4434 1926 4495 Lucas3
1965 4434 2118 4483 cuius
2154 4436 2208 4481 et
2242 4447 2437 4481 nomen
2466 4432 2640 4481 Batti-

196 4522 341 4565 meus
373 4520 617 4584 exprimit
668 4536 713 4570 s.
758 4520 989 4569 Marcus.
1050 4520 1361 4570 Contrarias
1399 4522 1698 4569 sententiae
1735 4520 1946 4586 patroni
1983 4519 2084 4569 hoc
2123 4534 2286 4568 unum
2319 4518 2638 4569 discriminis

198 4596 395 4667 afferunt,
416 4605 561 4670 quod
584 4606 739 4656 iuxta
776 4622 817 4656 s.
844 4606 1049 4655 Lucam
1076 4606 1317 4657 Christus
1356 4608 1812 4672 appropinquaret
1845 4605 2088 4670 Jerich03
2125 4606 2276 4655 iuxta
2309 4605 2640 4655 Matthaeum

277 4690 452 4743 ano.
482 4698 600 4739 nist.
630 4698 935 4740 Revelationis
962 4698 1153 4740 divinae.
1174 4698 1234 4740 11.
2298 4694 2329 4742 6
