<?xml version="1.0" encoding="UTF-8"?>
<!DOCTYPE html PUBLIC "-//W3C//DTD XHTML 1.0 Transitional//EN"
    "http://www.w3.org/TR/xhtml1/DTD/xhtml1-transitional.dtd">
<html xmlns="http://www.w3.org/1999/xhtml" xml:lang="en" lang="en">
 <head>
  <title>
</title>
<meta http-equiv="Content-Type" content="text/html;charset=utf-8" />
  <meta name='ocr-system' content='tesseract 3.04.00' />
  <meta name='ocr-capabilities' content='ocr_page ocr_carea ocr_par ocr_line ocrx_word'/>
</head>
<body>
  <div class='ocr_page' id='page_1' title='image "./historiarevelat00unkngoog_0168.png"; bbox 0 0 3267 5259; ppageno 0'>
   <div class='ocr_carea' id='block_1_1' title="bbox 577 426 2377 491">
    <p class='ocr_par' dir='ltr' id='par_1_1' title="bbox 577 426 2377 491">
     <span class='ocr_line' id='line_1_1' title="bbox 577 426 2377 491; baseline -0.003 -11"><span class='ocrx_word' id='word_1_1' title='bbox 577 426 666 491; x_wconf 84' lang='lat'><strong>40</strong></span> <span class='ocrx_word' id='word_1_2' title='bbox 723 446 732 451; x_wconf 96' lang='lat'>·</span> <span class='ocrx_word' id='word_1_3' title='bbox 1243 436 1360 479; x_wconf 70' lang='lat' dir='ltr'><strong>nist.</strong></span> <span class='ocrx_word' id='word_1_4' title='bbox 1391 436 1497 479; x_wconf 68' lang='lat' dir='ltr'><strong>aar.</strong></span> <span class='ocrx_word' id='word_1_5' title='bbox 1528 436 1617 477; x_wconf 75' lang='lat' dir='ltr'><strong>div.</strong></span> <span class='ocrx_word' id='word_1_6' title='bbox 1648 436 1702 477; x_wconf 73' lang='lat' dir='ltr'><strong>s.</strong></span> <span class='ocrx_word' id='word_1_7' title='bbox 1722 435 1771 477; x_wconf 77' lang='lat' dir='ltr'><strong>r.</strong></span> <span class='ocrx_word' id='word_1_8' title='bbox 1802 435 1967 477; x_wconf 73' lang='lat' dir='ltr'><strong>Pei-iod.</strong></span> <span class='ocrx_word' id='word_1_9' title='bbox 1998 435 2032 476; x_wconf 91' lang='lat'><strong>1.</strong></span> <span class='ocrx_word' id='word_1_10' title='bbox 2060 446 2154 487; x_wconf 65' lang='lat' dir='ltr'><strong>ap.</strong></span> <span class='ocrx_word' id='word_1_11' title='bbox 2178 437 2377 487; x_wconf 69' lang='lat' dir='ltr'><strong>prunum.</strong></span> 
     </span>
    </p>
   </div>
   <div class='ocr_carea' id='block_1_2' title="bbox 579 611 3059 4669">
    <p class='ocr_par' dir='ltr' id='par_1_2' title="bbox 579 611 3059 4669">
     <span class='ocr_line' id='line_1_2' title="bbox 579 611 3057 676; baseline -0.002 -11"><span class='ocrx_word' id='word_1_12' title='bbox 579 615 928 665; x_wconf 78' lang='lat' dir='ltr'><strong>tentationem</strong></span> <span class='ocrx_word' id='word_1_13' title='bbox 964 615 1396 665; x_wconf 68' lang='lat' dir='ltr'><strong>consummasse?</strong></span> <span class='ocrx_word' id='word_1_14' title='bbox 1431 612 1657 661; x_wconf 87' lang='lat' dir='ltr'><strong>Videtur</strong></span> <span class='ocrx_word' id='word_1_15' title='bbox 1694 612 1821 662; x_wconf 90' lang='lat' dir='ltr'><strong>mihi</strong></span> <span class='ocrx_word' id='word_1_16' title='bbox 1868 612 1949 661; x_wconf 77' lang='lat' dir='ltr'><strong>ut&#39;</strong></span> <span class='ocrx_word' id='word_1_17' title='bbox 1976 613 2159 676; x_wconf 90' lang='lat' dir='ltr'><strong>capita</strong></span> <span class='ocrx_word' id='word_1_18' title='bbox 2204 613 2559 661; x_wconf 77' lang='lat' dir='ltr'><strong>tentationum</strong></span> <span class='ocrx_word' id='word_1_19' title='bbox 2614 611 2845 673; x_wconf 84' lang='lat' dir='ltr'><strong>diceret,</strong></span> <span class='ocrx_word' id='word_1_20' title='bbox 2896 628 3057 662; x_wconf 82' lang='lat' dir='ltr'><strong>omnes</strong></span> 
     </span>
     <span class='ocr_line' id='line_1_3' title="bbox 581 697 3057 765; baseline -0.001 -15"><span class='ocrx_word' id='word_1_21' title='bbox 581 701 793 763; x_wconf 76' lang='lat' dir='ltr'>dixisse,</span> <span class='ocrx_word' id='word_1_22' title='bbox 833 702 991 765; x_wconf 89' lang='lat' dir='ltr'><strong>quasi</strong></span> <span class='ocrx_word' id='word_1_23' title='bbox 1027 701 1145 750; x_wconf 86' lang='lat' dir='ltr'><strong>aliis</strong></span> <span class='ocrx_word' id='word_1_24' title='bbox 1181 701 1282 749; x_wconf 89' lang='lat' dir='ltr'><strong>hoc</strong></span> <span class='ocrx_word' id='word_1_25' title='bbox 1319 714 1539 749; x_wconf 89' lang='lat' dir='ltr'><strong>numero</strong></span> <span class='ocrx_word' id='word_1_26' title='bbox 1583 699 2015 765; x_wconf 88' lang='lat' dir='ltr'><strong>comprehensis“</strong></span> <span class='ocrx_word' id='word_1_27' title='bbox 2052 716 2103 764; x_wconf 88' lang='lat' dir='ltr'><strong>p.</strong></span> <span class='ocrx_word' id='word_1_28' title='bbox 2145 700 2259 749; x_wconf 75' lang='lat'><strong>172.</strong></span> <span class='ocrx_word' id='word_1_29' title='bbox 2314 698 2463 747; x_wconf 85' lang='lat' dir='ltr'>Idem</span> <span class='ocrx_word' id='word_1_30' title='bbox 2498 699 2632 747; x_wconf 77' lang='lat' dir='ltr'><strong>facit</strong></span> <span class='ocrx_word' id='word_1_31' title='bbox 2666 697 2721 747; x_wconf 79' lang='lat' dir='ltr'><strong>S.</strong></span> <span class='ocrx_word' id='word_1_32' title='bbox 2745 698 3057 757; x_wconf 76' lang='lat' dir='ltr'><strong>Ambrosius,</strong></span> 
     </span>
     <span class='ocr_line' id='line_1_4' title="bbox 581 784 3056 853; baseline -0.002 -16"><span class='ocrx_word' id='word_1_33' title='bbox 581 802 767 853; x_wconf 73' lang='lat' dir='ltr'><strong>expOS.</strong></span> <span class='ocrx_word' id='word_1_34' title='bbox 807 788 1014 853; x_wconf 83' lang='lat' dir='ltr'><strong>Evang.</strong></span> <span class='ocrx_word' id='word_1_35' title='bbox 1041 802 1148 837; x_wconf 88' lang='lat' dir='ltr'><strong>sec.</strong></span> <span class='ocrx_word' id='word_1_36' title='bbox 1181 787 1314 836; x_wconf 88' lang='lat' dir='ltr'><strong>Luc.</strong></span> <span class='ocrx_word' id='word_1_37' title='bbox 1340 786 1375 835; x_wconf 89' lang='lat' dir='ltr'><strong>l.</strong></span> <span class='ocrx_word' id='word_1_38' title='bbox 1410 786 1502 848; x_wconf 88' lang='lat' dir='ltr'><strong>IV,</strong></span> <span class='ocrx_word' id='word_1_39' title='bbox 1530 788 1612 836; x_wconf 82' lang='lat'><strong>35.</strong></span> <span class='ocrx_word' id='word_1_40' title='bbox 1638 802 1691 851; x_wconf 88' lang='lat' dir='ltr'><strong>p.</strong></span> <span class='ocrx_word' id='word_1_41' title='bbox 1720 788 1869 835; x_wconf 81' lang='lat'><strong>1343.</strong></span> <span class='ocrx_word' id='word_1_42' title='bbox 1932 784 1983 835; x_wconf 84' lang='lat' dir='ltr'><strong>S.</strong></span> <span class='ocrx_word' id='word_1_43' title='bbox 2010 785 2364 851; x_wconf 80' lang='lat' dir='ltr'><strong>Augustinus,</strong></span> <span class='ocrx_word' id='word_1_44' title='bbox 2400 800 2573 835; x_wconf 88' lang='lat' dir='ltr'><strong>enarr.</strong></span> <span class='ocrx_word' id='word_1_45' title='bbox 2606 786 2663 833; x_wconf 91' lang='lat' dir='ltr'><strong>in</strong></span> <span class='ocrx_word' id='word_1_46' title='bbox 2696 786 2785 833; x_wconf 72' lang='lat' dir='ltr'><strong>Pa.</strong></span> <span class='ocrx_word' id='word_1_47' title='bbox 2818 784 2965 842; x_wconf 83' lang='lat' dir='ltr'><strong>vm,</strong></span> <span class='ocrx_word' id='word_1_48' title='bbox 2992 789 3056 835; x_wconf 81' lang='lat'><strong>13.</strong></span> 
     </span>
     <span class='ocr_line' id='line_1_5' title="bbox 579 870 3057 939; baseline -0.002 -15"><span class='ocrx_word' id='word_1_49' title='bbox 579 875 672 937; x_wconf 85' lang='lat' dir='ltr'><strong>IV,</strong></span> <span class='ocrx_word' id='word_1_50' title='bbox 699 876 782 923; x_wconf 84' lang='lat'><strong>45.</strong></span> <span class='ocrx_word' id='word_1_51' title='bbox 819 878 872 923; x_wconf 93' lang='lat' dir='ltr'><strong>et</strong></span> <span class='ocrx_word' id='word_1_52' title='bbox 907 873 1358 939; x_wconf 83' lang='lat' dir='ltr'><strong>Theophylactus,</strong></span> <span class='ocrx_word' id='word_1_53' title='bbox 1394 873 1451 922; x_wconf 90' lang='lat' dir='ltr'><strong>in</strong></span> <span class='ocrx_word' id='word_1_54' title='bbox 1485 872 1620 921; x_wconf 88' lang='lat' dir='ltr'><strong>Luc.</strong></span> <span class='ocrx_word' id='word_1_55' title='bbox 1648 888 1834 921; x_wconf 89' lang='lat' dir='ltr'><strong>comm.</strong></span> <span class='ocrx_word' id='word_1_56' title='bbox 1862 888 1905 921; x_wconf 93' lang='lat' dir='ltr'><strong>c.</strong></span> <span class='ocrx_word' id='word_1_57' title='bbox 1931 874 1981 921; x_wconf 85' lang='lat'><strong>4.</strong></span> <span class='ocrx_word' id='word_1_58' title='bbox 2007 888 2057 937; x_wconf 89' lang='lat' dir='ltr'><strong>p.</strong></span> <span class='ocrx_word' id='word_1_59' title='bbox 2086 874 2221 935; x_wconf 65' lang='lat'><strong>329„</strong></span> <span class='ocrx_word' id='word_1_60' title='bbox 2255 873 2347 937; x_wconf 90' lang='lat' dir='ltr'><strong>qui</strong></span> <span class='ocrx_word' id='word_1_61' title='bbox 2378 887 2559 921; x_wconf 89' lang='lat' dir='ltr'><strong>omnes</strong></span> <span class='ocrx_word' id='word_1_62' title='bbox 2586 888 2707 921; x_wconf 88' lang='lat' dir='ltr'><strong>cum</strong></span> <span class='ocrx_word' id='word_1_63' title='bbox 2738 870 2791 921; x_wconf 90' lang='lat' dir='ltr'><strong>S.</strong></span> <span class='ocrx_word' id='word_1_64' title='bbox 2818 871 3057 936; x_wconf 72' lang='lat' dir='ltr'><strong>Gregorio</strong></span> 
     </span>
     <span class='ocr_line' id='line_1_6' title="bbox 580 958 3057 1023; baseline -0.001 -13"><span class='ocrx_word' id='word_1_65' title='bbox 580 961 652 1011; x_wconf 84' lang='lat' dir='ltr'><strong>M.</strong></span> <span class='ocrx_word' id='word_1_66' title='bbox 691 960 726 1009; x_wconf 88' lang='lat' dir='ltr'><strong>l.</strong></span> <span class='ocrx_word' id='word_1_67' title='bbox 775 975 816 1009; x_wconf 89' lang='lat' dir='ltr'><strong>s.</strong></span> <span class='ocrx_word' id='word_1_68' title='bbox 855 976 899 1009; x_wconf 91' lang='lat' dir='ltr'><strong>c.</strong></span> <span class='ocrx_word' id='word_1_69' title='bbox 945 960 1142 1009; x_wconf 86' lang='lat' dir='ltr'><strong>docent</strong></span> <span class='ocrx_word' id='word_1_70' title='bbox 1189 974 1397 1009; x_wconf 89' lang='lat' dir='ltr'><strong>omnem</strong></span> <span class='ocrx_word' id='word_1_71' title='bbox 1446 959 1793 1009; x_wconf 75' lang='lat' dir='ltr'><strong>tentationem</strong></span> <span class='ocrx_word' id='word_1_72' title='bbox 1842 958 1949 1008; x_wconf 84' lang='lat' dir='ltr'><strong>dici</strong></span> <span class='ocrx_word' id='word_1_73' title='bbox 1994 964 2439 1021; x_wconf 68' lang='lat' dir='ltr'><strong>consummatam,</strong></span> <span class='ocrx_word' id='word_1_74' title='bbox 2490 960 2745 1023; x_wconf 88' lang='lat' dir='ltr'><strong>quoniam</strong></span> <span class='ocrx_word' id='word_1_75' title='bbox 2792 966 2903 1008; x_wconf 86' lang='lat' dir='ltr'><strong>tres</strong></span> <span class='ocrx_word' id='word_1_76' title='bbox 2948 958 3057 1007; x_wconf 79' lang='lat' dir='ltr'><strong>illae</strong></span> 
     </span>
     <span class='ocr_line' id='line_1_7' title="bbox 583 1044 3056 1111; baseline -0.001 -15"><span class='ocrx_word' id='word_1_77' title='bbox 583 1047 816 1097; x_wconf 88' lang='lat' dir='ltr'><strong>omnium</strong></span> <span class='ocrx_word' id='word_1_78' title='bbox 860 1046 1188 1111; x_wconf 84' lang='lat' dir='ltr'><strong>reliquarum</strong></span> <span class='ocrx_word' id='word_1_79' title='bbox 1237 1047 1418 1110; x_wconf 87' lang='lat' dir='ltr'><strong>capita</strong></span> <span class='ocrx_word' id='word_1_80' title='bbox 1453 1050 1506 1095; x_wconf 93' lang='lat' dir='ltr'><strong>et</strong></span> <span class='ocrx_word' id='word_1_81' title='bbox 1541 1046 1715 1095; x_wconf 83' lang='lat' dir='ltr'><strong>fontes</strong></span> <span class='ocrx_word' id='word_1_82' title='bbox 1756 1049 1897 1095; x_wconf 89' lang='lat' dir='ltr'><strong>sunt.</strong></span> <span class='ocrx_word' id='word_1_83' title='bbox 1960 1044 2321 1111; x_wconf 81' lang='lat' dir='ltr'><strong>opponuntur</strong></span> <span class='ocrx_word' id='word_1_84' title='bbox 2364 1046 2579 1111; x_wconf 85' lang='lat' dir='ltr'><strong>quidem</strong></span> <span class='ocrx_word' id='word_1_85' title='bbox 2624 1046 2793 1096; x_wconf 75' lang='lat' dir='ltr'><strong>verba</strong></span> <span class='ocrx_word' id='word_1_86' title='bbox 2832 1046 3056 1111; x_wconf 77' lang='lat' dir='ltr'><strong>Apostoli</strong></span> 
     </span>
     <span class='ocr_line' id='line_1_8' title="bbox 581 1132 3057 1197; baseline -0 -15"><span class='ocrx_word' id='word_1_87' title='bbox 581 1134 746 1183; x_wconf 91' lang='lat' dir='ltr'><strong>Hebr.</strong></span> <span class='ocrx_word' id='word_1_88' title='bbox 772 1134 822 1195; x_wconf 81' lang='lat'><strong>4,</strong></span> <span class='ocrx_word' id='word_1_89' title='bbox 852 1135 962 1197; x_wconf 85' lang='lat'><strong>16.;</strong></span> <span class='ocrx_word' id='word_1_90' title='bbox 989 1132 1084 1183; x_wconf 88' lang='lat' dir='ltr'><strong>sed</strong></span> <span class='ocrx_word' id='word_1_91' title='bbox 1099 1133 1176 1183; x_wconf 90' lang='lat' dir='ltr'><strong>ibi</strong></span> <span class='ocrx_word' id='word_1_92' title='bbox 1201 1148 1242 1183; x_wconf 86' lang='lat' dir='ltr'><strong>s.</strong></span> <span class='ocrx_word' id='word_1_93' title='bbox 1267 1132 1470 1182; x_wconf 88' lang='lat' dir='ltr'><strong>Paulus</strong></span> <span class='ocrx_word' id='word_1_94' title='bbox 1497 1132 1598 1183; x_wconf 91' lang='lat' dir='ltr'><strong>hoc</strong></span> <span class='ocrx_word' id='word_1_95' title='bbox 1623 1132 1728 1182; x_wconf 90' lang='lat' dir='ltr'><strong>sibi</strong></span> <span class='ocrx_word' id='word_1_96' title='bbox 1752 1132 2218 1182; x_wconf 86' lang='lat' dir='ltr'><strong>demonstrandum</strong></span> <span class='ocrx_word' id='word_1_97' title='bbox 2247 1134 2463 1181; x_wconf 84' lang='lat' dir='ltr'><strong>sumsit:</strong></span> <span class='ocrx_word' id='word_1_98' title='bbox 2488 1132 2687 1183; x_wconf 88' lang='lat' dir='ltr'><strong>habere</strong></span> <span class='ocrx_word' id='word_1_99' title='bbox 2724 1148 2819 1182; x_wconf 88' lang='lat' dir='ltr'><strong>nos</strong></span> <span class='ocrx_word' id='word_1_100' title='bbox 2860 1132 3057 1181; x_wconf 72' lang='lat' dir='ltr'><strong>Pontifi-</strong></span> 
     </span>
     <span class='ocr_line' id='line_1_9' title="bbox 581 1218 3057 1286; baseline -0.001 -17"><span class='ocrx_word' id='word_1_101' title='bbox 581 1235 720 1283; x_wconf 88' lang='lat' dir='ltr'><strong>cem,</strong></span> <span class='ocrx_word' id='word_1_102' title='bbox 759 1220 852 1286; x_wconf 89' lang='lat' dir='ltr'><strong>qui</strong></span> <span class='ocrx_word' id='word_1_103' title='bbox 887 1220 1129 1282; x_wconf 87' lang='lat' dir='ltr'><strong>labores,</strong></span> <span class='ocrx_word' id='word_1_104' title='bbox 1169 1220 1439 1269; x_wconf 88' lang='lat' dir='ltr'><strong>cruciatus</strong></span> <span class='ocrx_word' id='word_1_105' title='bbox 1477 1224 1531 1269; x_wconf 89' lang='lat' dir='ltr'><strong>et</strong></span> <span class='ocrx_word' id='word_1_106' title='bbox 1569 1218 1887 1268; x_wconf 84' lang='lat' dir='ltr'><strong>afflictiones</strong></span> <span class='ocrx_word' id='word_1_107' title='bbox 1931 1226 2140 1269; x_wconf 87' lang='lat' dir='ltr'><strong>nostras</strong></span> <span class='ocrx_word' id='word_1_108' title='bbox 2182 1219 2456 1281; x_wconf 83' lang='lat' dir='ltr'><strong>toleravit,</strong></span> <span class='ocrx_word' id='word_1_109' title='bbox 2496 1220 2645 1269; x_wconf 82' lang='lat' dir='ltr'><strong>iuxta</strong></span> <span class='ocrx_word' id='word_1_110' title='bbox 2680 1220 3057 1269; x_wconf 76' lang='lat' dir='ltr'><strong>similitudinem</strong></span> 
     </span>
     <span class='ocr_line' id='line_1_10' title="bbox 581 1304 3057 1371; baseline -0.001 -14"><span class='ocrx_word' id='word_1_111' title='bbox 581 1312 818 1357; x_wconf 89' lang='lat' dir='ltr'><strong>nostram</strong></span> <span class='ocrx_word' id='word_1_112' title='bbox 865 1312 1121 1371; x_wconf 87' lang='lat' dir='ltr'><strong>„excepto</strong></span> <span class='ocrx_word' id='word_1_113' title='bbox 1159 1308 1420 1371; x_wconf 88' lang='lat' dir='ltr'><strong>peccato“</strong></span> <span class='ocrx_word' id='word_1_114' title='bbox 1457 1307 1545 1355; x_wconf 90' lang='lat' dir='ltr'><strong>cni</strong></span> <span class='ocrx_word' id='word_1_115' title='bbox 1579 1320 1853 1371; x_wconf 86' lang='lat' dir='ltr'><strong>nunquam</strong></span> <span class='ocrx_word' id='word_1_116' title='bbox 1878 1304 1983 1355; x_wconf 81' lang='lat' dir='ltr'><strong>fuit</strong></span> <span class='ocrx_word' id='word_1_117' title='bbox 2022 1306 2299 1355; x_wconf 87' lang='lat' dir='ltr'><strong>obnoxius.</strong></span> <span class='ocrx_word' id='word_1_118' title='bbox 2336 1306 2673 1355; x_wconf 83' lang='lat' dir='ltr'><strong>Labentibus</strong></span> <span class='ocrx_word' id='word_1_119' title='bbox 2716 1322 2843 1355; x_wconf 75' lang='lat' dir='ltr'><strong>vero</strong></span> <span class='ocrx_word' id='word_1_120' title='bbox 2888 1306 3057 1355; x_wconf 85' lang='lat' dir='ltr'><strong>diebus</strong></span> 
     </span>
     <span class='ocr_line' id='line_1_11' title="bbox 583 1391 3057 1459; baseline -0 -17"><span class='ocrx_word' id='word_1_121' title='bbox 583 1392 940 1459; x_wconf 81' lang='lat' dir='ltr'><strong>quadraginta</strong></span> <span class='ocrx_word' id='word_1_122' title='bbox 975 1391 1248 1443; x_wconf 87' lang='lat' dir='ltr'><strong>diabolum</strong></span> <span class='ocrx_word' id='word_1_123' title='bbox 1285 1392 1486 1442; x_wconf 88' lang='lat' dir='ltr'><strong>nullam</strong></span> <span class='ocrx_word' id='word_1_124' title='bbox 1525 1408 1647 1441; x_wconf 88' lang='lat' dir='ltr'><strong>cum</strong></span> <span class='ocrx_word' id='word_1_125' title='bbox 1683 1391 1894 1441; x_wconf 88' lang='lat' dir='ltr'><strong>Christo</strong></span> <span class='ocrx_word' id='word_1_126' title='bbox 1930 1393 2114 1441; x_wconf 87' lang='lat' dir='ltr'><strong>iniisse</strong></span> <span class='ocrx_word' id='word_1_127' title='bbox 2155 1407 2417 1458; x_wconf 84' lang='lat' dir='ltr'><strong>pugnam,</strong></span> <span class='ocrx_word' id='word_1_128' title='bbox 2454 1393 2659 1443; x_wconf 84' lang='lat' dir='ltr'><strong>indicat</strong></span> <span class='ocrx_word' id='word_1_129' title='bbox 2694 1392 2749 1443; x_wconf 88' lang='lat' dir='ltr'><strong>S.</strong></span> <span class='ocrx_word' id='word_1_130' title='bbox 2772 1393 3057 1442; x_wconf 73' lang='lat' dir='ltr'><strong>Matthaeus</strong></span> 
     </span>
     <span class='ocr_line' id='line_1_12' title="bbox 583 1477 3059 1544; baseline -0.001 -14"><span class='ocrx_word' id='word_1_131' title='bbox 583 1484 872 1541; x_wconf 79' lang='lat' dir='ltr'><strong>annotans,</strong></span> <span class='ocrx_word' id='word_1_132' title='bbox 913 1484 1034 1544; x_wconf 89' lang='lat' dir='ltr'><strong>post</strong></span> <span class='ocrx_word' id='word_1_133' title='bbox 1058 1477 1255 1528; x_wconf 79' lang='lat' dir='ltr'><strong>Christi</strong></span> <span class='ocrx_word' id='word_1_134' title='bbox 1279 1479 1488 1541; x_wconf 83' lang='lat' dir='ltr'><strong>famem,</strong></span> <span class='ocrx_word' id='word_1_135' title='bbox 1527 1480 1737 1529; x_wconf 88' lang='lat' dir='ltr'><strong>demum</strong></span> <span class='ocrx_word' id='word_1_136' title='bbox 1775 1480 2067 1529; x_wconf 87' lang='lat' dir='ltr'><strong>accessisse</strong></span> <span class='ocrx_word' id='word_1_137' title='bbox 2102 1484 2434 1529; x_wconf 77' lang='lat' dir='ltr'><strong>tentatorem.</strong></span> <span class='ocrx_word' id='word_1_138' title='bbox 2472 1480 2723 1529; x_wconf 83' lang='lat' dir='ltr'><strong>Omnium</strong></span> <span class='ocrx_word' id='word_1_139' title='bbox 2752 1480 2965 1529; x_wconf 86' lang='lat' dir='ltr'><strong>minime</strong></span> <span class='ocrx_word' id='word_1_140' title='bbox 2990 1480 3059 1528; x_wconf 83' lang='lat' dir='ltr'><strong>his</strong></span> 
     </span>
     <span class='ocr_line' id='line_1_13' title="bbox 581 1548 3059 1632; baseline -0.001 -15"><span class='ocrx_word' id='word_1_141' title='bbox 581 1566 964 1632; x_wconf 75' lang='lat' dir='ltr'><strong>interpretibus</strong></span> <span class='ocrx_word' id='word_1_142' title='bbox 1019 1566 1072 1615; x_wconf 76' lang='lat' dir='ltr'><strong>S.</strong></span> <span class='ocrx_word' id='word_1_143' title='bbox 1106 1565 1322 1615; x_wconf 85' lang='lat' dir='ltr'><strong>Marcus</strong></span> <span class='ocrx_word' id='word_1_144' title='bbox 1381 1566 1649 1632; x_wconf 88' lang='lat' dir='ltr'><strong>praesidio</strong></span> <span class='ocrx_word' id='word_1_145' title='bbox 1700 1570 1807 1627; x_wconf 83' lang='lat' dir='ltr'><strong>est,</strong></span> <span class='ocrx_word' id='word_1_146' title='bbox 1862 1558 1955 1615; x_wconf 83' lang='lat' dir='ltr'><strong>ubi</strong></span> <span class='ocrx_word' id='word_1_147' title='bbox 2004 1548 2287 1615; x_wconf 80' lang='lat' dir='ltr'><strong>summarie</strong></span> <span class='ocrx_word' id='word_1_148' title='bbox 2334 1566 2531 1616; x_wconf 82' lang='lat' dir='ltr'><strong>referat</strong></span> <span class='ocrx_word' id='word_1_149' title='bbox 2574 1566 2909 1616; x_wconf 85' lang='lat' dir='ltr'><strong>Redemtoris</strong></span> <span class='ocrx_word' id='word_1_150' title='bbox 2954 1582 3059 1615; x_wconf 83' lang='lat' dir='ltr'><strong>cum</strong></span> 
     </span>
     <span class='ocr_line' id='line_1_14' title="bbox 583 1646 3059 1721; baseline -0.001 -18"><span class='ocrx_word' id='word_1_151' title='bbox 583 1658 776 1703; x_wconf 86' lang='lat' dir='ltr'><strong>satana</strong></span> <span class='ocrx_word' id='word_1_152' title='bbox 826 1656 1093 1703; x_wconf 83' lang='lat' dir='ltr'><strong>certamen</strong></span> <span class='ocrx_word' id='word_1_153' title='bbox 1143 1653 1322 1703; x_wconf 86' lang='lat' dir='ltr'><strong>verbis</strong></span> <span class='ocrx_word' id='word_1_154' title='bbox 1375 1649 1749 1721; x_wconf 71' lang='grc' dir='ltr'>,,πειραζόμενος</span> <span class='ocrx_word' id='word_1_155' title='bbox 1810 1646 1900 1702; x_wconf 78' lang='grc' dir='ltr'><strong>ὑπὸ</strong></span> <span class='ocrx_word' id='word_1_156' title='bbox 1958 1653 2045 1702; x_wconf 76' lang='grc' dir='ltr'><strong>τοῦ</strong></span> <span class='ocrx_word' id='word_1_157' title='bbox 2105 1650 2323 1702; x_wconf 80' lang='grc' dir='ltr'>σατανᾶ“</span> <span class='ocrx_word' id='word_1_158' title='bbox 2344 1690 2358 1713; x_wconf 89' lang='grc'><em>,</em></span> <span class='ocrx_word' id='word_1_159' title='bbox 2408 1668 2529 1701; x_wconf 90' lang='lat' dir='ltr'><strong>cum</strong></span> <span class='ocrx_word' id='word_1_160' title='bbox 2576 1656 2923 1703; x_wconf 77' lang='lat' dir='ltr'><strong>tentationem</strong></span> <span class='ocrx_word' id='word_1_161' title='bbox 2966 1668 3059 1703; x_wconf 89' lang='lat' dir='ltr'><strong>nou</strong></span> 
     </span>
     <span class='ocr_line' id='line_1_15' title="bbox 581 1738 3059 1805; baseline -0.001 -15"><span class='ocrx_word' id='word_1_162' title='bbox 581 1742 774 1791; x_wconf 78' lang='lat' dir='ltr'><strong>innuat</strong></span> <span class='ocrx_word' id='word_1_163' title='bbox 821 1740 890 1789; x_wconf 86' lang='lat' dir='ltr'><strong>ab</strong></span> <span class='ocrx_word' id='word_1_164' title='bbox 937 1738 1036 1789; x_wconf 87' lang='lat' dir='ltr'><strong>illa</strong></span> <span class='ocrx_word' id='word_1_165' title='bbox 1083 1740 1372 1802; x_wconf 77' lang='lat' dir='ltr'><strong>diversam,</strong></span> <span class='ocrx_word' id='word_1_166' title='bbox 1419 1741 1572 1789; x_wconf 88' lang='lat' dir='ltr'><strong>cuius</strong></span> <span class='ocrx_word' id='word_1_167' title='bbox 1613 1755 1655 1790; x_wconf 88' lang='lat' dir='ltr'><strong>s.</strong></span> <span class='ocrx_word' id='word_1_168' title='bbox 1682 1754 1723 1789; x_wconf 86' lang='lat' dir='ltr'><strong>s.</strong></span> <span class='ocrx_word' id='word_1_169' title='bbox 1749 1739 2053 1789; x_wconf 74' lang='lat' dir='ltr'><strong>Matthaeus</strong></span> <span class='ocrx_word' id='word_1_170' title='bbox 2096 1740 2381 1805; x_wconf 87' lang='lat' dir='ltr'><strong>Lucasque</strong></span> <span class='ocrx_word' id='word_1_171' title='bbox 2424 1742 2741 1803; x_wconf 85' lang='lat' dir='ltr'><strong>meminere;</strong></span> <span class='ocrx_word' id='word_1_172' title='bbox 2792 1755 2856 1790; x_wconf 88' lang='lat' dir='ltr'><strong>ea</strong></span> <span class='ocrx_word' id='word_1_173' title='bbox 2898 1746 3059 1789; x_wconf 80' lang='lat' dir='ltr'><strong>autem</strong></span> 
     </span>
     <span class='ocr_line' id='line_1_16' title="bbox 587 1825 3059 1889; baseline -0.001 -12"><span class='ocrx_word' id='word_1_174' title='bbox 587 1827 814 1877; x_wconf 81' lang='lat' dir='ltr'><strong>exterior</strong></span> <span class='ocrx_word' id='word_1_175' title='bbox 862 1826 978 1877; x_wconf 83' lang='lat' dir='ltr'><strong>fuit.</strong></span> <span class='ocrx_word' id='word_1_176' title='bbox 1043 1827 1196 1887; x_wconf 78' lang='lat' dir='ltr'><strong>Quae</strong></span> <span class='ocrx_word' id='word_1_177' title='bbox 1243 1826 1310 1875; x_wconf 85' lang='lat' dir='ltr'><strong>de</strong></span> <span class='ocrx_word' id='word_1_178' title='bbox 1359 1827 1653 1876; x_wconf 82' lang='lat' dir='ltr'><strong>tentatione</strong></span> <span class='ocrx_word' id='word_1_179' title='bbox 1704 1825 1899 1876; x_wconf 83' lang='lat' dir='ltr'><strong>Christi</strong></span> <span class='ocrx_word' id='word_1_180' title='bbox 1948 1830 2131 1876; x_wconf 87' lang='lat' dir='ltr'><strong>narrat</strong></span> <span class='ocrx_word' id='word_1_181' title='bbox 2176 1825 2230 1876; x_wconf 82' lang='lat' dir='ltr'><strong>S.</strong></span> <span class='ocrx_word' id='word_1_182' title='bbox 2254 1826 2469 1875; x_wconf 87' lang='lat' dir='ltr'><strong>Marcus</strong></span> <span class='ocrx_word' id='word_1_183' title='bbox 2518 1830 2573 1889; x_wconf 89' lang='lat'><strong>1,</strong></span> <span class='ocrx_word' id='word_1_184' title='bbox 2616 1830 2698 1877; x_wconf 82' lang='lat'><strong>13.</strong></span> <span class='ocrx_word' id='word_1_185' title='bbox 2746 1827 2879 1876; x_wconf 81' lang='lat' dir='ltr'><strong>haec</strong></span> <span class='ocrx_word' id='word_1_186' title='bbox 2926 1832 3059 1875; x_wconf 83' lang='lat' dir='ltr'><strong>sunt:</strong></span> 
     </span>
     <span class='ocr_line' id='line_1_17' title="bbox 591 1912 3059 1979; baseline -0.001 -16"><span class='ocrx_word' id='word_1_187' title='bbox 591 1914 700 1977; x_wconf 86' lang='lat' dir='ltr'><strong>„Et</strong></span> <span class='ocrx_word' id='word_1_188' title='bbox 735 1914 934 1963; x_wconf 87' lang='lat' dir='ltr'><strong>eratin</strong></span> <span class='ocrx_word' id='word_1_189' title='bbox 957 1912 1166 1963; x_wconf 88' lang='lat' dir='ltr'><strong>deserto</strong></span> <span class='ocrx_word' id='word_1_190' title='bbox 1205 1912 1562 1979; x_wconf 83' lang='lat' dir='ltr'><strong>quadraginta</strong></span> <span class='ocrx_word' id='word_1_191' title='bbox 1597 1913 1787 1962; x_wconf 88' lang='lat' dir='ltr'><strong>diebus</strong></span> <span class='ocrx_word' id='word_1_192' title='bbox 1826 1918 1879 1962; x_wconf 88' lang='lat' dir='ltr'><strong>et</strong></span> <span class='ocrx_word' id='word_1_193' title='bbox 1914 1913 2273 1979; x_wconf 80' lang='lat' dir='ltr'><strong>quadraginta</strong></span> <span class='ocrx_word' id='word_1_194' title='bbox 2308 1914 2571 1975; x_wconf 85' lang='lat' dir='ltr'><strong>noctibus,</strong></span> <span class='ocrx_word' id='word_1_195' title='bbox 2612 1918 2667 1963; x_wconf 89' lang='lat' dir='ltr'><strong>et</strong></span> <span class='ocrx_word' id='word_1_196' title='bbox 2700 1914 3003 1963; x_wconf 82' lang='lat' dir='ltr'><strong>tentabatur</strong></span> <span class='ocrx_word' id='word_1_197' title='bbox 3032 1928 3059 1961; x_wconf 78' lang='lat' dir='ltr'><strong>a</strong></span> 
     </span>
     <span class='ocr_line' id='line_1_18' title="bbox 585 1999 3059 2066; baseline -0 -16"><span class='ocrx_word' id='word_1_198' title='bbox 585 2004 802 2063; x_wconf 87' lang='lat' dir='ltr'><strong>satana,</strong></span> <span class='ocrx_word' id='word_1_199' title='bbox 841 2004 1061 2066; x_wconf 85' lang='lat' dir='ltr'><strong>eratque</strong></span> <span class='ocrx_word' id='word_1_200' title='bbox 1099 2016 1220 2049; x_wconf 87' lang='lat' dir='ltr'><strong>cum</strong></span> <span class='ocrx_word' id='word_1_201' title='bbox 1265 2000 1450 2049; x_wconf 86' lang='lat' dir='ltr'><strong>bestiis</strong></span> <span class='ocrx_word' id='word_1_202' title='bbox 1489 2004 1544 2049; x_wconf 89' lang='lat' dir='ltr'><strong>et</strong></span> <span class='ocrx_word' id='word_1_203' title='bbox 1578 1999 1755 2065; x_wconf 85' lang='lat' dir='ltr'><strong>angeli</strong></span> <span class='ocrx_word' id='word_1_204' title='bbox 1792 2000 2167 2049; x_wconf 82' lang='lat' dir='ltr'><strong>ministrabant</strong></span> <span class='ocrx_word' id='word_1_205' title='bbox 2202 1999 2334 2049; x_wconf 88' lang='lat' dir='ltr'><strong>illi.“</strong></span> <span class='ocrx_word' id='word_1_206' title='bbox 2393 2000 2518 2050; x_wconf 88' lang='lat' dir='ltr'><strong>Jam</strong></span> <span class='ocrx_word' id='word_1_207' title='bbox 2556 2016 2681 2051; x_wconf 76' lang='lat' dir='ltr'><strong>vero</strong></span> <span class='ocrx_word' id='word_1_208' title='bbox 2720 2016 2841 2050; x_wconf 86' lang='lat' dir='ltr'><strong>cum</strong></span> <span class='ocrx_word' id='word_1_209' title='bbox 2874 2000 3059 2049; x_wconf 79' lang='lat' dir='ltr'><strong>nullam</strong></span> 
     </span>
     <span class='ocr_line' id='line_1_19' title="bbox 581 2085 3059 2153; baseline -0.001 -15"><span class='ocrx_word' id='word_1_210' title='bbox 581 2088 890 2138; x_wconf 83' lang='lat' dir='ltr'><strong>tentationis</strong></span> <span class='ocrx_word' id='word_1_211' title='bbox 929 2088 1245 2153; x_wconf 88' lang='lat' dir='ltr'><strong>cuiusquam</strong></span> <span class='ocrx_word' id='word_1_212' title='bbox 1282 2090 1432 2136; x_wconf 85' lang='lat' dir='ltr'><strong>extra</strong></span> <span class='ocrx_word' id='word_1_213' title='bbox 1469 2085 1735 2136; x_wconf 88' lang='lat' dir='ltr'><strong>desertum</strong></span> <span class='ocrx_word' id='word_1_214' title='bbox 1782 2100 1976 2151; x_wconf 87' lang='lat' dir='ltr'><strong>passae</strong></span> <span class='ocrx_word' id='word_1_215' title='bbox 2012 2088 2333 2136; x_wconf 83' lang='lat' dir='ltr'><strong>mentionem</strong></span> <span class='ocrx_word' id='word_1_216' title='bbox 2376 2088 2610 2151; x_wconf 79' lang='lat' dir='ltr'><strong>iniiciat3</strong></span> <span class='ocrx_word' id='word_1_217' title='bbox 2660 2087 2787 2137; x_wconf 87' lang='lat' dir='ltr'><strong>inde</strong></span> <span class='ocrx_word' id='word_1_218' title='bbox 2824 2090 3059 2137; x_wconf 77' lang='lat' dir='ltr'><strong>continuo</strong></span> 
     </span>
     <span class='ocr_line' id='line_1_20' title="bbox 583 2172 3059 2239; baseline -0.001 -15"><span class='ocrx_word' id='word_1_219' title='bbox 583 2175 820 2224; x_wconf 83' lang='lat' dir='ltr'><strong>inferunt</strong></span> <span class='ocrx_word' id='word_1_220' title='bbox 865 2173 1064 2223; x_wconf 87' lang='lat' dir='ltr'><strong>nullam</strong></span> <span class='ocrx_word' id='word_1_221' title='bbox 1112 2174 1325 2224; x_wconf 90' lang='lat' dir='ltr'><strong>omnino</strong></span> <span class='ocrx_word' id='word_1_222' title='bbox 1364 2172 1471 2223; x_wconf 86' lang='lat' dir='ltr'><strong>alio</strong></span> <span class='ocrx_word' id='word_1_223' title='bbox 1510 2188 1847 2238; x_wconf 87' lang='lat' dir='ltr'><strong>quocumque</strong></span> <span class='ocrx_word' id='word_1_224' title='bbox 1892 2173 2011 2223; x_wconf 93' lang='lat' dir='ltr'><strong>loco</strong></span> <span class='ocrx_word' id='word_1_225' title='bbox 2048 2173 2393 2237; x_wconf 81' lang='lat' dir='ltr'><strong>sustinuisse3</strong></span> <span class='ocrx_word' id='word_1_226' title='bbox 2444 2188 2615 2238; x_wconf 85' lang='lat' dir='ltr'><strong>eoque</strong></span> <span class='ocrx_word' id='word_1_227' title='bbox 2658 2174 2817 2223; x_wconf 88' lang='lat' dir='ltr'><strong>modo</strong></span> <span class='ocrx_word' id='word_1_228' title='bbox 2852 2174 3059 2239; x_wconf 83' lang='lat' dir='ltr'><strong>triplicis</strong></span> 
     </span>
     <span class='ocr_line' id='line_1_21' title="bbox 583 2258 3059 2325; baseline -0.001 -15"><span class='ocrx_word' id='word_1_229' title='bbox 583 2261 740 2311; x_wconf 87' lang='lat' dir='ltr'><strong>huius</strong></span> <span class='ocrx_word' id='word_1_230' title='bbox 795 2261 1106 2310; x_wconf 82' lang='lat' dir='ltr'><strong>tentationis</strong></span> <span class='ocrx_word' id='word_1_231' title='bbox 1159 2261 1518 2309; x_wconf 84' lang='lat' dir='ltr'><strong>narrationem</strong></span> <span class='ocrx_word' id='word_1_232' title='bbox 1571 2258 1899 2309; x_wconf 82' lang='lat' dir='ltr'><strong>labefactare</strong></span> <span class='ocrx_word' id='word_1_233' title='bbox 1952 2264 2195 2325; x_wconf 83' lang='lat' dir='ltr'><strong>pergunt.</strong></span> <span class='ocrx_word' id='word_1_234' title='bbox 2273 2260 2509 2309; x_wconf 82' lang='lat' dir='ltr'><strong>Tametsi</strong></span> <span class='ocrx_word' id='word_1_235' title='bbox 2564 2260 2617 2309; x_wconf 84' lang='lat' dir='ltr'><strong>S.</strong></span> <span class='ocrx_word' id='word_1_236' title='bbox 2660 2260 3059 2325; x_wconf 77' lang='lat' dir='ltr'><strong>Evangeliorum</strong></span> 
     </span>
     <span class='ocr_line' id='line_1_22' title="bbox 587 2346 3057 2413; baseline -0.001 -16"><span class='ocrx_word' id='word_1_237' title='bbox 587 2346 884 2413; x_wconf 82' lang='lat' dir='ltr'><strong>Scriptores</strong></span> <span class='ocrx_word' id='word_1_238' title='bbox 909 2346 1010 2396; x_wconf 90' lang='lat' dir='ltr'><strong>hoc</strong></span> <span class='ocrx_word' id='word_1_239' title='bbox 1041 2346 1326 2397; x_wconf 82' lang='lat' dir='ltr'><strong>habuerint</strong></span> <span class='ocrx_word' id='word_1_240' title='bbox 1355 2346 1701 2411; x_wconf 89' lang='lat' dir='ltr'><strong>propositum,</strong></span> <span class='ocrx_word' id='word_1_241' title='bbox 1734 2352 1795 2396; x_wconf 89' lang='lat' dir='ltr'><strong>ut</strong></span> <span class='ocrx_word' id='word_1_242' title='bbox 1824 2362 1945 2396; x_wconf 90' lang='lat' dir='ltr'><strong>cum</strong></span> <span class='ocrx_word' id='word_1_243' title='bbox 1974 2348 2153 2409; x_wconf 77' lang='lat' dir='ltr'><strong>vitam,</strong></span> <span class='ocrx_word' id='word_1_244' title='bbox 2187 2352 2300 2395; x_wconf 88' lang='lat' dir='ltr'><strong>tum</strong></span> <span class='ocrx_word' id='word_1_245' title='bbox 2328 2352 2550 2396; x_wconf 89' lang='lat' dir='ltr'><strong>mortem</strong></span> <span class='ocrx_word' id='word_1_246' title='bbox 2582 2346 2878 2397; x_wconf 69' lang='lat' dir='ltr'><strong>salvatoris</strong></span> <span class='ocrx_word' id='word_1_247' title='bbox 2908 2348 3057 2396; x_wconf 84' lang='lat' dir='ltr'><strong>nostri</strong></span> 
     </span>
     <span class='ocr_line' id='line_1_23' title="bbox 585 2432 3057 2500; baseline -0.001 -17"><span class='ocrx_word' id='word_1_248' title='bbox 585 2436 798 2500; x_wconf 89' lang='lat' dir='ltr'><strong>scriptis</strong></span> <span class='ocrx_word' id='word_1_249' title='bbox 833 2435 1224 2499; x_wconf 80' lang='lat' dir='ltr'><strong>consignarent,</strong></span> <span class='ocrx_word' id='word_1_250' title='bbox 1257 2432 1599 2483; x_wconf 86' lang='lat' dir='ltr'><strong>nihilominus</strong></span> <span class='ocrx_word' id='word_1_251' title='bbox 1635 2433 1834 2499; x_wconf 83' lang='lat' dir='ltr'><strong>singuli</strong></span> <span class='ocrx_word' id='word_1_252' title='bbox 1858 2448 2040 2483; x_wconf 90' lang='lat' dir='ltr'><strong>eorum</strong></span> <span class='ocrx_word' id='word_1_253' title='bbox 2078 2435 2271 2495; x_wconf 87' lang='lat' dir='ltr'><strong>omnia,</strong></span> <span class='ocrx_word' id='word_1_254' title='bbox 2312 2448 2681 2499; x_wconf 84' lang='lat' dir='ltr'><strong>quaecumque</strong></span> <span class='ocrx_word' id='word_1_255' title='bbox 2718 2434 2811 2483; x_wconf 89' lang='lat' dir='ltr'><strong>ille</strong></span> <span class='ocrx_word' id='word_1_256' title='bbox 2846 2436 2951 2499; x_wconf 80' lang='lat' dir='ltr'><strong>egit</strong></span> <span class='ocrx_word' id='word_1_257' title='bbox 2983 2434 3057 2482; x_wconf 69' lang='lat' dir='ltr'><strong>vel</strong></span> 
     </span>
     <span class='ocr_line' id='line_1_24' title="bbox 583 2519 3057 2587; baseline -0.002 -15"><span class='ocrx_word' id='word_1_258' title='bbox 583 2536 776 2587; x_wconf 84' lang='lat' dir='ltr'><strong>passus</strong></span> <span class='ocrx_word' id='word_1_259' title='bbox 808 2526 903 2583; x_wconf 85' lang='lat' dir='ltr'><strong>est,</strong></span> <span class='ocrx_word' id='word_1_260' title='bbox 941 2520 1228 2571; x_wconf 86' lang='lat' dir='ltr'><strong>noluerunt</strong></span> <span class='ocrx_word' id='word_1_261' title='bbox 1251 2535 1558 2570; x_wconf 87' lang='lat' dir='ltr'><strong>memorare.</strong></span> <span class='ocrx_word' id='word_1_262' title='bbox 1587 2519 1725 2569; x_wconf 91' lang='lat' dir='ltr'><strong>Coll.</strong></span> <span class='ocrx_word' id='word_1_263' title='bbox 1750 2520 1945 2571; x_wconf 84' lang='lat' dir='ltr'><strong>Joann.</strong></span> <span class='ocrx_word' id='word_1_264' title='bbox 1974 2522 2055 2581; x_wconf 81' lang='lat'><strong>20,</strong></span> <span class='ocrx_word' id='word_1_265' title='bbox 2082 2522 2165 2570; x_wconf 86' lang='lat'><strong>30.</strong></span> <span class='ocrx_word' id='word_1_266' title='bbox 2204 2522 2287 2582; x_wconf 81' lang='lat'><strong>21,</strong></span> <span class='ocrx_word' id='word_1_267' title='bbox 2314 2522 2397 2569; x_wconf 81' lang='lat'><strong>25.</strong></span> <span class='ocrx_word' id='word_1_268' title='bbox 2446 2520 2529 2569; x_wconf 88' lang='lat' dir='ltr'><strong>Ita</strong></span> <span class='ocrx_word' id='word_1_269' title='bbox 2560 2526 2687 2569; x_wconf 86' lang='lat' dir='ltr'><strong>sunt</strong></span> <span class='ocrx_word' id='word_1_270' title='bbox 2710 2522 2861 2570; x_wconf 84' lang='lat' dir='ltr'><strong>varia</strong></span> <span class='ocrx_word' id='word_1_271' title='bbox 2888 2528 3057 2570; x_wconf 81' lang='lat' dir='ltr'><strong>notatu</strong></span> 
     </span>
     <span class='ocr_line' id='line_1_25' title="bbox 584 2606 3055 2674; baseline -0.002 -16"><span class='ocrx_word' id='word_1_272' title='bbox 584 2608 919 2674; x_wconf 83' lang='lat' dir='ltr'><strong>dignissima,</strong></span> <span class='ocrx_word' id='word_1_273' title='bbox 969 2622 1107 2674; x_wconf 86' lang='lat' dir='ltr'><strong>quae</strong></span> <span class='ocrx_word' id='word_1_274' title='bbox 1156 2608 1225 2657; x_wconf 89' lang='lat' dir='ltr'><strong>ab</strong></span> <span class='ocrx_word' id='word_1_275' title='bbox 1273 2623 1381 2657; x_wconf 90' lang='lat' dir='ltr'><strong>uno</strong></span> <span class='ocrx_word' id='word_1_276' title='bbox 1433 2606 1711 2656; x_wconf 85' lang='lat' dir='ltr'><strong>dumtaxat</strong></span> <span class='ocrx_word' id='word_1_277' title='bbox 1754 2608 2103 2671; x_wconf 83' lang='lat' dir='ltr'><strong>Evangelista</strong></span> <span class='ocrx_word' id='word_1_278' title='bbox 2153 2612 2464 2671; x_wconf 86' lang='lat' dir='ltr'><strong>narrantur;</strong></span> <span class='ocrx_word' id='word_1_279' title='bbox 2516 2607 2733 2673; x_wconf 80' lang='lat' dir='ltr'><strong>aliaque</strong></span> <span class='ocrx_word' id='word_1_280' title='bbox 2776 2623 2810 2658; x_wconf 89' lang='lat' dir='ltr'><strong>a</strong></span> <span class='ocrx_word' id='word_1_281' title='bbox 2850 2608 3055 2661; x_wconf 80' lang='lat' dir='ltr'><strong>duobus,</strong></span> 
     </span>
     <span class='ocr_line' id='line_1_26' title="bbox 583 2695 3057 2760; baseline -0.002 -15"><span class='ocrx_word' id='word_1_282' title='bbox 583 2696 754 2745; x_wconf 84' lang='lat' dir='ltr'><strong>tribus</strong></span> <span class='ocrx_word' id='word_1_283' title='bbox 791 2700 886 2745; x_wconf 87' lang='lat' dir='ltr'><strong>aut</strong></span> <span class='ocrx_word' id='word_1_284' title='bbox 923 2700 1153 2760; x_wconf 86' lang='lat' dir='ltr'><strong>quatuor</strong></span> <span class='ocrx_word' id='word_1_285' title='bbox 1189 2695 1517 2758; x_wconf 75' lang='lat' dir='ltr'><strong>reseruntu13</strong></span> <span class='ocrx_word' id='word_1_286' title='bbox 1567 2695 1647 2743; x_wconf 88' lang='lat' dir='ltr'><strong>ita</strong></span> <span class='ocrx_word' id='word_1_287' title='bbox 1690 2700 1895 2756; x_wconf 87' lang='lat' dir='ltr'><strong>tamen,</strong></span> <span class='ocrx_word' id='word_1_288' title='bbox 1934 2700 1995 2743; x_wconf 90' lang='lat' dir='ltr'><strong>ut</strong></span> <span class='ocrx_word' id='word_1_289' title='bbox 2039 2710 2221 2744; x_wconf 83' lang='lat' dir='ltr'><strong>eorum</strong></span> <span class='ocrx_word' id='word_1_290' title='bbox 2266 2710 2407 2744; x_wconf 87' lang='lat' dir='ltr'><strong>unus</strong></span> <span class='ocrx_word' id='word_1_291' title='bbox 2450 2695 2561 2743; x_wconf 82' lang='lat' dir='ltr'><strong>fere</strong></span> <span class='ocrx_word' id='word_1_292' title='bbox 2606 2710 2818 2760; x_wconf 86' lang='lat' dir='ltr'><strong>semper</strong></span> <span class='ocrx_word' id='word_1_293' title='bbox 2860 2696 3057 2745; x_wconf 81' lang='lat' dir='ltr'><strong>adiiciat</strong></span> 
     </span>
     <span class='ocr_line' id='line_1_27' title="bbox 585 2780 3055 2847; baseline -0 -16"><span class='ocrx_word' id='word_1_294' title='bbox 585 2782 1062 2843; x_wconf 86' lang='lat' dir='ltr'><strong>circumstantiam,</strong></span> <span class='ocrx_word' id='word_1_295' title='bbox 1103 2796 1262 2847; x_wconf 89' lang='lat' dir='ltr'><strong>quam</strong></span> <span class='ocrx_word' id='word_1_296' title='bbox 1299 2780 1490 2846; x_wconf 86' lang='lat' dir='ltr'><strong>reliqui</strong></span> <span class='ocrx_word' id='word_1_297' title='bbox 1528 2782 1968 2846; x_wconf 87' lang='lat' dir='ltr'><strong>praetermittunt.</strong></span> <span class='ocrx_word' id='word_1_298' title='bbox 2024 2781 2091 2829; x_wconf 91' lang='lat' dir='ltr'><strong>D.</strong></span> <span class='ocrx_word' id='word_1_299' title='bbox 2118 2796 2168 2845; x_wconf 89' lang='lat' dir='ltr'><strong>q.</strong></span> <span class='ocrx_word' id='word_1_300' title='bbox 2194 2796 2245 2830; x_wconf 83' lang='lat' dir='ltr'><strong>v.</strong></span> <span class='ocrx_word' id='word_1_301' title='bbox 2272 2781 2567 2846; x_wconf 84' lang='lat' dir='ltr'><strong>Prolegom.</strong></span> <span class='ocrx_word' id='word_1_302' title='bbox 2628 2782 2713 2831; x_wconf 90' lang='lat' dir='ltr'><strong>Eo</strong></span> <span class='ocrx_word' id='word_1_303' title='bbox 2750 2781 2913 2831; x_wconf 88' lang='lat' dir='ltr'><strong>semel</strong></span> <span class='ocrx_word' id='word_1_304' title='bbox 2946 2798 3055 2831; x_wconf 86' lang='lat' dir='ltr'><strong>con-</strong></span> 
     </span>
     <span class='ocr_line' id='line_1_28' title="bbox 583 2867 3055 2931; baseline 0 -14"><span class='ocrx_word' id='word_1_305' title='bbox 583 2869 798 2929; x_wconf 87' lang='lat' dir='ltr'><strong>stituto,</strong></span> <span class='ocrx_word' id='word_1_306' title='bbox 847 2881 1026 2917; x_wconf 88' lang='lat' dir='ltr'><strong>nonne</strong></span> <span class='ocrx_word' id='word_1_307' title='bbox 1073 2868 1314 2931; x_wconf 85' lang='lat' dir='ltr'><strong>iniquum</strong></span> <span class='ocrx_word' id='word_1_308' title='bbox 1365 2872 1446 2915; x_wconf 88' lang='lat' dir='ltr'><strong>est</strong></span> <span class='ocrx_word' id='word_1_309' title='bbox 1493 2882 1534 2917; x_wconf 88' lang='lat' dir='ltr'><strong>s.</strong></span> <span class='ocrx_word' id='word_1_310' title='bbox 1571 2868 1801 2918; x_wconf 89' lang='lat' dir='ltr'><strong>Joannis</strong></span> <span class='ocrx_word' id='word_1_311' title='bbox 1858 2867 2153 2930; x_wconf 86' lang='lat' dir='ltr'><strong>silentium,</strong></span> <span class='ocrx_word' id='word_1_312' title='bbox 2204 2872 2259 2916; x_wconf 90' lang='lat' dir='ltr'><strong>et</strong></span> <span class='ocrx_word' id='word_1_313' title='bbox 2306 2882 2347 2917; x_wconf 90' lang='lat' dir='ltr'><strong>s.</strong></span> <span class='ocrx_word' id='word_1_314' title='bbox 2383 2868 2552 2917; x_wconf 87' lang='lat' dir='ltr'><strong>Marci</strong></span> <span class='ocrx_word' id='word_1_315' title='bbox 2600 2869 3055 2929; x_wconf 82' lang='lat' dir='ltr'><strong>abbreviationem,</strong></span> 
     </span>
     <span class='ocr_line' id='line_1_29' title="bbox 585 2953 3055 3020; baseline -0 -16"><span class='ocrx_word' id='word_1_316' title='bbox 585 2969 854 3020; x_wconf 89' lang='lat' dir='ltr'><strong>opponere</strong></span> <span class='ocrx_word' id='word_1_317' title='bbox 891 2954 975 3015; x_wconf 87' lang='lat' dir='ltr'><strong>iis,</strong></span> <span class='ocrx_word' id='word_1_318' title='bbox 1009 2968 1148 3019; x_wconf 90' lang='lat' dir='ltr'><strong>quae</strong></span> <span class='ocrx_word' id='word_1_319' title='bbox 1186 2968 1220 3002; x_wconf 88' lang='lat' dir='ltr'><strong>a</strong></span> <span class='ocrx_word' id='word_1_320' title='bbox 1255 2968 1296 3003; x_wconf 87' lang='lat' dir='ltr'><strong>s.</strong></span> <span class='ocrx_word' id='word_1_321' title='bbox 1317 2953 1588 3003; x_wconf 89' lang='lat' dir='ltr'><strong>Matthaeo</strong></span> <span class='ocrx_word' id='word_1_322' title='bbox 1623 2958 1677 3003; x_wconf 91' lang='lat' dir='ltr'><strong>et</strong></span> <span class='ocrx_word' id='word_1_323' title='bbox 1712 2954 1865 3003; x_wconf 89' lang='lat' dir='ltr'><strong>Luca</strong></span> <span class='ocrx_word' id='word_1_324' title='bbox 1901 2954 2096 3003; x_wconf 87' lang='lat' dir='ltr'><strong>diserte</strong></span> <span class='ocrx_word' id='word_1_325' title='bbox 2132 2954 2429 3017; x_wconf 88' lang='lat' dir='ltr'><strong>traduntur,</strong></span> <span class='ocrx_word' id='word_1_326' title='bbox 2460 2960 2522 3003; x_wconf 87' lang='lat' dir='ltr'><strong>nt</strong></span> <span class='ocrx_word' id='word_1_327' title='bbox 2550 2954 2677 3005; x_wconf 87' lang='lat' dir='ltr'><strong>inde</strong></span> <span class='ocrx_word' id='word_1_328' title='bbox 2707 2956 3055 3015; x_wconf 86' lang='lat' dir='ltr'><strong>concludatur,</strong></span> 
     </span>
     <span class='ocr_line' id='line_1_30' title="bbox 584 3040 3057 3107; baseline -0 -16"><span class='ocrx_word' id='word_1_329' title='bbox 584 3040 672 3091; x_wconf 83' lang='lat' dir='ltr'><strong>vel</strong></span> <span class='ocrx_word' id='word_1_330' title='bbox 707 3040 1056 3091; x_wconf 85' lang='lat' dir='ltr'><strong>tentationem</strong></span> <span class='ocrx_word' id='word_1_331' title='bbox 1097 3040 1404 3089; x_wconf 86' lang='lat' dir='ltr'><strong>nullatenus</strong></span> <span class='ocrx_word' id='word_1_332' title='bbox 1449 3041 1737 3105; x_wconf 86' lang='lat' dir='ltr'><strong>accidisse;</strong></span> <span class='ocrx_word' id='word_1_333' title='bbox 1787 3040 1873 3089; x_wconf 81' lang='lat' dir='ltr'><strong>vel</strong></span> <span class='ocrx_word' id='word_1_334' title='bbox 1910 3041 1955 3089; x_wconf 90' lang='lat' dir='ltr'><strong>si</strong></span> <span class='ocrx_word' id='word_1_335' title='bbox 1992 3041 2272 3103; x_wconf 87' lang='lat' dir='ltr'><strong>acciderit,</strong></span> <span class='ocrx_word' id='word_1_336' title='bbox 2310 3042 2691 3107; x_wconf 77' lang='lat' dir='ltr'><strong>imaginatione</strong></span> <span class='ocrx_word' id='word_1_337' title='bbox 2732 3046 2937 3092; x_wconf 86' lang='lat' dir='ltr'><strong>tantum</strong></span> <span class='ocrx_word' id='word_1_338' title='bbox 2978 3051 3057 3091; x_wconf 84' lang='lat' dir='ltr'><strong>aut</strong></span> 
     </span>
     <span class='ocr_line' id='line_1_31' title="bbox 584 3123 3056 3193; baseline -0.001 -16"><span class='ocrx_word' id='word_1_339' title='bbox 584 3123 808 3177; x_wconf 77' lang='grc' dir='ltr'>ὠπτασία</span> <span class='ocrx_word' id='word_1_340' title='bbox 843 3126 1077 3177; x_wconf 83' lang='lat' dir='ltr'><strong>factam?</strong></span> <span class='ocrx_word' id='word_1_341' title='bbox 1135 3127 1328 3192; x_wconf 86' lang='lat' dir='ltr'><strong>quue</strong></span> <span class='ocrx_word' id='word_1_342' title='bbox 1364 3128 1598 3193; x_wconf 91' lang='lat' dir='ltr'><strong>iniquior</strong></span> <span class='ocrx_word' id='word_1_343' title='bbox 1633 3132 1715 3177; x_wconf 89' lang='lat' dir='ltr'><strong>est</strong></span> <span class='ocrx_word' id='word_1_344' title='bbox 1737 3128 1871 3177; x_wconf 87' lang='lat' dir='ltr'><strong>haec</strong></span> <span class='ocrx_word' id='word_1_345' title='bbox 1906 3126 2261 3177; x_wconf 89' lang='lat' dir='ltr'><strong>ratiocinandi</strong></span> <span class='ocrx_word' id='word_1_346' title='bbox 2296 3128 2591 3190; x_wconf 86' lang='lat' dir='ltr'><strong>methodus,</strong></span> <span class='ocrx_word' id='word_1_347' title='bbox 2612 3144 2735 3177; x_wconf 88' lang='lat' dir='ltr'><strong>cum</strong></span> <span class='ocrx_word' id='word_1_348' title='bbox 2770 3144 2813 3178; x_wconf 89' lang='lat' dir='ltr'><strong>s.</strong></span> <span class='ocrx_word' id='word_1_349' title='bbox 2837 3129 3056 3178; x_wconf 81' lang='lat' dir='ltr'><strong>Joannes</strong></span> 
     </span>
     <span class='ocr_line' id='line_1_32' title="bbox 583 3214 3057 3281; baseline -0 -17"><span class='ocrx_word' id='word_1_350' title='bbox 583 3214 1010 3280; x_wconf 86' lang='lat' dir='ltr'><strong>frequentissime</strong></span> <span class='ocrx_word' id='word_1_351' title='bbox 1055 3230 1236 3263; x_wconf 91' lang='lat' dir='ltr'><strong>eorum</strong></span> <span class='ocrx_word' id='word_1_352' title='bbox 1277 3230 1385 3263; x_wconf 88' lang='lat' dir='ltr'><strong>non</strong></span> <span class='ocrx_word' id='word_1_353' title='bbox 1427 3215 1671 3264; x_wconf 88' lang='lat' dir='ltr'><strong>iniecerit</strong></span> <span class='ocrx_word' id='word_1_354' title='bbox 1710 3215 2044 3276; x_wconf 86' lang='lat' dir='ltr'><strong>memoriam,</strong></span> <span class='ocrx_word' id='word_1_355' title='bbox 2082 3228 2221 3279; x_wconf 87' lang='lat' dir='ltr'><strong>quae</strong></span> <span class='ocrx_word' id='word_1_356' title='bbox 2270 3214 2413 3279; x_wconf 90' lang='lat' dir='ltr'><strong>apud</strong></span> <span class='ocrx_word' id='word_1_357' title='bbox 2450 3220 2655 3264; x_wconf 89' lang='lat' dir='ltr'><strong>ceteros</strong></span> <span class='ocrx_word' id='word_1_358' title='bbox 2700 3216 3057 3281; x_wconf 60' lang='lat' dir='ltr'><strong>Evangelia-2⁸</strong></span> 
     </span>
     <span class='ocr_line' id='line_1_33' title="bbox 583 3300 3056 3367; baseline -0.001 -16"><span class='ocrx_word' id='word_1_359' title='bbox 583 3302 862 3367; x_wconf 80' lang='lat' dir='ltr'><strong>leguntur3</strong></span> <span class='ocrx_word' id='word_1_360' title='bbox 901 3305 1062 3366; x_wconf 89' lang='lat' dir='ltr'><strong>atque</strong></span> <span class='ocrx_word' id='word_1_361' title='bbox 1101 3316 1220 3349; x_wconf 88' lang='lat' dir='ltr'><strong>cum</strong></span> <span class='ocrx_word' id='word_1_362' title='bbox 1258 3316 1300 3350; x_wconf 89' lang='lat' dir='ltr'><strong>s.</strong></span> <span class='ocrx_word' id='word_1_363' title='bbox 1324 3300 1539 3350; x_wconf 85' lang='lat' dir='ltr'><strong>Marcus</strong></span> <span class='ocrx_word' id='word_1_364' title='bbox 1563 3301 1667 3351; x_wconf 91' lang='lat' dir='ltr'><strong>hoc</strong></span> <span class='ocrx_word' id='word_1_365' title='bbox 1704 3302 1813 3351; x_wconf 82' lang='lat' dir='ltr'><strong>sere</strong></span> <span class='ocrx_word' id='word_1_366' title='bbox 1838 3300 2140 3362; x_wconf 88' lang='lat' dir='ltr'><strong>intenderit,</strong></span> <span class='ocrx_word' id='word_1_367' title='bbox 2177 3306 2237 3350; x_wconf 87' lang='lat' dir='ltr'><strong>ut</strong></span> <span class='ocrx_word' id='word_1_368' title='bbox 2274 3300 2468 3350; x_wconf 88' lang='lat' dir='ltr'><strong>Christi</strong></span> <span class='ocrx_word' id='word_1_369' title='bbox 2504 3301 2649 3351; x_wconf 84' lang='lat' dir='ltr'><strong>facta</strong></span> <span class='ocrx_word' id='word_1_370' title='bbox 2682 3303 2739 3351; x_wconf 91' lang='lat' dir='ltr'><strong>in</strong></span> <span class='ocrx_word' id='word_1_371' title='bbox 2764 3301 3056 3367; x_wconf 87' lang='lat' dir='ltr'><strong>compendio</strong></span> 
     </span>
     <span class='ocr_line' id='line_1_34' title="bbox 585 3386 3055 3453; baseline -0.001 -15"><span class='ocrx_word' id='word_1_372' title='bbox 585 3388 759 3449; x_wconf 84' lang='lat' dir='ltr'><strong>daret,</strong></span> <span class='ocrx_word' id='word_1_373' title='bbox 805 3388 948 3437; x_wconf 84' lang='lat' dir='ltr'><strong>unde</strong></span> <span class='ocrx_word' id='word_1_374' title='bbox 996 3386 1260 3453; x_wconf 89' lang='lat' dir='ltr'><strong>permulta</strong></span> <span class='ocrx_word' id='word_1_375' title='bbox 1294 3387 1506 3437; x_wconf 87' lang='lat' dir='ltr'><strong>silenda</strong></span> <span class='ocrx_word' id='word_1_376' title='bbox 1548 3388 1749 3437; x_wconf 82' lang='lat' dir='ltr'><strong>fuerint</strong></span> <span class='ocrx_word' id='word_1_377' title='bbox 1784 3403 1966 3437; x_wconf 89' lang='lat' dir='ltr'><strong>eorum</strong></span> <span class='ocrx_word' id='word_1_378' title='bbox 2004 3386 2272 3449; x_wconf 87' lang='lat' dir='ltr'><strong>adiuncta,</strong></span> <span class='ocrx_word' id='word_1_379' title='bbox 2307 3402 2445 3453; x_wconf 87' lang='lat' dir='ltr'><strong>quae</strong></span> <span class='ocrx_word' id='word_1_380' title='bbox 2480 3388 2787 3439; x_wconf 82' lang='lat' dir='ltr'><strong>Matthaeus</strong></span> <span class='ocrx_word' id='word_1_381' title='bbox 2818 3395 2871 3439; x_wconf 91' lang='lat' dir='ltr'><strong>et</strong></span> <span class='ocrx_word' id='word_1_382' title='bbox 2898 3390 3055 3437; x_wconf 73' lang='lat' dir='ltr'><strong>Lucas</strong></span> 
     </span>
     <span class='ocr_line' id='line_1_35' title="bbox 588 3474 3055 3541; baseline -0.002 -16"><span class='ocrx_word' id='word_1_383' title='bbox 588 3476 792 3541; x_wconf 86' lang='lat' dir='ltr'><strong>prolixe</strong></span> <span class='ocrx_word' id='word_1_384' title='bbox 815 3480 1224 3541; x_wconf 88' lang='lat' dir='ltr'><strong>prosequuntur.</strong></span> <span class='ocrx_word' id='word_1_385' title='bbox 1249 3475 1401 3525; x_wconf 84' lang='lat' dir='ltr'><strong>Anne</strong></span> <span class='ocrx_word' id='word_1_386' title='bbox 1427 3476 1587 3525; x_wconf 88' lang='lat' dir='ltr'><strong>etiam</strong></span> <span class='ocrx_word' id='word_1_387' title='bbox 1611 3475 1747 3525; x_wconf 87' lang='lat' dir='ltr'><strong>haec</strong></span> <span class='ocrx_word' id='word_1_388' title='bbox 1770 3488 1917 3525; x_wconf 87' lang='lat' dir='ltr'><strong>mera</strong></span> <span class='ocrx_word' id='word_1_389' title='bbox 1941 3478 2065 3523; x_wconf 87' lang='lat' dir='ltr'><strong>sunt</strong></span> <span class='ocrx_word' id='word_1_390' title='bbox 2087 3476 2219 3536; x_wconf 83' lang='lat' dir='ltr'><strong>visa,</strong></span> <span class='ocrx_word' id='word_1_391' title='bbox 2246 3490 2531 3541; x_wconf 76' lang='lat' dir='ltr'><strong>moraeque</strong></span> <span class='ocrx_word' id='word_1_392' title='bbox 2570 3478 2955 3541; x_wconf 75' lang='lat' dir='ltr'><strong>cogitationes?</strong></span> <span class='ocrx_word' id='word_1_393' title='bbox 2986 3474 3055 3524; x_wconf 81' lang='lat' dir='ltr'><strong>Ad</strong></span> 
     </span>
     <span class='ocr_line' id='line_1_36' title="bbox 585 3560 3056 3627; baseline -0.001 -15"><span class='ocrx_word' id='word_1_394' title='bbox 585 3562 719 3613; x_wconf 85' lang='lat' dir='ltr'><strong>haec</strong></span> <span class='ocrx_word' id='word_1_395' title='bbox 767 3565 815 3613; x_wconf 82' lang='lat'><strong>3.</strong></span> <span class='ocrx_word' id='word_1_396' title='bbox 854 3563 1092 3627; x_wconf 87' lang='lat' dir='ltr'><strong>patronis</strong></span> <span class='ocrx_word' id='word_1_397' title='bbox 1139 3560 1300 3611; x_wconf 85' lang='lat' dir='ltr'><strong>huius</strong></span> <span class='ocrx_word' id='word_1_398' title='bbox 1346 3563 1612 3627; x_wconf 87' lang='lat' dir='ltr'><strong>opinionis</strong></span> <span class='ocrx_word' id='word_1_399' title='bbox 1660 3568 1909 3611; x_wconf 84' lang='lat' dir='ltr'><strong>accurate</strong></span> <span class='ocrx_word' id='word_1_400' title='bbox 1950 3561 2215 3627; x_wconf 84' lang='lat' dir='ltr'><strong>probandi</strong></span> <span class='ocrx_word' id='word_1_401' title='bbox 2264 3560 2496 3611; x_wconf 77' lang='lat' dir='ltr'><strong>officium</strong></span> <span class='ocrx_word' id='word_1_402' title='bbox 2537 3564 2824 3626; x_wconf 85' lang='lat' dir='ltr'><strong>incumbit,</strong></span> <span class='ocrx_word' id='word_1_403' title='bbox 2864 3578 2973 3612; x_wconf 85' lang='lat' dir='ltr'><strong>esse</strong></span> <span class='ocrx_word' id='word_1_404' title='bbox 3010 3562 3056 3609; x_wconf 88' lang='lat' dir='ltr'><strong>in</strong></span> 
     </span>
     <span class='ocr_line' id='line_1_37' title="bbox 583 3648 3057 3714; baseline -0.001 -16"><span class='ocrx_word' id='word_1_405' title='bbox 583 3664 728 3699; x_wconf 87' lang='lat' dir='ltr'><strong>more</strong></span> <span class='ocrx_word' id='word_1_406' title='bbox 760 3648 1156 3714; x_wconf 80' lang='lat' dir='ltr'><strong>Hagiographis</strong></span> <span class='ocrx_word' id='word_1_407' title='bbox 1187 3648 1252 3697; x_wconf 87' lang='lat' dir='ltr'><strong>N.</strong></span> <span class='ocrx_word' id='word_1_408' title='bbox 1279 3649 1358 3709; x_wconf 67' lang='lat' dir='ltr'><strong>T„</strong></span> <span class='ocrx_word' id='word_1_409' title='bbox 1383 3653 1444 3697; x_wconf 89' lang='lat' dir='ltr'><strong>ut</strong></span> <span class='ocrx_word' id='word_1_410' title='bbox 1473 3650 1518 3697; x_wconf 91' lang='lat' dir='ltr'><strong>si</strong></span> <span class='ocrx_word' id='word_1_411' title='bbox 1550 3648 1634 3697; x_wconf 81' lang='lat' dir='ltr'><strong>vel</strong></span> <span class='ocrx_word' id='word_1_412' title='bbox 1666 3648 1891 3697; x_wconf 86' lang='lat' dir='ltr'><strong>honesta</strong></span> <span class='ocrx_word' id='word_1_413' title='bbox 1922 3648 2007 3697; x_wconf 85' lang='lat' dir='ltr'><strong>vel</strong></span> <span class='ocrx_word' id='word_1_414' title='bbox 2039 3662 2211 3713; x_wconf 85' lang='lat' dir='ltr'><strong>prava</strong></span> <span class='ocrx_word' id='word_1_415' title='bbox 2244 3648 2477 3714; x_wconf 86' lang='lat' dir='ltr'><strong>aliquem</strong></span> <span class='ocrx_word' id='word_1_416' title='bbox 2509 3650 2685 3699; x_wconf 89' lang='lat' dir='ltr'><strong>animo</strong></span> <span class='ocrx_word' id='word_1_417' title='bbox 2719 3664 2819 3699; x_wconf 87' lang='lat' dir='ltr'><strong>suo</strong></span> <span class='ocrx_word' id='word_1_418' title='bbox 2846 3649 3057 3699; x_wconf 78' lang='lat' dir='ltr'><strong>volvisse</strong></span> 
     </span>
     <span class='ocr_line' id='line_1_38' title="bbox 585 3736 3055 3801; baseline 0 -17"><span class='ocrx_word' id='word_1_419' title='bbox 585 3736 812 3785; x_wconf 88' lang='lat' dir='ltr'><strong>consilia</strong></span> <span class='ocrx_word' id='word_1_420' title='bbox 845 3740 1087 3798; x_wconf 88' lang='lat' dir='ltr'><strong>narrent,</strong></span> <span class='ocrx_word' id='word_1_421' title='bbox 1125 3752 1237 3785; x_wconf 90' lang='lat' dir='ltr'><strong>rem</strong></span> <span class='ocrx_word' id='word_1_422' title='bbox 1273 3736 1352 3785; x_wconf 87' lang='lat' dir='ltr'><strong>sic</strong></span> <span class='ocrx_word' id='word_1_423' title='bbox 1389 3738 1696 3801; x_wconf 83' lang='lat' dir='ltr'><strong>concipere:</strong></span> <span class='ocrx_word' id='word_1_424' title='bbox 1740 3737 2031 3786; x_wconf 82' lang='lat' dir='ltr'><strong>accessisse</strong></span> <span class='ocrx_word' id='word_1_425' title='bbox 2065 3737 2239 3801; x_wconf 85' lang='lat' dir='ltr'><strong>ipsum</strong></span> <span class='ocrx_word' id='word_1_426' title='bbox 2276 3742 2371 3785; x_wconf 87' lang='lat' dir='ltr'><strong>aut</strong></span> <span class='ocrx_word' id='word_1_427' title='bbox 2406 3736 2658 3801; x_wconf 85' lang='lat' dir='ltr'><strong>Spiritum</strong></span> <span class='ocrx_word' id='word_1_428' title='bbox 2695 3742 2935 3786; x_wconf 87' lang='lat' dir='ltr'><strong>sanctum</strong></span> <span class='ocrx_word' id='word_1_429' title='bbox 2970 3736 3055 3784; x_wconf 78' lang='lat' dir='ltr'><strong>vir-</strong></span> 
     </span>
     <span class='ocr_line' id='line_1_39' title="bbox 586 3822 3056 3888; baseline -0.001 -17"><span class='ocrx_word' id='word_1_430' title='bbox 586 3824 730 3883; x_wconf 87' lang='lat' dir='ltr'><strong>tutis,</strong></span> <span class='ocrx_word' id='word_1_431' title='bbox 763 3828 858 3871; x_wconf 86' lang='lat' dir='ltr'><strong>aut</strong></span> <span class='ocrx_word' id='word_1_432' title='bbox 887 3827 1130 3872; x_wconf 86' lang='lat' dir='ltr'><strong>satanam</strong></span> <span class='ocrx_word' id='word_1_433' title='bbox 1149 3824 1356 3888; x_wconf 88' lang='lat' dir='ltr'><strong>peccati</strong></span> <span class='ocrx_word' id='word_1_434' title='bbox 1389 3822 1646 3873; x_wconf 86' lang='lat' dir='ltr'><strong>artificem</strong></span> <span class='ocrx_word' id='word_1_435' title='bbox 1676 3828 1731 3871; x_wconf 87' lang='lat' dir='ltr'><strong>et</strong></span> <span class='ocrx_word' id='word_1_436' title='bbox 1758 3824 2084 3887; x_wconf 75' lang='lat' dir='ltr'><strong>magistrum.</strong></span> <span class='ocrx_word' id='word_1_437' title='bbox 2108 3822 2353 3871; x_wconf 86' lang='lat' dir='ltr'><strong>Fuerunt</strong></span> <span class='ocrx_word' id='word_1_438' title='bbox 2386 3822 2525 3871; x_wconf 87' lang='lat' dir='ltr'><strong>enim</strong></span> <span class='ocrx_word' id='word_1_439' title='bbox 2552 3822 2689 3873; x_wconf 89' lang='lat' dir='ltr'><strong>Jesu</strong></span> <span class='ocrx_word' id='word_1_440' title='bbox 2720 3828 2775 3872; x_wconf 89' lang='lat' dir='ltr'><strong>et</strong></span> <span class='ocrx_word' id='word_1_441' title='bbox 2804 3822 3056 3888; x_wconf 83' lang='lat' dir='ltr'><strong>discipulis</strong></span> 
     </span>
     <span class='ocr_line' id='line_1_40' title="bbox 581 3908 3058 3974; baseline -0.002 -15"><span class='ocrx_word' id='word_1_442' title='bbox 581 3925 874 3974; x_wconf 79' lang='lat' dir='ltr'><strong>,eorumque</strong></span> <span class='ocrx_word' id='word_1_443' title='bbox 910 3910 1124 3958; x_wconf 87' lang='lat' dir='ltr'><strong>coaevis</strong></span> <span class='ocrx_word' id='word_1_444' title='bbox 1163 3908 1392 3974; x_wconf 78' lang='lat' dir='ltr'><strong>Spiritus</strong></span> <span class='ocrx_word' id='word_1_445' title='bbox 1427 3916 1645 3959; x_wconf 88' lang='lat' dir='ltr'><strong>sanctus</strong></span> <span class='ocrx_word' id='word_1_446' title='bbox 1678 3914 1733 3959; x_wconf 88' lang='lat' dir='ltr'><strong>ct</strong></span> <span class='ocrx_word' id='word_1_447' title='bbox 1756 3908 2017 3971; x_wconf 86' lang='lat' dir='ltr'><strong>diabolus,</strong></span> <span class='ocrx_word' id='word_1_448' title='bbox 2044 3925 2151 3959; x_wconf 87' lang='lat' dir='ltr'><strong>non</strong></span> <span class='ocrx_word' id='word_1_449' title='bbox 2182 3910 2498 3974; x_wconf 80' lang='lat' dir='ltr'><strong>imaginaria</strong></span> <span class='ocrx_word' id='word_1_450' title='bbox 2532 3911 2678 3959; x_wconf 87' lang='lat' dir='ltr'><strong>entia</strong></span> <span class='ocrx_word' id='word_1_451' title='bbox 2696 3938 2761 3945; x_wconf 97' lang='lat'><strong>—</strong></span> <span class='ocrx_word' id='word_1_452' title='bbox 2784 3911 2859 3961; x_wconf 90' lang='lat' dir='ltr'><strong>Ut</strong></span> <span class='ocrx_word' id='word_1_453' title='bbox 2890 3909 3058 3959; x_wconf 78' lang='lat' dir='ltr'><strong>volunt</strong></span> 
     </span>
     <span class='ocr_line' id='line_1_41' title="bbox 585 3994 3055 4061; baseline 0 -18"><span class='ocrx_word' id='word_1_454' title='bbox 585 3996 872 4060; x_wconf 88' lang='lat' dir='ltr'><strong>scriptores</strong></span> <span class='ocrx_word' id='word_1_455' title='bbox 910 3994 1138 4044; x_wconf 88' lang='lat' dir='ltr'><strong>antehac</strong></span> <span class='ocrx_word' id='word_1_456' title='bbox 1173 3995 1478 4044; x_wconf 86' lang='lat' dir='ltr'><strong>nominibus</strong></span> <span class='ocrx_word' id='word_1_457' title='bbox 1515 3996 1626 4044; x_wconf 90' lang='lat' dir='ltr'><strong>suis</strong></span> <span class='ocrx_word' id='word_1_458' title='bbox 1652 3996 1961 4057; x_wconf 80' lang='lat' dir='ltr'><strong>enumerati,</strong></span> <span class='ocrx_word' id='word_1_459' title='bbox 2000 3997 2093 4061; x_wconf 90' lang='lat' dir='ltr'><strong>qui</strong></span> <span class='ocrx_word' id='word_1_460' title='bbox 2129 3996 2422 4045; x_wconf 88' lang='lat' dir='ltr'><strong>sententias</strong></span> <span class='ocrx_word' id='word_1_461' title='bbox 2460 3994 2741 4046; x_wconf 85' lang='lat' dir='ltr'><strong>Sacrarum</strong></span> <span class='ocrx_word' id='word_1_462' title='bbox 2780 3998 3055 4047; x_wconf 84' lang='lat' dir='ltr'><strong>Literarum</strong></span> 
     </span>
     <span class='ocr_line' id='line_1_42' title="bbox 585 4080 3055 4147; baseline -0.001 -16"><span class='ocrx_word' id='word_1_463' title='bbox 585 4082 798 4132; x_wconf 87' lang='lat' dir='ltr'><strong>novitiis</strong></span> <span class='ocrx_word' id='word_1_464' title='bbox 835 4080 1204 4147; x_wconf 86' lang='lat' dir='ltr'><strong>philosophiae</strong></span> <span class='ocrx_word' id='word_1_465' title='bbox 1235 4086 1536 4131; x_wconf 87' lang='lat' dir='ltr'><strong>nostrorum</strong></span> <span class='ocrx_word' id='word_1_466' title='bbox 1567 4081 1771 4131; x_wconf 87' lang='lat' dir='ltr'><strong>dierum</strong></span> <span class='ocrx_word' id='word_1_467' title='bbox 1802 4082 2186 4147; x_wconf 83' lang='lat' dir='ltr'><strong>hypothesibus</strong></span> <span class='ocrx_word' id='word_1_468' title='bbox 2223 4082 2571 4133; x_wconf 87' lang='lat' dir='ltr'><strong>accomodare</strong></span> <span class='ocrx_word' id='word_1_469' title='bbox 2602 4097 2735 4132; x_wconf 88' lang='lat' dir='ltr'><strong>suae</strong></span> <span class='ocrx_word' id='word_1_470' title='bbox 2766 4082 3055 4133; x_wconf 82' lang='lat' dir='ltr'><strong>eruditionis</strong></span> 
     </span>
     <span class='ocr_line' id='line_1_43' title="bbox 585 4167 3056 4235; baseline -0.001 -18"><span class='ocrx_word' id='word_1_471' title='bbox 585 4182 701 4217; x_wconf 85' lang='lat' dir='ltr'><strong>esse</strong></span> <span class='ocrx_word' id='word_1_472' title='bbox 750 4172 956 4233; x_wconf 89' lang='lat' dir='ltr'><strong>putant.</strong></span> <span class='ocrx_word' id='word_1_473' title='bbox 990 4194 1056 4203; x_wconf 92' lang='lat'><strong>-—</strong></span> <span class='ocrx_word' id='word_1_474' title='bbox 1089 4167 1182 4216; x_wconf 89' lang='lat' dir='ltr'><strong>sed</strong></span> <span class='ocrx_word' id='word_1_475' title='bbox 1231 4182 1376 4229; x_wconf 84' lang='lat' dir='ltr'><strong>vera,</strong></span> <span class='ocrx_word' id='word_1_476' title='bbox 1417 4182 1556 4232; x_wconf 90' lang='lat' dir='ltr'><strong>quae</strong></span> <span class='ocrx_word' id='word_1_477' title='bbox 1615 4174 1669 4217; x_wconf 90' lang='lat' dir='ltr'><strong>et</strong></span> <span class='ocrx_word' id='word_1_478' title='bbox 1716 4170 2003 4218; x_wconf 86' lang='lat' dir='ltr'><strong>existerent</strong></span> <span class='ocrx_word' id='word_1_479' title='bbox 2050 4174 2104 4218; x_wconf 87' lang='lat' dir='ltr'><strong>et</strong></span> <span class='ocrx_word' id='word_1_480' title='bbox 2151 4174 2512 4235; x_wconf 87' lang='lat' dir='ltr'><strong>operarentur.</strong></span> <span class='ocrx_word' id='word_1_481' title='bbox 2584 4170 2964 4231; x_wconf 82' lang='lat' dir='ltr'><strong>Quamobrem,</strong></span> <span class='ocrx_word' id='word_1_482' title='bbox 3006 4172 3056 4216; x_wconf 84' lang='lat' dir='ltr'><strong>ut</strong></span> 
     </span>
     <span class='ocr_line' id='line_1_44' title="bbox 584 4253 3055 4320; baseline -0.001 -17"><span class='ocrx_word' id='word_1_483' title='bbox 584 4256 744 4303; x_wconf 86' lang='lat' dir='ltr'><strong>etiam</strong></span> <span class='ocrx_word' id='word_1_484' title='bbox 782 4253 1098 4315; x_wconf 85' lang='lat' dir='ltr'><strong>Straussius,</strong></span> <span class='ocrx_word' id='word_1_485' title='bbox 1138 4253 1186 4302; x_wconf 92' lang='lat' dir='ltr'><strong>d.</strong></span> <span class='ocrx_word' id='word_1_486' title='bbox 1214 4254 1401 4303; x_wconf 86' lang='lat' dir='ltr'><strong>Leben</strong></span> <span class='ocrx_word' id='word_1_487' title='bbox 1437 4253 1572 4303; x_wconf 84' lang='lat' dir='ltr'><strong>Jesu</strong></span> <span class='ocrx_word' id='word_1_488' title='bbox 1609 4254 1647 4304; x_wconf 82' lang='lat' dir='ltr'><strong>f.</strong></span> <span class='ocrx_word' id='word_1_489' title='bbox 1680 4254 1729 4303; x_wconf 87' lang='lat' dir='ltr'><strong>d.</strong></span> <span class='ocrx_word' id='word_1_490' title='bbox 1762 4254 1813 4305; x_wconf 90' lang='lat' dir='ltr'><strong>d.</strong></span> <span class='ocrx_word' id='word_1_491' title='bbox 1844 4255 2003 4305; x_wconf 83' lang='lat' dir='ltr'><strong>Volk.</strong></span> <span class='ocrx_word' id='word_1_492' title='bbox 2024 4272 2074 4320; x_wconf 87' lang='lat' dir='ltr'><strong>p.</strong></span> <span class='ocrx_word' id='word_1_493' title='bbox 2102 4258 2221 4305; x_wconf 78' lang='lat'><strong>399.</strong></span> <span class='ocrx_word' id='word_1_494' title='bbox 2248 4270 2289 4304; x_wconf 88' lang='lat' dir='ltr'><strong>s.</strong></span> <span class='ocrx_word' id='word_1_495' title='bbox 2328 4256 2539 4317; x_wconf 84' lang='lat' dir='ltr'><strong>fatetur,</strong></span> <span class='ocrx_word' id='word_1_496' title='bbox 2578 4257 2624 4305; x_wconf 89' lang='lat' dir='ltr'><strong>si</strong></span> <span class='ocrx_word' id='word_1_497' title='bbox 2660 4255 2797 4305; x_wconf 87' lang='lat' dir='ltr'><strong>illud</strong></span> <span class='ocrx_word' id='word_1_498' title='bbox 2834 4256 3055 4305; x_wconf 83' lang='lat' dir='ltr'><strong>Christus</strong></span> 
     </span>
     <span class='ocr_line' id='line_1_45' title="bbox 583 4340 3053 4408; baseline -0 -19"><span class='ocrx_word' id='word_1_499' title='bbox 583 4340 856 4405; x_wconf 74' lang='lat' dir='ltr'><strong>Apostolis</strong></span> <span class='ocrx_word' id='word_1_500' title='bbox 881 4340 1059 4391; x_wconf 87' lang='lat' dir='ltr'><strong>dicere</strong></span> <span class='ocrx_word' id='word_1_501' title='bbox 1081 4341 1368 4405; x_wconf 79' lang='lat' dir='ltr'><strong>voluisset3</strong></span> <span class='ocrx_word' id='word_1_502' title='bbox 1407 4342 1486 4391; x_wconf 88' lang='lat' dir='ltr'><strong>ita</strong></span> <span class='ocrx_word' id='word_1_503' title='bbox 1512 4341 1839 4408; x_wconf 84' lang='lat' dir='ltr'><strong>loquendum</strong></span> <span class='ocrx_word' id='word_1_504' title='bbox 1869 4342 2059 4391; x_wconf 73' lang='lat' dir='ltr'><strong>fiiisset</strong></span> <span class='ocrx_word' id='word_1_505' title='bbox 2088 4358 2207 4392; x_wconf 87' lang='lat' dir='ltr'><strong>cum</strong></span> <span class='ocrx_word' id='word_1_506' title='bbox 2241 4342 2487 4393; x_wconf 86' lang='lat' dir='ltr'><strong>diabolus</strong></span> <span class='ocrx_word' id='word_1_507' title='bbox 2516 4344 2679 4392; x_wconf 88' lang='lat' dir='ltr'><strong>menti</strong></span> <span class='ocrx_word' id='word_1_508' title='bbox 2717 4358 2870 4393; x_wconf 88' lang='lat' dir='ltr'><strong>meae</strong></span> <span class='ocrx_word' id='word_1_509' title='bbox 2898 4343 3053 4407; x_wconf 79' lang='lat' dir='ltr'><strong>turpia</strong></span> 
     </span>
     <span class='ocr_line' id='line_1_46' title="bbox 588 4425 3053 4496; baseline 0 -21"><span class='ocrx_word' id='word_1_510' title='bbox 588 4425 814 4475; x_wconf 88' lang='lat' dir='ltr'><strong>consilia</strong></span> <span class='ocrx_word' id='word_1_511' title='bbox 850 4428 1218 4491; x_wconf 82' lang='lat' dir='ltr'><strong>suggessisset,</strong></span> <span class='ocrx_word' id='word_1_512' title='bbox 1251 4444 1350 4493; x_wconf 79' lang='lat' dir='ltr'><strong>ego</strong></span> <span class='ocrx_word' id='word_1_513' title='bbox 1383 4444 1448 4477; x_wconf 88' lang='lat' dir='ltr'><strong>ex</strong></span> <span class='ocrx_word' id='word_1_514' title='bbox 1479 4429 1657 4478; x_wconf 85' lang='lat' dir='ltr'><strong>animo</strong></span> <span class='ocrx_word' id='word_1_515' title='bbox 1688 4445 1806 4480; x_wconf 90' lang='lat' dir='ltr'><strong>meo</strong></span> <span class='ocrx_word' id='word_1_516' title='bbox 1845 4430 2006 4493; x_wconf 80' lang='lat' dir='ltr'><strong>eieci3</strong></span> <span class='ocrx_word' id='word_1_517' title='bbox 2044 4432 2089 4479; x_wconf 91' lang='lat' dir='ltr'><strong>si</strong></span> <span class='ocrx_word' id='word_1_518' title='bbox 2120 4444 2275 4479; x_wconf 88' lang='lat' dir='ltr'><strong>secus</strong></span> <span class='ocrx_word' id='word_1_519' title='bbox 2311 4445 2467 4479; x_wconf 89' lang='lat' dir='ltr'><strong>nemo</strong></span> <span class='ocrx_word' id='word_1_520' title='bbox 2504 4446 2611 4479; x_wconf 89' lang='lat' dir='ltr'><strong>non</strong></span> <span class='ocrx_word' id='word_1_521' title='bbox 2648 4431 2829 4480; x_wconf 85' lang='lat' dir='ltr'><strong>verbis</strong></span> <span class='ocrx_word' id='word_1_522' title='bbox 2864 4429 3053 4496; x_wconf 84' lang='lat' dir='ltr'><strong>proprie</strong></span> 
     </span>
     <span class='ocr_line' id='line_1_47' title="bbox 585 4510 3053 4580; baseline 0.001 -22"><span class='ocrx_word' id='word_1_523' title='bbox 585 4510 872 4560; x_wconf 86' lang='lat' dir='ltr'><strong>intellectis</strong></span> <span class='ocrx_word' id='word_1_524' title='bbox 917 4517 1160 4561; x_wconf 84' lang='lat' dir='ltr'><strong>satanam</strong></span> <span class='ocrx_word' id='word_1_525' title='bbox 1198 4515 1505 4575; x_wconf 86' lang='lat' dir='ltr'><strong>accessisse,</strong></span> <span class='ocrx_word' id='word_1_526' title='bbox 1545 4520 1598 4563; x_wconf 89' lang='lat' dir='ltr'><strong>et</strong></span> <span class='ocrx_word' id='word_1_527' title='bbox 1631 4530 1867 4580; x_wconf 80' lang='lat' dir='ltr'><strong>pugnam</strong></span> <span class='ocrx_word' id='word_1_528' title='bbox 1906 4530 2025 4565; x_wconf 89' lang='lat' dir='ltr'><strong>cum</strong></span> <span class='ocrx_word' id='word_1_529' title='bbox 2062 4532 2126 4565; x_wconf 90' lang='lat' dir='ltr'><strong>eo</strong></span> <span class='ocrx_word' id='word_1_530' title='bbox 2164 4517 2395 4565; x_wconf 87' lang='lat' dir='ltr'><strong>seruisse</strong></span> <span class='ocrx_word' id='word_1_531' title='bbox 2434 4516 2761 4566; x_wconf 84' lang='lat' dir='ltr'><strong>credidisset.</strong></span> <span class='ocrx_word' id='word_1_532' title='bbox 2800 4516 3053 4565; x_wconf 85' lang='lat' dir='ltr'><strong>Postremo</strong></span> 
     </span>
     <span class='ocr_line' id='line_1_48' title="bbox 585 4594 3055 4669; baseline 0.002 -25"><span class='ocrx_word' id='word_1_533' title='bbox 585 4597 634 4644; x_wconf 80' lang='lat'><strong>4.</strong></span> <span class='ocrx_word' id='word_1_534' title='bbox 667 4594 768 4643; x_wconf 87' lang='lat' dir='ltr'><strong>hac</strong></span> <span class='ocrx_word' id='word_1_535' title='bbox 801 4596 1237 4662; x_wconf 72' lang='lat' dir='ltr'><strong>interpretatione</strong></span> <span class='ocrx_word' id='word_1_536' title='bbox 1271 4599 1504 4647; x_wconf 86' lang='lat' dir='ltr'><strong>admissa</strong></span> <span class='ocrx_word' id='word_1_537' title='bbox 1538 4599 1781 4665; x_wconf 85' lang='lat' dir='ltr'><strong>Apostoli</strong></span> <span class='ocrx_word' id='word_1_538' title='bbox 1816 4606 1869 4650; x_wconf 89' lang='lat' dir='ltr'><strong>et</strong></span> <span class='ocrx_word' id='word_1_539' title='bbox 1898 4602 2279 4667; x_wconf 73' lang='lat' dir='ltr'><strong>Evangelistae</strong></span> <span class='ocrx_word' id='word_1_540' title='bbox 2312 4601 2507 4651; x_wconf 89' lang='lat' dir='ltr'><strong>Christi</strong></span> <span class='ocrx_word' id='word_1_541' title='bbox 2538 4606 2766 4651; x_wconf 83' lang='lat' dir='ltr'><strong>mentem</strong></span> <span class='ocrx_word' id='word_1_542' title='bbox 2798 4614 3055 4669; x_wconf 86' lang='lat' dir='ltr'><strong>perperam</strong></span> 
     </span>
    </p>
   </div>
   <div class='ocr_carea' id='block_1_3' title="bbox 3188 828 3193 1609">
    <p class='ocr_par' dir='ltr' id='par_1_3' title="bbox 3188 828 3193 1609">
     <span class='ocr_line' id='line_1_49' title="bbox 3188 828 3193 1609; baseline 0 0"><span class='ocrx_word' id='word_1_543' title='bbox 3188 828 3193 1609; x_wconf 95' lang='lat' dir='ltr'><strong> </strong></span> 
     </span>
    </p>
   </div>
  </div>
 </body>
</html>
