3267 5259
563 454 739 504 CVIII
1661 469 1948 540 Ἐπίμετρον

562 647 739 713 legum
779 648 1075 712 inriumqne
1121 648 1493 712 cognitionem.
1554 646 1636 696 cf.
1683 646 1750 695 de
1795 646 1878 697 his
1927 647 2062 697 Acta
2111 652 2166 697 et
2201 648 2438 697 Decreta
2472 646 2698 697 Concilii
2735 649 3084 698 Provinciae

562 735 881 785 Viennensis
917 736 979 783 A.
1006 735 1073 784 D.
1102 736 1253 783 1858.
1290 734 1394 783 Tit.
1422 734 1511 783 VI.
1538 750 1584 783 c.
1614 736 1662 785 7.
1689 752 1740 799 p.
1771 736 1885 784 166.

768 822 955 887 Neque
991 822 1151 886 igitur
1186 822 1404 871 dubium
1448 826 1551 883 est,
1601 823 1730 886 quin
1775 822 1934 885 haec,
1983 836 2121 887 quae
2160 822 2550 882 recensuimus,
2598 823 2806 887 gratiae
2845 822 3086 872 <livinae

562 910 703 958 inter
736 908 977 958 ethnicos
1014 911 1221 973 signum
1257 908 1469 971 fuerint,
1508 924 1541 957 a
1564 910 1683 958 Deo
1713 924 1916 959 summo
1951 910 2264 975 profectum.
2313 910 2480 959 Hisce
2516 911 2713 976 quippe
2741 910 2838 959 ubi
2879 925 3084 974 super-

562 996 805 1045 stitiones
831 994 1185 1061 figmentaque
1212 997 1654 1058 commiscuerint,
1691 996 1779 1045 vel
1803 997 2008 1047 animas
2035 1011 2161 1046 suas
2187 998 2496 1046 criminibus
2527 996 3084 1057 commaculaverint,

567 1097 602 1132 a.
638 1083 879 1148 seipsis
916 1083 1205 1147 perditio
1242 1084 1545 1149 propria;
1582 1084 1702 1132 Deo
1729 1098 1855 1133 vero
1884 1084 2080 1148 optimo
2108 1085 2163 1133 in
2201 1090 2474 1133 aeternum
2511 1090 2796 1149 propterea
2837 1084 3088 1132 debetur

564 1170 750 1235 gloria.
822 1170 1186 1221 Ethnicismus
1242 1173 1355 1236 ipse
1413 1176 1572 1236 atque
1628 1173 1685 1220 in
1738 1188 1804 1221 eo
1859 1172 1992 1221 varii
2047 1172 2258 1235 generis
2313 1171 2558 1221 instituta
2605 1170 2686 1221 ad
2737 1167 3087 1238 πλήρωμα

564 1260 923 1323 temporis,
966 1272 1070 1323 quo
1108 1258 1280 1307 Filius
1315 1258 1415 1308 Dei
1456 1259 1510 1307 in
1548 1272 1708 1307 carne
1747 1260 2020 1323 apparuit,
2071 1258 2183 1307 suis
2225 1258 2502 1307 momentis
2539 1257 2816 1307 hominum
2854 1262 3082 1307 mentes

564 1345 881 1410 dirigebant.
940 1346 1057 1393 Etsi
1096 1361 1222 1394 vero
1273 1345 1525 1411 pleraque
1562 1345 1856 1410 Religionis
1893 1345 2244 1395 Ethnicorum
2281 1346 2460 1410 capita
2497 1344 2796 1410 expendere
2845 1350 3084 1394 nostrae

565 1447 759 1497 operae
806 1448 913 1482 non
962 1433 1057 1496 sit3
1106 1448 1213 1481 non
1257 1447 1538 1497 possumus
1584 1438 1764 1481 tamen
1814 1434 1928 1481 sine
1974 1431 2187 1481 defectu
2237 1433 2414 1481 omnia
2459 1432 2717 1481 omittere.
2789 1432 3082 1481 Notentur

566 1520 726 1583 igitur
763 1518 905 1585 quod
944 1524 1121 1569 aetate
1160 1518 1385 1569 Christi:
1438 1521 1483 1569 1.
1535 1536 1599 1569 ex
1647 1520 1812 1569 initiis
1849 1520 2030 1583 parvis
2067 1518 2136 1568 ad
2183 1518 2482 1583 splendoris
2529 1519 2744 1568 maximi
2785 1518 3082 1584 fastigium

570 1608 871 1672 pervenerit
918 1603 1323 1674 εἰδωλολατρεὶα;
1371 1609 1419 1656 2.
1466 1606 1651 1655 literae
1697 1606 1955 1672 profanae
2004 1622 2068 1656 eo
2120 1611 2358 1671 tempore
2405 1600 2562 1673 ἀκμήν
2607 1620 2704 1671 per
2749 1607 3085 1656 consociata

568 1692 892 1742 Graecorum
928 1694 1349 1759 Latinorumque
1384 1694 1601 1758 ingenia
1638 1699 1919 1743 assecutae
1955 1698 2108 1757 sunt3
2145 1694 2195 1742 3.
2221 1693 2434 1758 Imperii
2467 1693 2692 1742 Romani
2729 1688 2970 1741 πολιτεία
3009 1692 3082 1742 ad

567 1781 775 1830 culmen
801 1796 1103 1846 supremum
1130 1797 1187 1831 se
1214 1784 1479 1830 evexerat.
1518 1780 1660 1841 Quid
1687 1787 1831 1831 esset
1853 1781 2096 1845 potentia
2120 1779 2370 1842 humana,
2397 1778 2634 1829 exhibuit
2659 1778 2832 1829 Urbs
2866 1780 3084 1829 Orbis

567 1869 867 1933 epitome.
936 1868 1022 1917 Ea
1058 1866 1401 1919 nihilominus
1437 1868 1690 1932 temporis
1733 1866 2066 1932 plenitudine
2102 1866 2497 1931 perspiciebant
2531 1881 2714 1915 omnes
2749 1880 2864 1915 non
2903 1866 3084 1932 plane

566 1944 877 2020 insipientes
916 1956 1165 2019 vitiisque
1201 1958 1312 2004 toto
1350 1960 1567 2019 pectore
1614 1954 1934 2019 praepediti3
1987 1970 2045 2004 se
2082 1968 2288 2003 summa
2323 1969 2498 2003 rerum
2535 1954 2836 2003 divinarum
2881 1954 3083 2019 inopia

566 2040 830 2105 laborare,
857 2042 999 2091 unde
1024 2058 1207 2092 earum
1234 2042 1369 2091 mira
1394 2048 1449 2091 et
1472 2042 1730 2091 inusitata
1753 2043 2151 2106 exspectatione
2189 2040 2524 2090 tenebantur.
2573 2041 2673 2091 His
2699 2041 2914 2106 positis,
2957 2040 3082 2089 fieri

564 2144 675 2179 non
710 2134 903 2195 potest,
941 2131 1071 2195 quin
1107 2129 1518 2179 Ethnicismo
1556 2128 2148 2194 propaedeuticum
2173 2154 2240 2165 -—
2266 2143 2428 2177 sensu
2451 2129 2562 2201 >rite
2599 2126 2878 2177 intellecto
2911 2127 3082 2177 huius

566 2218 715 2267 vocis
740 2244 807 2253 --
834 2216 1101 2282 quoddam
1129 2216 1195 2265 ad
1230 2211 1497 2283 ἐπιφάνειαν
1533 2216 1867 2265 Redemtoris
1904 2216 2194 2281 largiamur
2229 2221 2640 2279 momentum3
2679 2214 2902 2263 minime
2945 2230 3080 2262 vero

567 2303 861 2352 concedere
898 2318 1181 2369 possumus
1216 2302 1549 2367 Religionem
1586 2302 1900 2353 Revelatam
1937 2304 1973 2353 i.
2001 2319 2046 2352 e.
2083 2302 2498 2352 oeconomicam
2533 2302 2742 2350 Veteris
2777 2300 3078 2361 Foederis,

566 2394 728 2456 atque
766 2390 1075 2455 religionem
1113 2393 1167 2439 et
1202 2390 1591 2455 philosophiam
1630 2390 1908 2455 gentilium
1946 2404 2265 2455 congruere3
2313 2388 2456 2453 quod
2505 2387 2826 2453 quibusdam
2880 2396 3076 2437 nostro

566 2492 700 2527 aevo
726 2479 781 2526 in
805 2478 1037 2527 maxima
1072 2492 1245 2527 rerum
1283 2476 1643 2542 discrepantia
1678 2478 1858 2542 specie
1891 2478 2296 2527 convenientiae
2322 2480 2574 2525 externae
2599 2475 2858 2539 deceptis,
2887 2475 3078 2524 dicere

566 2564 785 2629 placuit.
836 2564 1032 2615 Verum
1068 2566 1113 2615 si
1150 2564 1537 2620 Rebi-sicarum
1573 2564 1964 2629 Antiquitatum
2009 2571 2062 2613 et
2097 2565 2305 2629 priscae
2341 2562 2612 2613 Historiae
2647 2562 2818 2626 magis
2857 2562 3074 2611 assidui

566 2652 819 2715 fuissent3
874 2650 1259 2701 intellexissent
1310 2652 1495 2717 utique
1544 2656 1656 2699 toto
1707 2650 1858 2700 coelo
1913 2650 2215 2715 discrepare
2269 2648 2592 2714 theologiam
2643 2648 2964 2697 hebraicam
3023 2654 3078 2697 et

568 2737 849 2788 ethnicam.
903 2738 1094 2799 „Aliud
1120 2740 1259 2787 enim
1292 2753 1425 2800 esse,
1464 2740 1541 2788 ait
1565 2738 1618 2787 S.
1645 2738 1996 2803 Augustinus,
2035 2736 2187 2786 Conf.
2227 2736 2341 2787 VH.
2367 2738 2451 2785 21.
2488 2737 2530 2798 Ι,
2560 2737 2692 2797 144.,
2731 2735 2798 2784 de
2825 2734 3078 2785 silvestri

568 2827 843 2874 cacumine
880 2826 1057 2875 videre
1096 2826 1339 2891 patriam,
1380 2830 1433 2875 et
1467 2826 1567 2875 iter
1592 2827 1660 2875 ad
1687 2840 1804 2875 eam
1829 2840 1937 2875 non
1961 2825 2230 2887 invenire3
2271 2829 2324 2872 et
2359 2822 2506 2873 aliud
2543 2828 2724 2872 tenere
2757 2822 2908 2871 viam
2935 2822 3074 2871 illuc

567 2912 847 2962 ducentem
874 2927 1004 2962 cura
1027 2911 1273 2961 coelestis
1300 2912 1638 2977 imperatoris
1663 2913 1967 2961 munitam.“
2015 2911 2169 2960 Haec
2195 2915 2372 2960 autem
2399 2911 2578 2960 omnia
2601 2910 2658 2958 in
2682 2908 3069 2959 ethnicismum

577 2998 849 3048 hominum
870 3000 1039 3049 nostri
1062 3000 1313 3065 temporis
1338 3014 1445 3048 non
1471 2998 1681 3061 cadere,
1717 3003 1908 3064 suapte
1946 2998 2320 3062 consequitur3
2361 3013 2466 3063 quo
2504 3010 2640 3062 quae
2677 2996 2978 3045 sanctitate
3017 3000 3076 3045 et

566 3087 861 3135 Divinitate
885 3086 1175 3136 humanam
1196 3091 1425 3135 mentem
1452 3092 1722 3151 superant,
1749 3100 1814 3135 ea
1839 3086 1950 3135 suis
1975 3086 2148 3135 metiri
2171 3084 2360 3134 volunt
2381 3082 2797 3149 cogitationibus
2825 3088 2882 3131 et
2899 3082 3074 3133 desti-

567 3174 667 3223 tuti
706 3187 832 3223 vera
867 3174 1163 3223 divinorum
1202 3174 1505 3239 cognitione
1540 3188 1626 3223 res
1663 3187 1846 3223 sacras
1883 3173 1981 3222 sub
2030 3171 2282 3222 libidines
2317 3170 2589 3221 hominum
2625 3169 2944 3219 subiiciunt.
3011 3169 3074 3217 Id

570 3260 713 3327 quod
738 3275 846 3309 non
870 3262 985 3311 sine
1012 3260 1192 3310 divino
1219 3261 1415 3310 accidit
1438 3260 1653 3312 iudicio,
1705 3260 1842 3309 Nam
1879 3260 1971 3325 qui
2007 3260 2229 3309 veritate
2267 3260 2372 3308 ism
2403 3256 2642 3308 revelata
2668 3256 2912 3306 abutitur
2951 3270 3076 3305 eam

568 3347 969 3413 corrumpendo,
1008 3349 1193 3413 sicque
1230 3348 1395 3413 ipsius
1422 3362 1561 3412 quae
1593 3362 1783 3397 revera
1815 3348 1961 3396 facta
1999 3352 2078 3397 est
2114 3346 2527 3411 patefactionem
2564 3343 2830 3410 perfracte
2869 3348 3074 3409 negat;

568 3450 677 3484 non
720 3434 1027 3485 inchoatam
1075 3435 1238 3484 habet
1282 3434 1377 3485 sed
1414 3448 1513 3483 sua
1549 3433 1710 3499 culpa
1744 3432 2008 3495 mutilam,
2058 3437 2110 3482 et
2145 3433 2298 3498 quasi
2345 3432 2675 3481 decurtatam
2712 3444 2892 3479 rerum
2931 3429 3074 3478 divi-

569 3536 755 3571 narum
801 3522 1221 3587 intelligentiam.
1288 3522 1447 3587 Atqui
1499 3521 1668 3570 omnis
1713 3521 1770 3569 in
1819 3520 2074 3585 religione
2118 3519 2483 3585 perversitatis
2529 3531 2734 3567 summa
2784 3522 2897 3567 est:
2957 3518 3074 3567 suis

569 3608 797 3675 relinqui
833 3609 1275 3674 cogitationibus!

776 3780 879 3843 Qua·
920 3798 1075 3846 super
1121 3781 1455 3847 Reliyions
1502 3779 1906 3831 Ethnicorum
1953 3777 2152 3831 erudiri
2192 3776 2478 3840 deciderat,
2525 3776 2752 3828 consulat
2789 3778 3078 3841 scriptores

567 3876 853 3935 sequentes:
879 3868 933 3919 J.
954 3868 1017 3920 G.
1059 3868 1231 3931 Vosaeii,
1258 3867 1322 3919 ds
1352 3868 1621 3933 Theoloyia
1642 3866 1824 3935 gentili
1847 3871 1894 3917 st
1908 3865 2234 3933 physioloyia
2256 3863 2550 3927 christiana,
2575 3863 2680 3914 cive
2704 3862 2770 3914 de
2792 3862 3004 3929 origine
3029 3871 3076 3914 et

562 3974 836 4023 proyressu
873 3956 1195 4007 idololatriae
1228 3956 1264 4007 ἱ.
1297 3954 1364 4005 X.
1402 3954 1607 4005 Amstel.
1648 3957 1794 4006 1642.
1863 3953 1927 4004 G.
1955 3952 2203 4016 Outrami,
2241 3951 2306 4002 de
2341 3950 2632 4015 Sacrificiis.
2672 3950 2881 4001 Amtd.
2917 3953 3074 4001 1688.

561 4064 617 4109 p.
646 4048 767 4095 225.
792 4062 833 4095 s.
882 4046 947 4095 A.
974 4060 1075 4094 van
1113 4042 1266 4105 Date,
1304 4041 1702 4101 Dissertationes
1736 4040 1800 4093 de
1833 4039 2026 4107 origine
2062 4057 2122 4089 ac
2151 4055 2424 4107 progressu
2457 4038 2778 4089 idololatriae
2813 4044 2864 4087 et
2893 4054 3077 4103 super-

568 4134 840 4183 stitionum.
878 4131 1081 4183 Amstel.
1109 4132 1255 4181 1696.
1294 4128 1395 4179 Ed.
1423 4129 1467 4179 b.
1496 4128 1729 4193 Her-bert,
1766 4127 1832 4179 de
1855 4127 2120 4193 Religione
2151 4126 2414 4195 gentilium
2451 4140 2778 4189 errorumque
2813 4124 2964 4188 apud
2990 4142 3077 4175 soe

569 4220 748 4270 causis.
774 4220 977 4270 Amstel.
1008 4220 1153 4268 1700.
1178 4236 1219 4266 s.
1262 4216 1489 4280 Calvisii,
1514 4215 1579 4267 de
1602 4216 1795 4282 origine
1817 4212 2300 4265 idololatricam-rs.
2337 4212 2393 4264 V.
2419 4212 2476 4262 T.
2499 4211 2572 4274 ΙΙ,
2593 4213 2710 4261 230.
2728 4228 2770 4260 s.
2811 4210 3078 4261 Honorati

570 4324 605 4355 a
629 4306 683 4356 S.
709 4306 898 4367 Mar-ia,
936 4304 1419 4357 Animadversionee
1442 4305 1497 4353 in
1520 4304 1724 4370 regulas
1749 4308 1794 4355 st
1817 4318 1964 4353 usum
1991 4300 2211 4352 critices.
2259 4300 2378 4351 Ven.
2405 4302 2549 4348 1751.
2577 4298 2650 4361 ΙΙ,
2677 4299 2760 4347 59.
2780 4315 2820 4347 s.
2867 4296 3076 4363 Heyne,

572 4394 814 4444 emmonis
836 4394 1041 4461 mythici
1063 4412 1105 4444 e.
1123 4389 1381 4460 symbolici
1396 4390 1746 4454 interpretatio
1763 4389 1836 4440 ad
1855 4406 2034 4440 causes
2050 4396 2098 4440 ec
2114 4388 2337 4439 rationes
2355 4386 2522 4448 ducta,
2541 4384 2758 4449 indeque
2775 4384 2847 4434 ad
2865 4386 3078 4451 regulas

572 4487 823 4542 revocata,
864 4480 918 4530 in
950 4480 1135 4531 Oomm.
1173 4496 1214 4532 e.
1244 4478 1352 4532 Soc.
1381 4477 1603 4543 Gottinq.
1630 4484 1667 4527 t.
1693 4476 1842 4530 XVI.
1891 4476 1954 4531 P.
1983 4475 2046 4527 E.
2071 4472 2374 4539 Jablomkii,
2411 4472 2538 4523 dise.
2575 4466 2642 4521 de'
2666 4478 2878 4536 peccato
2909 4472 3074 4537 origi·

572 4568 682 4619 nala·
696 4583 795 4633 pet·
817 4567 985 4617 lumen
1018 4567 1232 4617 rationis
1256 4568 1406 4617 etiam
1440 4564 1725 4615 Gentilibus
1748 4562 1954 4629 coquito,
1992 4565 2047 4612 in
2073 4578 2240 4625 opusc.
2267 4558 2346 4611 ed.
2379 4559 2447 4611 Te
2485 4558 2655 4609 Water
2681 4556 2850 4624 Luqd.
2877 4556 3074 4608 Betae.

571 4658 713 4710 1813.
751 4654 847 4719 IV,
873 4656 991 4704 483.
1016 4670 1059 4707 ε.
1103 4652 1165 4703 F.
1193 4652 1421 4713 Cramer,
1458 4650 1718 4718 Symbocik
1753 4648 1860 4701 und
1897 4648 2201 4717 Mytkoloqie
2235 4646 2330 4698 der
2353 4647 2492 4698 alten
2525 4644 2726 4697 Vb'llcer.
2761 4644 3078 4696 Dermstadt
