3267 5259
1050 441 1095 479 S.
1117 438 1241 479 Pauli
1269 437 1484 488 epistolae
1512 438 1646 481 Roma
1673 436 1820 479 datae.
2551 424 2674 489 44].

197 611 669 693 exinaniverat,
732 611 1009 676 formam
1080 612 1250 677 servi
1318 621 1671 699 acceperat
1735 611 2086 677 humanam
2133 622 2434 678 naturam
2501 636 2678 678 assu-

192 724 465 807 mendot,
508 726 579 788 in
624 746 833 811 eaque
881 725 1428 811 perfectissimum
1473 725 1870 811 praebuerat
1913 726 2288 791 humilitatis
2320 726 2678 814 exemplar,

195 860 339 901 cum
390 860 523 902 non
581 838 943 903 dubitasset
988 837 1257 903 obedire
1326 848 1682 926 praecepto
1728 839 1812 903 D.
1861 840 2072 905 Patris
2119 841 2403 905 maxime
2449 840 2676 922 ardue,

195 950 273 1015 de
338 950 684 1015 subeunda
742 961 949 1017 morte
1010 952 1623 1036 ignominiosissima
1643 957 1681 1018 ¹.
1745 952 1918 1033 Quia
1981 962 2200 1017 autem
2248 951 2540 1019 Christus
2587 955 2679 1017 ita

193 1087 259 1128 se
306 1062 699 1147 humiliavit3
758 1064 910 1129 hinc
955 1065 1240 1129 vicissim
1283 1064 1484 1130 Pater
1537 1064 1824 1131 reddens
1883 1066 1970 1130 illi
2034 1087 2395 1151 congruum
2455 1075 2676 1132 tantae

194 1176 607 1242 obedientiae
652 1178 1035 1263 praemium,
1084 1177 1399 1243 exaltavit
1442 1178 1701 1245 Filium.
1722 1181 1748 1223 ²
1793 1180 1998 1245 Porro
2063 1202 2408 1245 commune
2455 1202 2676 1245 secum

190 1289 599 1355 vinculorum
645 1289 965 1355 haberent
1010 1290 1352 1377 gaudium3
1399 1292 1740 1379 praeclare
1787 1295 1960 1358 enim
2007 1294 2114 1379 agi
2155 1316 2302 1359 cum
2335 1292 2672 1379 Apostolo,

192 1405 243 1466 si
290 1426 411 1467 suo
468 1404 786 1489 sanguine
832 1404 1033 1469 veluti
1088 1404 1467 1470 libationem
1530 1405 1773 1471 addere
1834 1408 2040 1494 possit
2099 1407 2438 1489 sacrificio,
2502 1407 2676 1493 quod

188 1515 647 1603 Philippenses
692 1516 823 1583 fide
871 1539 989 1581 sua
1034 1517 1181 1583 Deo
1231 1518 1569 1584 offerunt³.
1639 1518 1840 1605 Spem
1887 1519 2046 1584 facit
2090 1542 2312 1584 rursus
2357 1519 2677 1585 adventus

190 1631 304 1694 sui.
338 1629 447 1693 De
479 1630 823 1697 Timotheo
856 1632 1143 1715 nunciat,
1176 1654 1247 1697 se
1274 1633 1682 1697 constituisse
1711 1656 1858 1697 eum
1883 1635 2158 1717 mittere,
2190 1656 2312 1720 per
2344 1656 2538 1721 quern
2571 1656 2676 1697 res

188 1742 490 1829 Apostoli
542 1754 973 1831 cognoscant3
1037 1746 1105 1808 in
1155 1747 1675 1832 praesentiarum
1728 1770 1885 1811 vero
1941 1745 2464 1834 Epaphroditum
2525 1746 2672 1811 ideo

186 1857 436 1921 misisse
460 1860 569 1941 ait,
599 1868 673 1922 ut
694 1857 1092 1923 laetarentur
1122 1857 1205 1923 de
1240 1860 1379 1923 eius
1400 1869 1794 1945 recuperata
1814 1858 2188 1925 valetudine
2203 1864 2248 1925 ⁴.
2296 1861 2561 1925 Interea
2590 1860 2673 1925 de

185 1970 379 2033 unius
413 1968 652 2035 Christi
685 1973 1141 2036 communione
1187 1974 1415 2057 gavisi,
1457 1974 1741 2037 vitarent
1779 1972 2064 2037 homines
2095 1974 2530 2056 iudaizantcs3
2567 1975 2676 2059 qui

188 2092 453 2169 captata
502 2106 536 2147 e
584 2083 859 2149 vinculis
905 2083 1092 2149 Pauli
1140 2087 1486 2151 occasione
1534 2085 1946 2151 Judaismum
2010 2086 2375 2152 suadebant
2436 2086 2674 2172 Philip-

188 2195 521 2280 pensibus.
548 2198 795 2263 Veram
826 2200 1132 2263 iustitiam
1164 2222 1299 2264 non
1330 2223 1370 2263 a
1392 2200 1598 2286 Lege,
1624 2200 1742 2265 sed
1775 2224 1815 2264 a
1844 2200 1973 2265 fide
2009 2224 2150 2265 esse
2182 2199 2614 2287 repetendam
2627 2205 2674 2264 -5,

186 2308 380 2373 Nunc
412 2306 669 2375 duabus
712 2313 1023 2377 matronis
1053 2311 1351 2377 Evodiae
1386 2322 1451 2376 et
1484 2312 1860 2399 Syntychae
1898 2313 2320 2379 concordiam
2366 2315 2434 2377 in
2479 2336 2676 2399 pecu-

184 2421 325 2485 liari
376 2424 816 2508 commendat,
851 2433 915 2490 et
962 2424 1291 2513 quendam
1337 2428 1624 2491 muneris
1671 2427 1768 2492 sui
1816 2429 2064 2492 socium
2110 2436 2449 2514 provocat,
2482 2437 2554 2492 ut
2599 2428 2676 2491 iis

400 2621 437 2687 ¹)
476 2624 525 2683 2,
556 2624 705 2671 1-9.
745 2622 917 2683 Quam
952 2622 1166 2672 diversa
1188 2624 1399 2673 ratione
1424 2622 1587 2672 effata
1620 2622 1780 2674 huius
1807 2623 2092 2689 periochae
2129 2638 2397 2688 exponere
2432 2621 2675 2672 institue-

186 2710 291 2757 rint
315 2711 640 2773 interpretes
660 2726 709 2759 v.
736 2709 906 2775 apud:
934 2710 1412 2777 Lakemacherum‚
1436 2710 1661 2761 ObserV.
1677 2709 1808 2777 phil.
1823 2712 1939 2761 VII.
1957 2714 2006 2773 2,
2035 2712 2150 2762 135.
2163 2727 2206 2760 s.
2237 2710 2293 2761 C.
2317 2710 2389 2760 M.
2408 2710 2677 2772 Pfaffium‚

188 2796 251 2845 de
288 2798 662 2847 exinanitione
700 2802 755 2847 et
790 2796 1119 2847 exaltatione
1159 2798 1216 2847 C.
1244 2797 1380 2847 Tub.
1410 2799 1560 2848 1727.
1609 2798 1670 2847 Τ.
1697 2799 1748 2849 J.
1775 2798 1838 2848 A.
1877 2798 2091 2861 Schiitz‚
2131 2798 2264 2863 prol.
2305 2814 2412 2863 qua
2441 2812 2552 2848 var.
2580 2800 2677 2849 int.

186 2884 221 2933 1.
248 2900 293 2933 c.
319 2884 410 2935 ad.
436 2884 672 2951 Philipp.
700 2888 747 2948 2,
774 2887 961 2936 6-11.
1000 2901 1119 2951 exp.
1146 2885 1515 2938 Weissenfels.
1551 2888 1702 2936 1776.
1753 2885 1804 2936 J.
1835 2886 1891 2936 C.
1928 2886 2134 2949 Kesler,
2175 2886 2288 2936 obs.
2327 2887 2380 2935 in
2409 2901 2492 2951 ep.
2521 2886 2580 2935 P.
2608 2885 2678 2935 ad

188 2972 424 3039 Philipp.
455 2974 511 3022 in
537 2973 697 3023 Thes.
725 2990 774 3022 n.
800 2973 867 3034 11,
894 2975 1012 3023 957.
1060 2972 1199 3035 Keil,
1227 2974 1283 3023 in
1311 2989 1493 3039 opusc.
1522 2974 1676 3023 acad.
1703 2992 1755 3040 p.
1785 2976 1898 3024 173.
1927 2990 1968 3024 s.
2020 2974 2187 3037 Stein,
2217 2976 2270 3024 in
2296 2990 2419 3026 ann.
2447 2973 2598 3023 Stud.
2625 2989 2675 3023 u.

186 3060 323 3113 Krit.
349 3062 503 3111 1837.
530 3077 581 3126 p.
605 3062 720 3111 165.
740 3075 783 3111 s.
821 3060 1174 3123 Hoelemann,
1203 3061 1403 3111 Comm.
1430 3078 1481 3127 p.
1505 3063 1620 3111 123.
1642 3078 1684 3113 s.
1721 3061 1933 3112 Wessel
1960 3062 2078 3112 Alb.
2101 3077 2205 3111 van
2231 3061 2462 3128 Hengel,
2489 3077 2677 3111 comm.

186 3164 333 3213 perp.
375 3150 431 3198 in
472 3164 553 3213 ep.
588 3148 749 3198 Pauli
784 3147 856 3197 ad
890 3147 1285 3214 Philippenses.
1332 3148 1502 3214 Lugd.
1540 3149 1603 3197 B.
1646 3151 1793 3199 1838.
1831 3165 1880 3213 p.
1921 3152 2033 3203 137,
2073 3165 2114 3199 s.
2177 3148 2440 3210 Tholuck,
2479 3150 2676 3213 disput.

188 3236 504 3302 christolog.
532 3234 740 3285 deloco
766 3236 917 3286 Paul.
941 3251 1022 3301 ep.
1048 3236 1119 3285 ad
1142 3236 1279 3286 Phil.
1304 3252 1350 3285 c.
1372 3238 1421 3297 2,
1444 3237 1594 3285 6-9.
1622 3235 1748 3285 Hal.
1772 3237 1922 3285 1848.
1948 3252 1999 3301 p.
2023 3238 2103 3286 12.
2132 3252 2174 3285 s.
2213 3236 2445 3298 Ernesti,
2474 3238 2530 3285 in
2555 3251 2674 3285 ann.

189 3322 341 3375 Stud.
358 3338 412 3373 u.
428 3323 567 3375 Krit.
583 3324 733 3373 1848.
755 3339 805 3387 p.
822 3325 939 3375 858.
957 3339 997 3373 s.
1026 3324 1174 3372 1851..
1196 3338 1244 3388 p.
1263 3324 1381 3372 595.
1396 3338 1439 3372 s.
1468 3323 1802 3385 Liinemann,
1822 3321 1858 3372 l.
1879 3325 1912 3373 i.
1935 3340 1979 3373 c.
2006 3340 2055 3388 p.
2081 3325 2125 3373 7.
2148 3340 2189 3373 s.
2223 3324 2279 3372 B.
2301 3324 2362 3373 B.
2383 3324 2676 3385 Briickner,

186 3410 221 3459 l.
242 3413 279 3460 i.
299 3426 345 3460 c.
374 3412 426 3475 p.
452 3412 531 3459 14.
555 3426 597 3460 s.
619 3426 741 3475 app.
764 3410 900 3475 disp.
929 3410 993 3460 de
1018 3409 1220 3459 Christi
1245 3411 1663 3475 praeexistentia
1689 3410 1855 3459 Paulo
1883 3412 2109 3475 probata
2136 3428 2186 3475 p.
2206 3412 2289 3461 48.
2311 3427 2353 3463 s.
2390 3412 2675 3475 Raebiger‚

193 3496 452 3549 Christol.
492 3497 646 3548 Paul.
684 3498 754 3559 11,
784 3500 866 3547 76.
914 3498 1115 3562 Meyer,
1144 3498 1346 3548 Comm.
1384 3500 1544 3562 12:56.
1573 3513 1613 3547 s.
1665 3496 1727 3547 A.
1753 3498 2073 3563 Wiesinger,
2111 3499 2160 3549 d.
2195 3498 2257 3547 Β.
2295 3498 2343 3547 d.
2370 3498 2468 3562 Ap.
2505 3498 2566 3547 P.
2607 3513 2677 3547 an

189 3586 273 3635 die
308 3584 549 3649 Philipp.
588 3586 727 3637 Κὸιι.
770 3587 917 3635 1850.
961 3601 1011 3650 p.
1052 3587 1133 3635 68.
1172 3600 1212 3634 s.
1276 3584 1495 3644 Ktihler,
1533 3586 1588 3633 in
1626 3600 1750 3635 ann.
1789 3585 1941 3635 Stud.
1978 3602 2029 3635 u.
2067 3586 2201 3635 Krit.
2243 3587 2394 3635 1857.
2429 3602 2480 3651 p.
2512 3588 2593 3637 99.
2631 3602 2672 3635 s.

186 3673 240 3722 J.
265 3672 365 3722 Th.
392 3670 614 3735 Beelen‚
654 3688 840 3723 comm.
879 3674 933 3722 in
972 3689 1055 3737 ep.
1094 3672 1146 3722 S.
1184 3671 1343 3721 Pauli
1382 3672 1451 3721 ad
1485 3672 1720 3737 Philipp.
1760 3674 1966 3723 Lovan.
2006 3675 2156 3733 1852,
2194 3688 2244 3737 p.
2273 3675 2355 3723 58.
2384 3688 2425 3721 s.
2479 3672 2671 3733 Weiss,

192 3758 245 3810 d.
282 3759 521 3825 Philipp.
572 3760 661 3813 Br.
710 3774 860 3825 ausg.
900 3775 952 3809 u.
994 3759 1043 3809 d.
1084 3758 1277 3810 Gesch.
1326 3776 1367 3809 s.
1404 3758 1718 3827 Auslegung
1763 3760 1886 3810 krit.
1935 3760 2081 3826 darg.
2128 3760 2271 3810 Berl.
2323 3762 2472 3813 1859.
2536 3760 2578 3823 2)
2610 3760 2672 3809 V.

196 3864 243 3912 p.
287 3850 405 3898 179.
446 3848 901 3898 Remuneratione
940 3847 1157 3909 Christi,
1196 3862 1335 3911 quae
1382 3846 1742 3897 obedientiam
1794 3850 1907 3898 eius
1957 3853 2145 3897 secuta
2195 3854 2291 3911 est,
2343 3847 2675 3909 collaudata3

190 3935 573 4001 Philippenses
610 3935 828 3997 excitat,
868 3940 929 3985 ut
965 3936 1107 3984 sicut
1142 3950 1351 3999 semper
1385 3933 1666 3999 hucusque
1713 3934 1982 3985 Christum
2032 3936 2226 3985 imitati
2276 3937 2439 3985 iussis
2477 3935 2675 3984 divinis

195 4022 655 4088 obsequebantur,
694 4022 773 4072 ita
796 4037 955 4087 porro
984 4022 1260 4071 studerent
1296 4037 1387 4087 per
1427 4022 1744 4086 obsequium
1769 4022 1887 4071 Deo
1915 4023 2229 4087 praestitum
2268 4020 2500 4071 sollicite
2526 4036 2677 4070 suam

188 4110 397 4173 operari
439 4106 695 4159 salutem:
734 4115 795 4159 ut
828 4110 1139 4174 integritate
1177 4124 1277 4159 sua
1315 4115 1367 4159 et
1402 4110 1749 4174 simplicitate
1795 4114 2046 4173 tanquam
2094 4109 2298 4159 lumina
2347 4110 2402 4158 in
2441 4109 2675 4158 tenebris

188 4196 420 4259 luceant,
462 4197 675 4261 sibique
702 4210 919 4247 causam
946 4196 1460 4262 afferantgloriandi
1488 4197 1557 4247 ad
1583 4196 1770 4247 iudicii
1799 4196 1954 4246 diem.
1982 4199 2029 4259 2,
2060 4198 2279 4247 10-16.
2320 4196 2362 4257 ³)
2401 4198 2449 4259 2,
2479 4198 2558 4245 17.
2591 4198 2670 4248 18.

188 4286 229 4345 ⁴)
264 4288 313 4345 2,
344 4284 571 4333 19-30.
636 4284 679 4345 5)
719 4284 903 4333 Multis
943 4289 1201 4346 recenset,
1241 4284 1371 4349 quid
1409 4286 1525 4349 ipse
1563 4284 1690 4333 olim
1728 4290 1962 4333 sectatus
2001 4286 2087 4344 sit,
2127 4289 2180 4333 et
2216 4283 2346 4349 quid
2385 4299 2527 4333 nunc
2564 4299 2678 4333 sec-

184 4376 347 4421 tetur.
390 4370 680 4435 Sequidem
719 4372 775 4420 in
812 4372 991 4422 stadio
1040 4373 1185 4421 vitae
1234 4371 1557 4421 christianae
1595 4371 1668 4421 ad
1715 4372 2050 4437 propositum
2100 4372 2392 4435 praemium
2442 4372 2678 4436 graviter

188 4475 428 4521 curren-03
470 4459 744 4508 imitentur
793 4460 965 4524 ipsum
1016 4474 1233 4531 eosque,
1285 4462 1375 4525 qui
1422 4461 1587 4509 vitam
1641 4461 1931 4510 instituunt
1975 4459 2043 4509 ad
2091 4458 2406 4523 exemplum,
2445 4460 2587 4523 quod
2626 4458 2676 4508 d.

186 4547 391 4597 Paulus
430 4545 541 4596 illis
590 4545 957 4611 praebuisset3
995 4546 1479 4611 pseudodoctorum
1515 4546 1738 4597 vivendi
1771 4548 2032 4597 rationem
2069 4561 2300 4608 carnem,
2339 4562 2490 4597 suam
2525 4562 2678 4596 vero-

186 4635 435 4698 spiritum
472 4647 679 4698 sapere.
719 4633 835 4683 Hos
872 4634 1184 4684 seductores
1228 4634 1530 4696 observent,
1570 4650 1640 4683 ne
1675 4648 1709 4684 a
1749 4633 1961 4685 Christo
2002 4634 2299 4684 discedant.
2349 4650 2398 4684 c.
2435 4635 2590 4695 3-4,
2631 4636 2675 4683 1.
