3267 5259
576 408 659 473 2ss
1348 422 1463 463 nint.
1496 432 1585 463 rev.
1616 423 1708 463 div.
1737 422 1903 463 Pei-iod.
1935 422 1971 463 1.
1991 433 2085 473 cap.
2113 422 2312 473 primun.

594 594 880 660 Herodis
958 596 1323 660 tetrarchae
1402 597 1510 681 qui
1582 594 1864 683 Antipas
1946 594 2156 659 dictus
2232 605 2364 679 est,
2431 605 2836 677 versaretur,
2899 596 3077 659 fama

590 708 925 773 doctrinae
972 717 1038 772 et
1087 731 1341 773 morum
1398 709 1537 773 eius
1592 710 1872 774 innotuit
1927 710 2232 794 principi,
2295 710 2404 795 qui
2461 730 2611 773 eum
2665 709 2756 772 uti
2817 708 3077 772 videtur

584 821 964 906 frequenter
1007 821 1092 886 ad
1138 844 1209 885 se
1256 824 1644 887 accersitum
1689 821 1967 886 libenter
2009 820 2275 885 audivit.
2351 821 2583 906 Neque
2643 830 2868 885 tamen
2912 819 3076 884 haec

582 935 791 997 sancti
834 934 954 998 viri
1004 933 1406 999 consuetudo
1462 933 1882 1021 impediebat,
1931 956 2059 1019 quo
2107 934 2319 997 minus
2364 932 2642 1019 Antipas
2703 934 3076 998 incestuoso

582 1045 996 1130 Herodiadis‚
1046 1069 1215 1132 quae
1260 1046 1543 1133 Philippi
1588 1046 1807 1111 fratris
1852 1048 1948 1110 sui
1997 1046 2236 1111 coniux
2284 1041 2449 1129 era‘t,
2498 1044 2826 1110 connubio
2874 1046 3074 1108 vitam

584 1168 812 1243 ageret
849 1158 1293 1224 foedissimam
1316 1164 1354 1223 ¹.
1416 1159 1716 1246 Baptista
1752 1161 2070 1224 incestum
2107 1180 2242 1222 non
2277 1156 2440 1241 tulit,
2472 1181 2598 1223 nec
2630 1156 3076 1239 dissimulavit,

586 1271 893 1359 nullaque
956 1273 1333 1337 circuitione
1388 1295 1543 1337 usus
1580 1272 1904 1358 intrepide
1952 1268 2320 1335 tetrarchae
2365 1268 2552 1334 dixit:
2599 1293 2733 1335 non
2770 1270 2930 1334 licet
2965 1268 3076 1333 fibi

520 1386 527 1395 ’
589 1386 833 1451 habere
880 1408 1156 1451 uxorem
1201 1386 1415 1450 fratris
1460 1387 1571 1449 tui.
1647 1385 1856 1450 Vetus
1901 1385 2320 1471 proverbium
2368 1394 2494 1451 est:
2559 1384 2800 1448 veritas
2860 1382 3078 1447 odium

583 1502 770 1585 parit.
848 1498 1152 1563 Herodes
1196 1497 1462 1584 indigne
1506 1500 1699 1563 istam
1745 1500 1952 1563 sancti
1997 1500 2116 1563 viri
2168 1498 2538 1563 libertatem
2581 1494 2745 1579 tulit,
2793 1494 2965 1560 adeo
3012 1504 3082 1558 ut

588 1610 921 1677 custodiae
960 1611 1351 1676 tradendum
1392 1610 1760 1694 crediderit,
1796 1610 2008 1676 donec
2041 1612 2200 1676 certi
2239 1610 2482 1697 aliquid
2515 1609 2597 1674 de
2627 1609 2834 1695 ipsius
2865 1629 3080 1694 poena

586 1733 995 1789 statueretur.
1050 1724 1243 1789 Initio
1286 1723 1549 1810 quidem
1596 1745 1730 1787 non
1775 1722 2125 1789 admodum
2174 1732 2356 1787 arcta
2401 1722 2522 1787 fuit
2559 1723 2760 1785 vincti
2806 1720 3081 1785 Joannis

587 1837 885 1903 custodia
904 1840 946 1901 ².
1001 1835 1595 1923 Appropinquabat
1634 1838 1892 1901 interim
1931 1834 2259 1900 nefandae
2301 1835 2521 1900 caedis
2559 1844 2842 1920 tempus.
2884 1832 3078 1896 Nata·

582 1949 720 2014 litia
779 1950 1021 2035 agebat
1072 1949 1403 2033 Herodes,
1452 1950 1590 2014 sive
1635 1951 1842 2033 vitae,
1889 1952 2025 2014 sive
2070 1951 2258 2034 regni
2301 1948 2568 2031 intuitu3
2617 1946 2857 2033 quibus
2903 1946 3080 2008 iuxta

583 2084 833 2127 morem
869 2063 1134 2128 orientis
1160 2084 1435 2127 coenam
1459 2061 1746 2126 faciebat
1767 2062 2087 2149 primariis
2113 2059 2448 2125 Galilaeae
2467 2064 2509 2123 3.
2546 2058 2681 2124 Sub
2715 2058 2904 2123 hilari
2931 2081 3076 2123 con—

582 2177 755 2241 vivio
773 2179 796 2219 ⁴
815 2174 1028 2240 aulam
1052 2177 1347 2260 ingressa
1366 2174 1625 2239 Salome
1653 2176 1816 2239 scita
1839 2174 2179 2238 saltatione
2205 2174 2505 2238 insanum
2527 2174 2594 2235 in
2617 2171 2889 2236 modum
2912 2172 3079 2256 regis

588 2288 813 2354 oculos
844 2288 1011 2353 adeo
1046 2290 1251 2374 cepit,
1284 2298 1354 2353 ut
1383 2286 1651 2373 petendi
1679 2288 2012 2373 optionem
2045 2287 2513 2371 cuiuscumque
2536 2285 2633 2349 rei
2664 2284 3077 2365 concederet,

588 2402 675 2467 ad
720 2400 1057 2467 dimidium
1102 2423 1310 2487 usque
1348 2402 1555 2485 regni,
1597 2421 1678 2463 ac
1715 2401 2126 2464 temerariam
2172 2399 2671 2485 promissionem
2716 2398 3076 2460 iuramento

592 2516 1024 2581 confirmaret.
1111 2512 1307 2594 Quod
1352 2536 1508 2577 mox
1552 2522 1815 2599 praeter
1861 2514 2056 2577 animi
2103 2514 2200 2576 sui
2246 2512 2634 2576 sententiam
2679 2510 3078 2595 insperatum

589 2629 839 2693 habens
880 2630 1145 2710 exitum,
1179 2626 1524 2691 multarum
1564 2628 1623 2691 ei
1657 2649 1857 2691 causa
1893 2627 2016 2690 fuit
2055 2647 2374 2690 curarum.
2436 2621 2665 2687 Puella
2697 2621 2780 2686 de
2816 2620 3077 2686 consilio

592 2743 858 2806 matris⁵
902 2740 1025 2805 sibi
1070 2750 1472 2826 amputatum
1519 2740 1795 2805 Joannis
1842 2748 2039 2825 caput
2077 2740 2144 2803 in
2192 2736 2370 2802 disco
2416 2736 2661 2823 porrigi
2705 2732 3076 2821 postulavit.

596 2852 771 2933 Quid
814 2852 1117 2918 Herodes
1162 2876 1337 2917 nunc
1385 2876 1533 2918 cum
1590 2852 1784 2918 stulto
1833 2875 1948 2917 suo
2007 2848 2380 2937 promisso?
2455 2847 2766 2933 Undique
2815 2869 2886 2911 se
2936 2868 3080 2911 con·

595 2969 884 3031 strictum
924 2967 1123 3030 sensit
1164 2988 1243 3030 ac
1282 2968 1448 3031 serio
1491 2964 1758 3031 dolebat
1776 2970 1817 3029 θ.
1887 2964 2006 3028 Rei
2042 2963 2424 3028 inhonestae
2466 2961 2755 3047 speciem
2803 2958 3080 3045 aliquam

595 3198 662 3248 de
698 3198 859 3248 rebus
897 3196 1091 3245 divinis
1128 3200 1289 3261 atque
1336 3194 1657 3243 coelestibus
1693 3192 1954 3257 loquitur,
1993 3195 2250 3255 tanquam
2286 3188 2354 3237 de
2391 3187 2550 3237 rebus
2587 3186 2690 3235 sibi
2737 3186 3081 3235 familiaribus

598 3290 651 3335 et
692 3283 1021 3344 domesticis,
1061 3288 1115 3332 et
1148 3286 1328 3331 tamen
1364 3282 1524 3347 pauci
1560 3280 1916 3329 testimonium
1954 3278 2069 3327 eius
2106 3278 2452 3341 acceperunt3
2491 3289 2612 3323 cum
2647 3278 2829 3323 tamen
2873 3272 3082 3321 Filius

594 3372 757 3421 unica
792 3372 863 3421 sit
898 3371 1001 3432 via,
1043 3383 1151 3435 qua
1188 3368 1412 3418 salutem
1449 3368 1706 3431 consequi
1742 3365 1982 3414 homines
2019 3363 2240 3429 possint,
2273 3360 2497 3428 proinde
2529 3360 2622 3425 qui
2652 3359 2758 3409 sibi
2792 3358 2925 3408 velit
2953 3359 3082 3408 bene

596 3474 730 3520 esse,
766 3458 901 3508 Jesu
955 3456 1258 3507 adhaereat.
1334 3454 1581 3504 Ceterum
1634 3451 1843 3517 legibus
1899 3447 2298 3501 connectendas
2349 3448 2606 3497 materiae
2661 3450 2716 3495 et
2767 3446 3082 3494 narrationis

596 3544 965 3610 perspicuitati
991 3543 1434 3608 obtemperantes,
1462 3540 1515 3589 h.
1540 3540 1575 3589 l.
1601 3554 1776 3589 rerum
1813 3552 1847 3587 a
1883 3536 1934 3586 S.
1959 3536 2011 3585 J.
2037 3536 2284 3600 Baptista
2305 3538 2574 3599 gestarum
2609 3533 2800 3582 seriem
2837 3530 2908 3581 ad
2931 3531 3082 3581 finem

596 3646 767 3696 usque
804 3631 1185 3680 enarrabimus.
2597 3662 2604 3675 .

813 3725 849 3792 ¹)
889 3726 1023 3775 Coll.
1047 3727 1177 3775 Lev.
1211 3729 1291 3788 18,
1320 3728 1400 3775 16.
1429 3742 1468 3774 s.
1524 3722 1565 3783 ²)
1603 3723 1666 3771 In
1705 3726 1896 3782 castr0,
1934 3725 1996 3768 ut
2029 3722 2236 3783 putant,
2274 3714 2688 3765 Machaeruntis.
2745 3713 2809 3763 V.
2835 3714 2959 3763 Not.
2985 3719 3020 3762 t.
3047 3728 3083 3760 s.

598 3828 776 3881 geogr.
814 3831 865 3879 p.
900 3812 1061 3863 XCV.
1124 3812 1415 3877 Discipulis
1458 3812 1567 3859 suis
1604 3809 1742 3858 liber
1777 3813 1894 3857 erat
1929 3806 1996 3855 ad
2033 3807 2208 3871 ipsum
2245 3805 2350 3852 itus
2398 3806 2452 3852 et
2491 3802 2688 3869 exitus.
2741 3800 2816 3850 Ut
2850 3800 3084 3850 Joannes

597 3901 801 3963 Jesum,
833 3902 911 3951 sic
942 3905 996 3950 et
1026 3899 1266 3950 Christus
1285 3899 1551 3949 Joannem
1589 3897 1748 3947 etiam
1777 3896 2012 3943 vinetum
2043 3891 2430 3941 honestissimis
2459 3888 2670 3939 ornavit
2701 3886 2905 3951 elogiis.
2955 3885 3083 3934 Coll.

598 3988 785 4038 Matth.
824 3990 914 4050 11,
956 3990 1001 4037 1.
1056 3987 1189 4035 Luc.
1226 3987 1281 4048 7,
1320 3988 1401 4035 18.
1461 3983 1609 4034 Nulli
1648 3982 1952 4031 dubitamus
1995 3978 2308 4045 prophetam
2351 3975 2643 4040 discipulos
2679 3988 2807 4023 suos
2845 3979 2901 4023 et
2937 3988 3082 4037 quos-

600 4092 827 4142 cumque
863 4074 1184 4141 compellare
1222 4073 1465 4133 dabatur,
1504 4086 1533 4120 e
1568 4068 1800 4119 vinculis
1837 4067 2108 4117 erudiisse.
2171 4064 2211 4131 ³)
2249 4064 2330 4113 Cf.
2354 4063 2406 4113 J.
2431 4062 2500 4111 Η.
2539 4060 2711 4121 Stuss,
2749 4064 3084 4117 commentar,

601 4164 667 4213 de
707 4164 965 4214 natalitiis
1012 4161 1141 4211 bibl.
1168 4159 1391 4210 Gothae.
1414 4160 1564 4207 1737.
1602 4160 1650 4219 §-
1676 4156 1822 4206 XIII.
1874 4153 1916 4221 ⁴)
1947 4151 2269 4203 Herodiadis
2294 4166 2360 4200 ex
2384 4148 2632 4213 Philippo
2669 4148 2832 4212 priori
2867 4146 3083 4209 coniuge

600 4250 725 4299 filia.
764 4248 805 4317 ⁵)
842 4248 1105 4300 Herodias
1140 4246 1441 4306 verebatur,
1479 4260 1547 4293 ne
1584 4244 1683 4292 viri
1721 4241 2039 4291 sanctissimi
2077 4235 2546 4303 increpationibus,
2577 4233 2824 4283 Herodes
2863 4216 3104 4281 incestas*

602 4338 817 4402 nuptias
862 4336 1105 4387 solveret.
1163 4333 1203 4400 ⁶)
1254 4331 1573 4381 Inhaerebat
1621 4332 1798 4379 animo
1853 4328 2133 4377 castissimi
2183 4326 2334 4385 vatis,
2385 4324 2470 4372 eui
2517 4336 2626 4370 non
2681 4334 2870 4385 parum
2925 4334 3086 4383 nuper

601 4423 896 4484 tribuebat,
942 4423 1221 4484 sanctitas3
1265 4418 1565 4469 testabatur
1614 4416 1943 4466 conscientia
1991 4416 2184 4463 iustam
2229 4410 2396 4459 fuisse
2447 4408 2612 4457 divini
2661 4408 2820 4457 istius
2867 4405 3085 4454 hominis

602 4508 1093 4575 reprehensionem3
1129 4507 1415 4556 verebatur
1452 4506 1611 4553 etiam
1636 4502 1908 4551 infamiam
1945 4499 2089 4565 apud
2127 4496 2384 4557 subditos,
2423 4496 2466 4545 si
2503 4496 2676 4542 virum
2713 4493 2874 4542 talem
2893 4491 3084 4557 populo

602 4594 977 4657 reverendum,
1032 4594 1236 4658 absque
1289 4591 1402 4640 ulla
1455 4604 1621 4640 eausa
1671 4589 1790 4637 neci
1829 4586 1995 4636 daret.
2033 4584 2114 4635 Ab
2164 4584 2334 4633 altera
2379 4584 2528 4648 parte
2583 4580 2842 4629 memoria
2893 4578 3084 4628 liberae
