3267 5259
1229 434 1371 476 coena.
1399 433 1585 475 Domini.
2533 425 2650 489 121

198 610 453 687 principio
494 612 953 687 praedicationis
995 632 1156 671 meae
1200 632 1430 671 mecum
1476 615 1891 689 perseverastis
1935 615 2234 673 individui
2271 616 2433 675 vitae
2473 617 2652 674 comi-

200 728 280 773 tes.
334 715 487 773 Haec
529 718 603 775 de
646 716 942 793 pervicaci
985 718 1023 774 J
1023 719 1343 775 udaeorum
1388 718 1828 790 incredulitate,
1893 721 1964 777 de
2016 719 2146 777 odio
2203 725 2377 798 atque
2421 740 2653 779 aerum-

198 820 287 889 nis,
326 838 461 897 quae
504 818 677 879 v6bis
722 820 1038 879 imminent
1080 840 1183 880 vos
1226 821 1517 897 praescire
1562 828 1957 897 opportunum
2003 824 2148 881 duco
2163 868 2176 894 ,
2227 830 2295 881 ut
2339 843 2471 882 cum
2516 844 2651 883 con-

200 924 407 997 tigerint
450 944 511 981 10
559 924 903 999 inexspecta
946 943 1062 981 non
1107 926 1451 983 turbemini.
1522 926 1762 983 Etenim
1820 945 1940 985 non
1982 926 2172 984 solum
2225 947 2653 1005 aposynagogos

199 1047 279 1085 ros
316 1027 547 1099 facient,
614 1030 714 1085 sed
760 1033 985 1104 tempus
1031 1029 1231 1086 veniet
1274 1034 1343 1087 ut
1386 1029 1601 1102 omnis,
1651 1030 1750 1108 qui
1801 1030 2117 1089 interficiet
2159 1050 2280 1102 vos,
2329 1032 2647 1105 existimet,

200 1150 244 1187 se
278 1130 385 1188 Deo
426 1152 549 1189 rem
596 1151 768 1207 agere
812 1132 1210 1207 gratissimam
1230 1130 1268 1191 ¹.
1338 1134 1475 1190 Nou
1518 1138 1760 1209 propter
1805 1134 2058 1192 crimina
2110 1134 2310 1213 aliqua
2369 1155 2472 1193 vos
2517 1155 2650 1211 per-

200 1240 498 1312 sequentur,
566 1236 667 1295 sed
726 1236 867 1314 quia
928 1255 1046 1293 non
1108 1238 1357 1294 credunt
1414 1256 1505 1293 me
1566 1257 1686 1295 esse
1731 1237 2030 1297 Christum
2076 1258 2113 1295 a
2154 1239 2330 1297 Patre
2389 1240 2649 1298 missum.

200 1338 437 1414 Tempore
479 1360 597 1418 quo
642 1341 787 1397 haec
830 1340 1019 1398 facere
1062 1340 1186 1397 illis
1231 1341 1577 1415 permissum
1621 1341 1760 1412 erit,
1829 1342 2216 1400 recordemini
2271 1342 2456 1401 multe
2517 1349 2653 1402 ante

201 1442 343 1500 1111880
381 1444 830 1520 praenuntiata,
896 1450 1069 1521 atque
1128 1444 1214 1501 sic
1266 1444 1413 1501 certi
1458 1444 1625 1503 eritis
1672 1447 1742 1503 de
1787 1446 1994 1503 divina
2037 1466 2166 1503 mea
2208 1464 2343 1505 cum
2384 1448 2649 1520 scientia,

208 1554 309 1603 tum
347 1548 663 1606 veracitate
677 1594 689 1606 .
738 1546 1125 1626 Quoadusque
1162 1548 1464 1607 vobiscum
1494 1548 1602 1620 fui,
1638 1569 1780 1625 opus
1823 1570 1943 1607 non
1987 1556 2116 1609 erat
2158 1552 2355 1609 omnia
2385 1551 2492 1611 illa
2521 1552 2654 1611 odia

202 1651 333 1707 vobis
370 1652 739 1721 denuntiari;
808 1656 871 1710 at
930 1671 1087 1709 nunc
1153 1652 1297 1729 quia
1340 1672 1433 1709 me
1479 1653 1773 1725 carebitis,
1831 1658 2036 1713 contra
2095 1657 2342 1713 adversa
2386 1675 2652 1731 praemu-

202 1754 367 1813 niendi
406 1753 599 1815 estis2.
647 1756 894 1814 Discedo
940 1757 1139 1814 abiens
1184 1763 1243 1814 et
1288 1776 1455 1815 nemo
1499 1763 1762 1816 vestrum
1793 1778 1930 1818 vere
1961 1760 2259 1835 expendit,
2315 1780 2430 1839 quo
2461 1766 2520 1819 et
2550 1781 2656 1820 cur

202 1860 398 1917 abeam?
438 1860 715 1917 Tristitia
759 1860 1023 1936 impedit,
1072 1861 1383 1939 quominus
1427 1882 1519 1919 me
1564 1862 1938 1937 interrogetis
1984 1866 2053 1921 de
2094 1867 2283 1936 rebus,
2333 1884 2476 1943 quas
2505 1866 2654 1924 scire

202 1974 362 2019 restra
400 1964 601 2021 refert.
671 1964 730 2021 N
732 1984 763 2021 0
808 1964 1153 2022 afficiamini
1208 1984 1492 2037 moerore,
1556 1986 1694 2024 nam
1739 1968 1976 2043 expedit
2022 1969 2187 2027 vobis
2203 2014 2216 2040 ,
2284 1970 2655 2048 maximeque

203 2065 339 2123 utilis
376 2073 459 2124 est
504 2067 787 2125 discessus
829 2087 1011 2126 meus.
1060 2068 1277 2142 Ingens
1321 2070 1488 2127 vobis
1533 2070 1726 2145 pariet
1768 2072 2002 2141 bonum,
2052 2091 2259 2148 nempe
2307 2072 2562 2149 Spiritus
2592 2074 2650 2133 S.

204 2168 499 2227 miaeionem
513 2169 555 2229 ³.
604 2172 810 2250 Neque
855 2177 1048 2230 tamen
1095 2172 1247 2229 illud
1292 2172 1458 2231 vobis
1504 2174 1700 2231 animo
1744 2174 1968 2249 fingite,
2017 2176 2306 2252 Spiritum
2337 2176 2393 2235 S.
2428 2197 2497 2235 ea
2528 2178 2652 2236 sola

202 2280 397 2331 tantum
439 2277 507 2332 de
552 2294 729 2333 causa
772 2281 1105 2346 venturum,
1153 2280 1223 2333 ut
1266 2276 1331 2333 in
1374 2296 1478 2334 vos
1522 2277 1740 2335 effusus
1784 2278 2074 2354 praesidio
2105 2280 2271 2339 vobis
2301 2280 2404 2349 sit;
2454 2281 2653 2340 veniet

202 2377 381 2453 quippe
424 2379 601 2437 etiam
648 2384 717 2437 ut
764 2382 1049 2437 mundum
1094 2380 1404 2437 convincat
1448 2380 1774 2455 malignum
1836 2384 1934 2454 ,de
1984 2386 2288 2458 peccato‘
2333 2403 2464 2456 suo,
2514 2386 2656 2463 quia

201 2480 321 2537 mihi
360 2502 470 2539 non
514 2483 787 2541 credidit.
856 2483 940 2541 Ut
1014 2488 1223 2558 arguat
1288 2502 1423 2541 eum
1468 2486 1566 2555 ‚de
1609 2485 1932 2544 iustitia‘
1979 2506 2182 2545 causae
2229 2507 2418 2559 meae,
2499 2491 2653 2567 quod

201 2582 306 2639 iure
361 2586 611 2643 dixerim
672 2606 765 2643 me
824 2606 943 2644 esse
987 2586 1099 2644 Dei
1154 2586 1345 2644 filium
1359 2632 1373 2659 ‚
1445 2588 1609 2646 cuius
1669 2588 1904 2664 signum
1964 2595 2077 2662 est,
2148 2593 2300 2669 quod
2367 2593 2515 2650 vado
2575 2594 2650 2650 ad

200 2686 422 2746 Patrem:
498 2696 557 2748 et
619 2692 718 2761 ,de
763 2690 1057 2749 iudicio‘
1122 2710 1235 2769 quo
1296 2696 1603 2768 propterea
1681 2696 1830 2771 quod
1886 2694 1952 2751 in
2010 2714 2102 2752 me
2159 2696 2321 2753 haud
2366 2698 2661 2769 crederet,

202 2790 295 2847 iam
334 2795 739 2852 condemnatus
783 2792 926 2852 est⁴.
995 2795 1189 2852 Multa
1234 2800 1458 2853 restant
1501 2797 1692 2854 adhuc
1751 2797 1994 2855 dicenda
2009 2843 2022 2869 ,
2086 2799 2185 2856 sed
2243 2819 2344 2857 vos
2407 2819 2475 2858 ea
2535 2820 2654 2858 non

202 2897 403 2969 potestis
446 2899 611 2956 modo
656 2897 1015 2971 intelligere,
1066 2917 1199 2956 cum
1244 2904 1440 2957 autem
1471 2899 1728 2975 Spiritus
1759 2900 1817 2958 S.
1849 2902 2098 2973 venerit,
2146 2901 2250 2960 1110
2294 2905 2522 2962 docebit
2551 2924 2654 2963 vos

200 3016 395 3057 omnem
434 3002 773 3067 veritatem;
822 3000 977 3058 nihil
1024 3007 1219 3059 tamen
1266 3008 1499 3078 praeter
1542 3022 1672 3060 mea
1712 3004 2018 3079 proprium
2062 3005 2353 3084 loquetur.
2402 3008 2514 3065 Ille
2559 3028 2652 3066 me

202 3100 537 3175 glorificabit,
602 3106 673 3161 de
718 3124 813 3161 me
858 3104 1096 3180 accipit3
1165 3106 1423 3182 Spiritus
1476 3106 1633 3164 enim
1680 3128 1840 3165 meus
1892 3114 2004 3180 est,
2069 3128 2200 3167 cum
2261 3111 2340 3168 sit
2397 3111 2654 3187 Spiritus

200 3204 391 3277 Patris,
436 3228 683 3286 quocum
728 3227 918 3266 unum
962 3228 1161 3267 sumus
1176 3208 1217 3267 ⁵.
1265 3210 1561 3268 Modicum
1605 3215 1836 3285 tempus
1879 3211 1996 3269 erit
2025 3214 2113 3280 ¹ab
2157 3213 2268 3270 hac
2311 3215 2486 3286 hora,
2537 3212 2654 3293 qua

202 3374 419 3439 Anatim,
470 3378 537 3427 de
572 3377 859 3429 Ecclesiae
896 3378 1245 3430 occidentalis
1284 3384 1447 3445 atque
1484 3380 1759 3431 orientalis
1793 3387 2056 3447 perpetua
2091 3384 2444 3435 consensione
2486 3385 2520 3434 l.
2555 3386 2650 3435 111.

206 3458 302 3510 Col.
326 3466 461 3514 1648.
486 3465 556 3526 11,
584 3468 635 3514 2.
660 3481 714 3530 p.
740 3466 824 3514 48.
851 3480 962 3530 seq.
986 3464 1055 3514 11.
1084 3467 1131 3528 6,
1158 3466 1207 3515 5.
1234 3482 1285 3531 p.
1310 3468 1431 3517 578.
1456 3466 1553 3516 111.
1584 3469 1629 3529 1,
1657 3469 1707 3516 3.
1732 3484 1783 3532 p.
1810 3469 1928 3518 878.
1955 3483 2064 3533 seq.
2102 3468 2162 3518 0.
2188 3470 2250 3519 R.
2276 3469 2653 3533 Bellarminus,

205 3544 419 3599 Controv.
442 3566 557 3616 gen.
584 3566 694 3601 sec.
722 3550 789 3600 de
816 3550 1043 3614 Christo,
1070 3551 1142 3612 11,
1170 3554 1253 3601 20.
1281 3566 1323 3602 s.
1347 3569 1400 3618 p.
1428 3555 1546 3602 206.

382 3635 415 3702 ¹)
450 3637 527 3687 Cf.
564 3636 903 3699 Tertulliani,
942 3638 1154 3703 apolog.
1191 3641 1237 3687 1.
1264 3640 1348 3687 20.
1374 3638 1413 3700 1,
1442 3640 1524 3688 54.
1551 3640 1634 3689 85.
1663 3644 1716 3689 et
1740 3656 1782 3690 s.
1806 3639 2023 3703 Justini,
2057 3642 2114 3689 iu
2150 3640 2346 3706 dialog.
2374 3658 2419 3692 c.
2449 3644 2650 3709 Tryph.

206 3723 340 3769 1116.
370 3724 553 3774 verba:
607 3722 931 3784 „Occidistis
968 3726 1169 3774 iustum
1206 3729 1260 3773 et
1296 3729 1420 3774 ante
1458 3740 1577 3775 eum
1614 3725 1905 3791 prophetas
1944 3729 2087 3790 eius,
2127 3733 2180 3778 et
2216 3744 2359 3778 nunc
2396 3745 2513 3792 eos,
2561 3732 2652 3795 qui

208 3820 329 3868 spem
360 3810 407 3858 in
440 3810 586 3860 illum
626 3810 1003 3861 collocant....
1042 3812 1424 3876 aspernamini,
1474 3816 1529 3861 et
1564 3816 1822 3877 quantum
1861 3814 1915 3861 in
1951 3814 2105 3864 vobis
2143 3818 2240 3876 est,
2279 3814 2491 3865 afficitis
2530 3832 2653 3866 con-

208 3894 403 3955 tumelia,
439 3896 565 3947 diris
602 3900 863 3946 voventes
899 3896 957 3945 in
992 3898 1281 3962 synagogis
1318 3899 1509 3947 vestris
1548 3913 1657 3960 008,
1698 3900 1787 3964 qui
1813 3901 1869 3948 in
1897 3899 2162 3950 Christum
2189 3900 2463 3963 credunt“,
2490 3919 2542 3966 p.
2567 3904 2650 3951 57.

210 3975 242 4033 ²]
272 3978 439 4030 Joaun.
468 3985 545 4043 16,
582 3984 739 4032 5-6.
790 3981 830 4045 ³)
871 3981 1101 4047 Spiritus
1137 4000 1178 4032 s.
1216 3997 1348 4033 sane
1383 3984 1521 4033 mitti
1556 4000 1666 4033 non
1701 3990 1931 4050 poterat,
1967 3988 2072 4035 nisi
2108 3987 2268 4036 Patre
2304 3987 2650 4037 reconciliato

212 4078 287 4124 per
312 4073 511 4118 mortem
548 4068 691 4130 Filii,
732 4073 786 4117 et
820 4068 897 4117 ita
931 4069 1035 4117 nisi
1070 4068 1199 4118 Illo
1238 4069 1635 4135 glorificato
1675 4072 1744 4120 ad
1779 4088 1878 4122 nos
1916 4074 2115 4121 venire.
2153 4073 2233 4123 cf.
2269 4074 2465 4123 Joann.
2495 4076 2540 4135 7,
2568 4076 2652 4123 39.

212 4146 409 4203 Christus
442 4156 663 4220 inquam
703 4154 935 4203 obtinuit
968 4170 1067 4219 per
1100 4157 1405 4220 passionem
1442 4162 1497 4206 et
1530 4162 1752 4207 mortem
1791 4172 1939 4208 suam
1989 4173 2023 4208 a
2070 4159 2258 4220 Patre,
2317 4164 2376 4208 ut
2429 4159 2655 4210 donaret

214 4234 419 4298 Spiritum
446 4258 486 4291 s.
514 4240 846 4303 hominibus3
885 4246 942 4291 ut
968 4257 1071 4307 quo
1096 4242 1324 4307 primum
1350 4244 1527 4293 omnia
1550 4244 1920 4295 vivificaverat
1943 4244 2194 4294 mundum
2223 4260 2427 4309 creans,
2467 4246 2654 4297 eodem

213 4320 323 4373 inum
353 4328 654 4379 instaurans
694 4330 885 4377 iterum
920 4328 1234 4378 vivificaret.
1283 4327 1325 4394 ⁴)
1364 4329 1444 4379 cf.
1484 4344 1521 4379 8.
1561 4331 1869 4396 Augustini,
1907 4332 1962 4380 in
1998 4331 2194 4381 Joann.
2240 4332 2449 4397 Evang.
2476 4337 2540 4382 tr.
2567 4335 2652 4383 95.

216 4412 364 4468 11370.
388 4430 426 4464 8.
478 4415 519 4480 ⁵)
556 4414 827 4464 Audiatur
849 4413 1037 4464 horum
1062 4414 1357 4464 difficilium
1392 4416 1677 4467 verborum
1703 4419 1934 4483 optimus
1959 4419 2220 4483 interpres
2245 4434 2286 4469 s.
2315 4417 2546 4483 Cyrillus
2570 4420 2654 4470 Al.

217 4498 427 4551 ueribens:
474 4500 659 4561 „Citra
696 4499 907 4565 culpam
950 4501 1112 4565 igitur
1153 4508 1206 4550 ct
1242 4501 1709 4565 reprehensionem
1748 4518 1954 4553 omnem
1992 4502 2098 4552 dici
2133 4508 2310 4568 potest
2348 4504 2416 4554 ab
2454 4506 2652 4570 Unige-

217 4579 293 4630 nito
326 4587 567 4649 quiddam
608 4586 860 4650 accipere
896 4584 1147 4651 Spiritum
1186 4588 1318 4637 eius.
1380 4588 1517 4637 Nam
1556 4604 1676 4639 cum
1712 4605 1808 4655 per
1845 4590 2018 4654 ipsum
2043 4591 2285 4655 procedit
2322 4592 2651 4654 naturaliter,
