3267 5259
616 416 701 482 96
1272 430 1387 472 mat.
1416 431 1523 472 Rev.
1552 429 1642 472 div.
1673 431 1724 474 s.
1754 431 1806 472 r.
1837 431 2004 472 Period.
2034 433 2068 474 1.
2093 443 2187 483 cap.
2214 431 2414 473 sitorum.

616 609 869 667 ostendit
892 606 930 682 ¹,
978 609 1267 668 Dominus
1324 611 1484 668 enim
1556 611 1684 689 ‚qui
1736 611 1900 670 dives
1958 617 2045 670 est
2105 614 2172 670 in
2227 611 2643 670 misericordia‘
2665 609 2693 650 ²
2744 613 2960 671 amoris
3007 613 3082 670 sui

614 714 681 771 in
736 731 907 772 cruce
962 713 1238 790 patefecit
1288 715 1631 774 thesaurum
1685 715 2190 792 opulentissimum
2209 714 2254 775 ³.
2329 717 2493 774 Haec
2534 721 2664 774 erat.
2709 718 2998 792 sapient-ia
3035 731 3082 774 et

614 818 981 895 philosophia
1024 818 1371 877 Sanctorum
1422 820 1697 878 Patrum:
1743 841 1789 879 s.
1821 821 1858 878 J
1861 821 2064 879 oannis
2109 821 2504 898 chrysostomi
2526 819 2570 892 ⁴,
2617 821 2724 899 qui
2769 822 3080 880 Passionem

614 923 782 1000 ponit
826 923 1254 995 ,consolationis
1283 929 1343 982 et
1370 923 1800 982 exhortationis
1829 930 2021 1000 caput,
2055 927 2206 1004 quod
2251 931 2339 984 est
2366 926 2626 1002 primum
2671 931 2734 983 et
2783 926 3080 983 ultimum!

613 1027 672 1086 S.
685 1027 1057 1105 Hieronymi,
1078 1027 1253 1086 iuxta
1271 1047 1445 1106 quem
1458 1025 1483 1064 ⁵
1496 1029 1784 1086 Dominus
1807 1049 2037 1086 omnem
2059 1030 2384 1088 doctrinam
2398 1050 2564 1088 suam
2579 1031 2848 1104 passione
2870 1033 3081 1088 robora-

614 1139 733 1203 rat3
760 1139 819 1191 et
840 1138 909 1192 ut
929 1133 1073 1191 alios
1095 1133 1492 1192 ommittamus
1514 1133 1572 1192 S.
1598 1134 1922 1208 Augustini
1945 1132 1984 1208 6,
2011 1135 2114 1213 qui
2145 1134 2232 1194 ait
2262 1135 2534 1208 ,internis
2555 1136 2887 1195 luminibus
2916 1135 3078 1210 inspi-

614 1238 728 1296 cite
750 1238 1001 1296 vulnera
1022 1239 1345 1313 pendentis,
1372 1239 1672 1296 cicatrices
1703 1241 2078 1313 resurgentis,
2111 1240 2456 1314 sanguinem
2485 1239 2814 1311 morientis,
2847 1239 3080 1316 pretium

614 1343 922 1414 credentis,
960 1343 1371 1400 commercium
1404 1342 1745 1400 redimentis
1761 1340 1824 1401 ⁷.‘
1856 1343 1970 1400 His
1992 1349 2051 1401 et
2073 1343 2204 1401 aliis
2227 1345 2468 1402 ducibus
2490 1364 2594 1402 nos
2616 1363 2850 1422 quoque
2871 1345 3080 1402 tandem

612 1466 793 1504 manu
823 1447 991 1525 quasi
1024 1449 1295 1505 deductos
1324 1465 1427 1504 nos
1456 1447 1780 1524 reperimus
1811 1449 1882 1505 ad
1913 1448 2067 1523 ipsas
2097 1449 2386 1507 Passionis
2431 1449 2776 1507 Dominicae
2809 1449 3082 1506 Historias

612 1552 989 1623 enarrandas,
1036 1570 1181 1629 quas
1225 1551 1830 1610 animadversionibus
1874 1553 2222 1630 quibusdam
2267 1553 2563 1611 illustrare
2609 1554 2846 1611 animus
2889 1561 2992 1624 est,
3023 1554 3082 1609 ad

612 1657 813 1728 fidem,
862 1661 985 1714 tam
1029 1655 1095 1713 in
1139 1656 1470 1730 cognitione
1524 1656 1760 1714 viarum
1805 1656 1943 1726 Dei,
1991 1677 2168 1734 quam
2210 1677 2404 1715 amore
2449 1677 2516 1715 ac
2567 1657 2840 1717 aestimio
2883 1658 3082 1714 Christi

610 1760 1061 1820 sublimandam.
1108 1760 1189 1818 Et
1217 1759 1475 1836 plurima
1502 1761 1739 1838 quidem
1768 1760 2164 1820 sanctissimae
2190 1762 2368 1819 huius
2389 1761 2682 1819 Passionis
2713 1763 3081 1822 narrationes.

611 1886 649 1924 a
684 1865 839 1923 divis
884 1864 1343 1939 Evangeliorum
1386 1865 1770 1940 scriptoribus
1813 1865 2234 1940 perdiligenter
2275 1871 2566 1938 exaratae,
2609 1867 2836 1924 habent
2881 1867 3084 1940 dignis·

610 1970 760 2027 sima
778 1967 820 2028 ⁸.
884 1969 1105 2027 Verum
1149 1987 1283 2026 cum
1320 1969 1612 2026 Passionis
1657 1969 1834 2026 huius
1877 1967 2161 2027 Historiis
2209 1971 2322 2027 rite
2361 1970 2756 2046 expendendis
2804 1971 3082 2044 integrum

613 2074 889 2132 volumen
934 2075 1092 2132 haud
1138 2071 1449 2143 sufficeret,
1484 2073 1651 2130 nobis
1682 2073 1840 2131 intra
1873 2078 2145 2147 angustos
2190 2074 2598 2131 narrationum
2628 2074 2856 2133 limites
2888 2075 3083 2131 consti·

614 2179 777 2248 tutis,
828 2178 1143 2255 praecipua
1186 2179 1353 2235 modo
1396 2177 1842 2252 contemplanda
1883 2184 2054 2236 erant
2097 2178 2352 2236 eiusdem
2395 2184 2708 2237 momenta.

1240 2452 1298 2530 ἓ.
1348 2453 1449 2518 22.
1513 2448 1809 2514 Ultima
1855 2449 2148 2514 Christi
2197 2472 2460 2514 coena.

816 2639 1027 2704 Biduo
1090 2650 1242 2704 ante
1304 2640 1543 2704 festum
1588 2639 1920 2724 Paschae,
1975 2640 2278 2704 nimirum
2339 2641 2503 2704 feria
2563 2645 2848 2726 quarta⁹
2903 2641 3082 2706 Jesus

606 2755 736 2817 suis
782 2751 1114 2838 Apostolis
1162 2751 1343 2835 dixit,
1392 2751 1534 2816 fore
1576 2763 1651 2817 ut
1702 2761 1941 2816 norunt
1983 2751 2240 2816 Pascha
2283 2751 2616 2838 perendie,
2662 2755 2944 2840 ipsoque
2991 2753 3080 2816 die

610 2889 988 2950 azymorum
1030 2887 1098 2929 se
1144 2864 1453 2930 traditum
1498 2866 1574 2928 iri
1620 2865 1963 2948 RomaniS,
2009 2874 2081 2928 ut
2124 2864 2302 2928 illum
2346 2867 2414 2929 in
2461 2888 2726 2930 crucem
2770 2864 3082 2930 tollerent.

606 2978 708 3041 Ac
766 3001 923 3041 sane
987 2976 1221 3041 eodem
1282 2987 1579 3063 tempore
1641 2976 1984 3062 pontifices
2043 2978 2342 3060 maximi,
2391 2977 2644 3042 scribae
2692 2989 2760 3042 et
2801 2979 3082 3042 seniores

605 3089 829 3176 populi
860 3091 926 3153 in
959 3089 1157 3153 aedes
1198 3089 1487 3174 Caiphae
1522 3099 1972 3154 convenerunt
2017 3088 2454 3173 deliberaturi,
2503 3113 2633 3175 qua
2679 3101 2842 3172 arte,
2877 3112 3081 3176 quove

606 3201 754 3266 dolo
816 3201 857 3266 J
864 3224 1045 3266 esum
1106 3211 1419 3286 caperent
1476 3202 2074 3287 interimerentque.
2165 3201 2481 3266 Homines
2541 3205 2646 3267 isti
2713 3204 2895 3289 impii
2967 3202 3080 3266 alia

606 3313 867 3399 quidem
917 3315 1135 3378 omnia
1180 3312 1576 3399 cogitabant,
1624 3336 1823 3400 quam
1853 3324 1924 3378 ut
1957 3313 2282 3380 Christum
2313 3315 2378 3378 in
2433 3325 2568 3379 tam
2613 3315 2864 3380 solenni
2919 3315 3078 3379 fest.»

606 3427 947 3490 afficerent
987 3449 1203 3512 poena
1244 3426 1539 3514 capitali3
1584 3449 1724 3491 rem
1769 3429 1940 3491 enim
1984 3449 2126 3491 esse
2173 3427 2462 3513 periculo
2517 3427 2780 3514 plenam
2823 3429 3078 3491 omnino

603 3538 925 3622 iudicant,
990 3562 1290 3626 quaeque
1350 3539 1435 3604 ad
1496 3543 1744 3604 exitum
1797 3539 2068 3626 perduci
2128 3563 2260 3604 non
2305 3551 2531 3626 posset
2591 3541 2728 3604 sine
2789 3539 3080 3604 tumultu,

816 3813 854 3877 ¹)
902 3813 1051 3862 Rom.
1090 3815 1149 3876 5,
1186 3817 1235 3863 8.
1298 3813 1338 3878 ²)
1386 3812 1585 3877 Ephes.
1620 3814 1680 3874 2,
1716 3815 1766 3862 4.
1822 3812 1862 3876 ³)
1909 3813 1936 3861 I
1972 3811 2169 3862 Joann.
2202 3813 2262 3874 4,
2299 3814 2346 3861 9.
2385 3814 2466 3862 10.
2527 3810 2567 3877 ⁴)
2613 3811 2802 3861 Enarr.
2838 3826 2883 3861 s.
2919 3827 2968 3861 e.
3008 3811 3082 3862 ed.

602 3916 654 3965 p.
684 3901 799 3949 165.
828 3916 870 3950 s.
933 3897 972 3964 ⁵)
1009 3900 1111 3964 Ep.
1142 3901 1256 3949 121.
1295 3899 1363 3949 ad
1398 3898 1687 3963 Algasiam,
1728 3916 1779 3964 q.
1813 3901 1861 3948 5.
1901 3916 1950 3964 p.
1987 3900 2105 3948 861.
2167 3897 2208 3964 6)
2244 3899 2328 3948 De
2366 3915 2407 3948 s.
2433 3898 2770 3963 Virginitate.
2803 3914 2852 3947 c.
2877 3899 2962 3948 53.
2999 3897 3080 3958 Vl,

604 3988 721 4036 365.
785 3985 825 4052 τ)
852 3985 932 4035 Cf.
961 3985 1013 4035 S.
1040 3986 1360 4048 Ber-nardus,
1399 3987 1551 4035 cilius
1589 3985 1832 4050 inprimis
1869 4000 2041 4035 sermo
2067 3985 2263 4046 XLIII,
2289 3987 2346 4034 in
2371 3983 2526 4034 Cant.
2567 3983 2668 4048 111,
2705 3985 2821 4034 284.
2853 4001 2962 4049 seq.
2993 3985 3080 4046 ‚de

604 4072 864 4122 fasciculo
892 4072 1137 4136 myrrhae
1164 4071 1389 4122 collecto
1412 4087 1475 4121 ex
1501 4071 1778 4122 laboribus
1805 4076 1858 4120 et
1882 4071 2154 4122 doloribus
2181 4070 2408 4121 Christi‘⁸
2430 4071 2536 4120 huc
2555 4077 2789 4138 spectat3
2813 4077 3082 4136 praeterea

602 4173 773 4208 senno
798 4158 942 4208 LXI.
968 4159 1060 4208 ubi
1085 4175 1136 4208 n.
1159 4160 1206 4209 7.
1226 4175 1268 4208 s.
1296 4159 1577 4224 exponitur
1600 4157 1880 4207 vulnerum
1905 4158 2122 4206 Domini
2145 4159 2228 4206 vis
2253 4157 2320 4206 ad
2347 4158 2587 4207 curanda
2615 4159 2824 4207 animae
2851 4157 3080 4206 vulnera.

600 4245 681 4293 Ib.
707 4261 757 4310 p.
784 4247 903 4295 403.
929 4247 979 4294 4.
1030 4243 1070 4310 Β)
1110 4245 1231 4294 Sive
1270 4251 1477 4310 tempus
1516 4249 1571 4294 et
1604 4243 1781 4293 locum
1819 4243 2060 4309 aliasque
2097 4245 2274 4310 operis
2299 4259 2334 4293 a
2357 4244 2568 4294 Christo
2595 4245 2831 4310 suscepti
2867 4245 3080 4294 circum-

602 4333 853 4392 stantias,
894 4333 1007 4381 sive
1046 4333 1407 4382 sanctissimos
1444 4346 1752 4396 merumque
1803 4345 2032 4380 amorem
2071 4333 2332 4397 spirantes
2377 4345 2650 4381 sermones
2697 4331 2878 4380 debita
2917 4335 3078 4380 atten-

600 4416 747 4464 tione
798 4417 1212 4468 consideremus.
1274 4416 1315 4482 9)
1356 4418 1507 4478 Quae
1554 4416 1680 4468 olim
1725 4417 1795 4466 ob
1840 4416 1979 4466 hanc
2023 4432 2240 4467 causam
2285 4418 2484 4466 ieiunio
2531 4417 2914 4483 deputabatur,
2947 4419 3082 4466 sieut

600 4499 735 4550 feria
770 4506 921 4551 sexta
958 4502 1026 4551 ob
1064 4517 1281 4567 passum
1318 4504 1630 4567 Dominum;
1669 4507 1728 4552 nt
1764 4507 1990 4554 testatur
2025 4519 2068 4554 s.
2092 4504 2440 4568 Augustinus,
2479 4519 2560 4568 ep.
2589 4503 2835 4554 XXXVI.
2875 4505 2960 4564 13,
3001 4506 3083 4552 30.

602 4584 671 4634 ad
709 4585 1049 4635 Casulanum.
1088 4604 1139 4653 p.
1178 4591 1261 4638 80.
