3267 5259
1133 450 1413 505 Evangelium
1441 466 1475 493 s.
1494 454 1650 495 Lucae.
2519 441 2560 507 2
2563 440 2646 507 89

191 634 529 709 spectentur
572 648 609 689 e
656 626 883 710 gentili
930 626 1335 691 Christianus
1373 627 1575 691 fuisse
1622 626 1899 710 videtur,
1948 630 2052 691 cui
2091 638 2310 691 tamen
2355 630 2648 693 instituta

190 736 559 802 Judaeorum
588 748 939 824 perspecta
972 749 1159 803 erant
1182 742 1231 823 ¹3
1278 740 1491 804 virum
1524 738 1884 804 consularis
1916 738 2267 825 dignitatis,
2315 742 2420 804 cui
2449 739 2646 806 urbes

190 848 373 915 Italiae
423 854 733 935 cognitae
782 861 985 931 erant,
1034 874 1245 937 aeque
1290 854 1359 915 in
1402 851 1678 937 proclivi
1724 863 1823 916 est
1869 861 2154 917 statuere
2174 854 2219 917 2.

350 963 595 1049 Neque
630 966 844 1028 minus
888 975 1241 1050 propterea
1277 966 1680 1029 auctoritatis
1713 964 2146 1049 Evangelium
2193 988 2241 1029 s.
2273 965 2521 1047 Lucae,
2561 964 2646 1030 ad

192 1077 475 1159 privatum
506 1074 862 1159 hominem,
911 1099 1107 1161 quam
1147 1078 1198 1140 si
1235 1074 1499 1163 publice
1539 1076 1623 1141 ad
1672 1100 1898 1141 omnes
1943 1078 2274 1161 scriptum,
2319 1079 2387 1141 in
2423 1078 2646 1163 primis

192 1188 529 1271 gentiles,
563 1199 636 1253 ut
657 1188 937 1254 Veteres
969 1189 1317 1272 affirmant,
1352 1199 1525 1253 esset
1555 1188 1800 1254 habere
1831 1188 2196 1276 putandum
2223 1199 2338 1254 est.
2388 1190 2558 1253 Nam
2584 1199 2648 1254 et

194 1301 331 1385 quod
374 1300 743 1387 Theophilo
792 1303 1083 1387 scripsit,
1147 1302 1445 1367 omnibus
1502 1304 1790 1388 scripsit3
1847 1304 2013 1366 sicut
2061 1311 2127 1365 et
2172 1302 2232 1365 d.
2264 1301 2507 1367 Paulus
2562 1302 2648 1366 ad

192 1414 439 1497 privatos
462 1414 764 1479 homines
786 1414 1113 1478 interdum
1138 1414 1450 1497 scribenS,
1475 1416 1591 1479 toti
1611 1414 1955 1479 Ecclesiae
1981 1417 2251 1501 scripsit.
2286 1414 2392 1479 De
2419 1424 2640 1479 cetero

192 1548 227 1588 s,
236 1525 467 1591 Lucam
482 1526 921 1611 Evangelium
939 1548 1127 1591 suum
1144 1526 1387 1613 lingua,
1415 1550 1583 1613 quae
1610 1537 1709 1592 est
1727 1526 2000 1592 Graecis
2018 1529 2304 1613 propria,
2331 1550 2642 1593 exarasse

192 1638 241 1700 in
266 1637 521 1703 dubium
566 1638 1082 1724 haudquaquam
1112 1650 1405 1705 vocatur.
1468 1640 1682 1705 Huius
1716 1642 1890 1704 enim
1920 1640 2186 1725 linguae
2219 1642 2390 1705 inter
2420 1663 2648 1705 omnes

190 1749 661 1839 Hagiographos
717 1764 859 1817 erat
916 1754 1378 1838 peritissimus3
1440 1776 1598 1818 sane
1661 1752 1987 1817 scribendi
2047 1776 2254 1837 genus
2311 1752 2372 1817 d.
2417 1753 2646 1817 Lucae

193 1874 269 1926 est
302 1863 535 1929 florens
582 1875 651 1930 et
696 1863 963 1949 elegans
1010 1876 1207 1951 atque
1246 1865 1684 1930 Historiarum
1724 1888 1906 1930 more
1945 1864 2320 1948 dilucidum,
2366 1865 2434 1929 id
2470 1866 2645 1952 quod

192 2104 263 2165 qui
304 2116 423 2153 sane
472 2107 520 2165 1,
560 2106 609 2153 4.
660 2103 863 2153 indicat
910 2102 979 2152 ad
1024 2102 1293 2154 hominem
1340 2103 1748 2154 determinatum
1794 2103 1963 2153 verba
2013 2102 2154 2167 fieri3
2211 2120 2331 2153 cum
2381 2120 2487 2169 quo
2538 2106 2644 2154 iam

192 2188 385 2239 antehac
419 2192 613 2239 notitia
646 2191 1028 2241 intercesserat
1053 2190 1103 2240 d.
1124 2192 1325 2240 Lucae.
1386 2190 1437 2239 b.
1474 2190 1625 2252 Idem
1657 2190 1852 2255 probat
1873 2190 1990 2239 Act.
2019 2193 2065 2253 1,
2094 2194 2140 2239 1.
2179 2190 2272 2240 ubi
2297 2191 2649 2257 Evangelista

194 2267 255 2331 ..ὦ
276 2273 497 2345 sapa&
524 2279 702 2343 ipsum
728 2278 915 2327 eodem
938 2277 1095 2326 modo
1122 2292 1339 2339 vocans,
1380 2276 1619 2327 declarat
1645 2293 1702 2326 se
1728 2277 1796 2326 ad
1823 2292 1940 2325 eum
1967 2276 2322 2342 Evangelium
2347 2279 2642 2343 scripsisse.

191 2364 381 2413 Accedit
412 2380 456 2413 c.
494 2363 582 2414 vel
618 2364 845 2414 maxime
884 2364 1173 2429 epithetum
1212 2360 1505 2430 ,,κράτιστε“
1554 2378 1659 2430 quo
1707 2364 1871 2413 utitur
1917 2362 2169 2429 Scriptor.
2243 2364 2327 2413 Ex
2365 2364 2467 2413 hac
2504 2380 2643 2414 com-

193 2450 444 2513 pellatione
470 2478 537 2487 -—-
565 2449 706 2500 Coll.
729 2451 851 2499 Act.
874 2452 957 2512 23,
992 2452 1076 2501 26.
1114 2452 1199 2513 24,
1239 2452 1288 2499 3.
1326 2452 1413 2513 26,
1446 2452 1530 2499 25.
1580 2450 1753 2516 Epist.
1791 2450 1859 2500 ad
1891 2451 2141 2515 Diognet.
2183 2450 2262 2499 ed.
2301 2450 2445 2500 Otto.
2483 2451 2553 2500 11.
2589 2468 2642 2517 p.

193 2538 261 2585 53.
294 2554 331 2587 s.
362 2566 423 2573 —
460 2537 667 2603 liquido
717 2542 894 2603 patet3
948 2537 1163 2587 solitum
1212 2537 1471 2587 eiusmodi
1524 2536 1740 2587 titulum
1793 2538 2048 2603 impertiri
2102 2537 2446 2587 nobilissimis
2499 2539 2645 2601 viris,

194 2622 427 2689 fuisseque
454 2624 814 2689 amplissimae
840 2624 1112 2690 dignitatis
1144 2624 1391 2685 indicem,
1418 2640 1527 2673 non
1550 2638 1814 2689 personae
1849 2623 2078 2673 laudem.
2141 2624 2190 2672 d.
2229 2624 2448 2689 Antiqui
2485 2626 2645 2673 inter-

192 2712 649 2776 pretes,v111gatus‚
682 2710 861 2775 Syrus,
893 2710 1083 2774 Arabs,
1104 2710 1360 2776 Aethiops
1381 2726 1609 2776 quoque,
1638 2710 1991 2775 Theophilum
2015 2725 2111 2776 pro
2137 2712 2351 2759 nomine
2376 2712 2644 2776 proprio

192 2794 467 2863 habuerint3
506 2798 735 2847 eandem
771 2798 969 2863 quippe
1000 2812 1187 2847 vocem
1214 2798 1561 2847 Vei-sionibus
1589 2799 1697 2847 suis
1722 2798 2028 2847 inferentes.
2089 2796 2261 2862 Magis
2287 2796 2341 2845 id
2367 2796 2645 2847 confirma-

196 2888 269 2932 tur
290 2901 327 2934 e.
352 2884 401 2934 S.
424 2886 481 2935 P.
514 2890 569 2935 et
593 2884 648 2935 S.
672 2885 738 2935 E.
769 2886 996 2949 scriptis,
1036 2884 1103 2935 de
1141 2900 1381 2950 quorum,
1408 2884 1595 2949 paucis
1622 2885 1876 2950 exceptis,
1903 2884 2216 2934 testimoniis
2241 2884 2380 2935 ultro
2407 2886 2648 2949 citroque

192 2971 391 3021 evictum
424 2977 517 3033 est,
556 2972 614 3021 in
651 2972 791 3021 hanc
826 2976 1039 3036 praeter
1076 2986 1240 3036 supra
1275 2972 1482 3033 citatos,
1524 2972 1754 3037 reliquos
1781 2986 1962 3021 omnes
1989 2971 2284 3021 concedere
2309 2974 2644 3023 sententiam.

374 3057 409 3123 ¹)
445 3059 579 3109 Cum
602 3059 681 3107 ita
704 3075 745 3108 s.
764 3058 945 3107 Lucas
971 3057 1037 3108 de
1062 3057 1166 3106 illis
1191 3057 1457 3123 loquatur,
1490 3062 1549 3107 ut
1574 3072 1714 3123 quae
1739 3063 1868 3107 nota
1892 3063 2071 3108 essent
2094 3058 2308 3123 legenti.
2358 3058 2492 3108 Con.
2522 3062 2567 3122 1,
2596 3060 2644 3109 5.

194 3145 333 3205 8,10.
373 3148 417 3207 2,
455 3148 537 3195 22.
588 3147 636 3208 6,
675 3148 720 3194 1.
780 3145 899 3193 Act.
936 3145 984 3205 2,
1024 3146 1069 3194 1.
1107 3146 1154 3193 3.
1193 3146 1238 3194 1.
1286 3146 1370 3206 27,
1408 3146 1455 3193 9.
1510 3144 1828 3194 Christianis
1865 3160 1993 3195 vero
2029 3146 2198 3195 sacris
2234 3145 2504 3195 addictum
2539 3147 2648 3195 iam

192 3229 329 3279 fuisse
362 3248 424 3281 ex
461 3235 507 3294 1,
532 3233 585 3281 4.
624 3232 671 3279 si
706 3232 875 3281 verba
910 3236 1053 3281 recte
1092 3232 1439 3280 aestimentur
1475 3232 1730 3295 sequitur.
1805 3230 1844 3297 ²)
1884 3231 2016 3281 coll.
2053 3230 2167 3280 Act.
2205 3234 2288 3293 28,
2327 3234 2407 3281 12.
2445 3235 2525 3281 13.
2564 3234 2645 3281 15.

194 3315 241 3364 in
270 3336 309 3383 q.
340 3319 373 3367 1.
417 3336 457 3369 s.
482 3319 691 3380 Lucas,
739 3319 833 3383 qui
876 3318 945 3368 de
990 3318 1295 3383 regionibus
1342 3318 1684 3369 Palaestinae
1730 3317 1903 3383 deque
1939 3319 2022 3379 iis,
2067 3333 2202 3383 quas
2249 3334 2290 3367 s.
2329 3317 2529 3370 Paulus
2587 3320 2644 3367 in

196 3403 367 3456 Italiam
416 3408 767 3472 navigaturus
816 3407 1166 3472 peragrabat,
1216 3408 1293 3456 ita
1341 3406 1603 3471 loquitur,
1653 3412 1716 3455 ut
1763 3420 1901 3471 quae
1950 3406 2246 3472 Theophilo
2295 3407 2481 3471 ignota
2527 3422 2646 3457 esse

196 3498 422 3544 autumet:
458 3496 508 3556 5,
538 3494 621 3543 12.
673 3494 753 3556 10,
780 3493 863 3542 38.
914 3496 995 3555 11,
1024 3495 1071 3542 1.
1119 3496 1200 3555 17,
1230 3496 1311 3544 12.
1358 3496 1441 3555 23,
1472 3495 1553 3542 51.
1601 3494 1685 3555 24,
1716 3494 1796 3543 13.
1855 3492 1971 3541 Act.
2002 3495 2047 3554 1,
2079 3495 2158 3542 12.
2208 3495 2288 3555 16,
2319 3496 2401 3543 12.
2450 3496 2531 3556 17,
2559 3496 2643 3543 21.

196 3578 261 3637 27,
282 3582 321 3629 8.
347 3583 423 3630 12.
451 3582 560 3644 16.;
596 3580 741 3629 idem
771 3596 929 3644 porro
967 3578 1018 3629 d.
1044 3580 1223 3629 Lucas
1256 3581 1345 3629 vix
1377 3579 1445 3629 ad
1478 3578 1716 3629 Siciliam
1753 3580 2059 3629 narratione
2097 3594 2197 3629 sua
2233 3582 2503 3646 pertingit,
2541 3582 2647 3629 iam

196 3668 341 3715 omnia
374 3669 531 3717 etiam
568 3668 787 3716 minima
821 3666 945 3717 loca
980 3666 1166 3717 lectori
1202 3672 1332 3716 nota
1369 3681 1485 3715 esse
1522 3668 1688 3732 ponit.
1751 3666 1928 3731 Atque
1959 3666 2016 3715 id
2049 3666 2264 3731 quidem
2299 3669 2506 3717 monuit
2539 3669 2646 3718 iam

198 3749 468 3817 Eutychius,
506 3753 655 3820 apud
680 3752 983 3815 Seldenum,
1019 3753 1055 3803 1.
1082 3769 1123 3803 s.
1148 3770 1201 3819 p.
1227 3756 1311 3803 36.
1372 3753 1627 3815 „Scripsit
1663 3754 1844 3802 Lucas
1873 3752 2228 3818 Evangelium
2265 3768 2417 3803 suum
2453 3768 2645 3819 graece

199 3836 251 3885 ad
270 3841 419 3890 virum
450 3840 687 3891 nobilem
715 3856 779 3890 ex
804 3840 1138 3906 sapientibus
1168 3840 1423 3891 Romanis
1450 3842 1543 3890 cui·
1570 3856 1764 3890 nomen
1790 3839 2165 3904 Theophilus.“
2229 3840 2644 3890 Alexandrinum

200 3922 329 3975 fuisse
368 3928 677 3993 opinantur:
722 3926 1039 3993 compilator
1084 3928 1507 3992 recognitionum
1552 3926 1857 3989 Clementis,
1907 3926 1974 3988 X,
2014 3928 2094 3976 71.
2135 3926 2217 3975 ed.
2262 3926 2378 3977 Cot.
2418 3944 2467 3992 p.
2504 3928 2642 3989 602.,

202 4006 461 4065 Hebediesu
496 4014 839 4080 metropolita
876 4012 1155 4077 Sobensis,
1202 4019 1355 4063 tract.
1392 4020 1533 4065 cont.
1570 4013 1740 4063 Catal.
1775 4014 1923 4063 Libr.
1959 4013 2132 4063 chald.
2169 4018 2278 4063 tam
2315 4012 2445 4063 eccl.
2482 4027 2644 4077 quam

202 4098 303 4157 prof.
333 4099 419 4150 lat.
451 4102 519 4150 ab
554 4101 861 4151 Abrahamo
896 4101 1221 4153 Echellensi.
1290 4102 1491 4152 Romae
1533 4104 1681 4151 1653.
1717 4117 1769 4166 p.
1802 4103 1870 4163 7.,
1915 4099 2354 4165 Lexicographus
2401 4101 2644 4165 syriacus

202 4178 312 4233 Bahr
352 4187 537 4237 Bahlul
590 4187 734 4251 apud
782 4187 936 4237 Edm.
982 4186 1299 4250 Castellum,
1356 4187 1594 4239 Lexicon
1645 4187 1877 4253 heptagl.
1925 4188 2098 4236 Lond.
2149 4188 2296 4235 1686.
2352 4184 2432 4248 11,
2471 4187 2642 4247 3859„

202 4276 397 4321 attamen
430 4290 549 4323 cum
588 4289 784 4339 magna
814 4290 989 4325 rerum
1022 4281 1075 4325 et
1105 4280 1403 4341 temporum
1440 4276 1768 4325 confusione.
1833 4273 1938 4323 Sed
1973 4275 2079 4322 ista
2115 4272 2330 4337 quidem
2366 4274 2502 4321 tanti
2535 4288 2644 4322 non

201 4362 309 4417 mut,
336 4366 391 4407 ut
410 4360 609 4410 diutius
640 4362 697 4409 in
729 4360 811 4411 his
840 4362 1171 4411 haereamuS.
1222 4361 1302 4411 cf.
1328 4362 1380 4411 J.
1406 4362 1467 4411 A.
1497 4360 1766 4423 Osiandri,
1794 4359 1932 4425 disp.
1957 4360 2023 4409 de
2049 4357 2346 4423 Theophilo
2382 4355 2642 4427 κρατίστῳ.

201 4438 308 4492 Tub.
334 4448 473 4496 1659.
508 4446 561 4495 J.
589 4446 653 4497 G.
680 4446 881 4509 Stolzii,
919 4449 1199 4499 vindiciae
1233 4448 1516 4513 Theophili
1550 4450 1605 4497 in
1641 4440 1796 4497 The‘s.
1831 4448 1906 4497 th.
1941 4447 2011 4508 ΙΙ,
2039 4448 2154 4496 282.
2208 4446 2270 4495 G.
2299 4445 2642 4512 Schelgvigii‚

198 4524 299 4577 diss.
330 4531 391 4581 de
420 4532 729 4599 Theophilo.
770 4534 977 4584 Gedani
1016 4538 1167 4586 1711.
1217 4535 1268 4585 J.
1302 4536 1369 4585 D.
1406 4534 1711 4596 Michaelis,
1749 4534 1892 4583 Einl.
1937 4536 1985 4595 §-
2025 4536 2140 4583 141.
2176 4550 2227 4599 p.
2265 4534 2382 4583 927.
2410 4548 2452 4583 s.
2501 4534 2643 4598 Hug,

197 4610 314 4664 Einl.
348 4618 413 4680 Π,
440 4623 555 4670 141.
582 4635 623 4669 s.
672 4620 963 4685 Patritium,
1002 4623 1035 4671 l.
1064 4638 1108 4672 c.
1137 4640 1187 4687 p.
1214 4624 1262 4671 6.
1288 4639 1340 4672 n.
1368 4624 1449 4671 24.

280 4707 475 4761 Danko,
502 4712 621 4754 Εἰσὶ.
650 4712 943 4755 &velationis
970 4714 1160 4756 (livinae.
1190 4714 1245 4755 11.
2269 4709 2332 4756 19
