3267 5259
604 428 881 480 LXXXVI
1426 442 1671 492 Apparatus
1700 440 1921 482 Historiee
1938 464 1989 471 —
2008 440 2255 483 chronicus.

601 624 878 701 Apostolo
898 624 1202 693 referebat,
1225 641 1400 700 quem
1421 622 1697 679 effectum
1718 619 1927 679 sortita
1948 626 2097 678 esset
2119 622 2311 698 prima
2332 623 2405 679 ad
2425 640 2520 679 eos
2542 621 2768 697 scripta
2788 608 3047 694 epistola
3066 618 3100 674 ¹.

601 728 716 786 Ubi
767 727 1080 805 Apostolus
1124 726 1391 785 collectas
1422 744 1458 783 a
1485 726 1899 783 Macedonibus
1946 726 2165 801 recepit
2176 721 2220 796 ²,
2255 744 2459 783 rursus
2504 724 2711 782 Titum
2742 744 2881 782 cum
2914 723 3103 780 fratre

588 824 828 903 ,cuius
876 832 1032 890 laus
1078 836 1182 889 est
1226 831 1303 887 in
1347 829 1751 903 Evangelio
1803 849 1928 905 per
1974 848 2209 887 omnes
2260 826 2695 887 Ecclesias‘3
2738 828 3103 887 Corinthum

602 938 764 995 abire
810 936 1014 1006 iussit3
1063 942 1134 993 ut
1162 935 1456 1013 symbolas
1487 934 1755 992 fidelium
1783 953 1892 1009 pro
1922 935 2279 1010 pauperibus
2323 938 2626 1003 curarent,
2674 934 2742 989 in
2773 933 3103 991 adventum

604 1042 778 1100 Pauli
811 1046 1042 1117 paratas
1057 1038 1101 1098 ⁴.
1163 1044 1501 1117 Antequam
1530 1038 2004 1115 Hierosolymam
2033 1038 2495 1113 proficisceretur
2542 1056 2677 1095 cum
2722 1037 2842 1112 piis
2884 1035 3103 1093 oblatis

602 1167 706 1223 per
737 1145 1140 1204 Macedoniam
1170 1150 1229 1202 et
1252 1146 1538 1203 Achaiam
1569 1143 1851 1212 collectis3
1884 1144 2159 1201 exaravit
2188 1141 2577 1218 epistelam
2606 1141 2691 1198 ad
2722 1140 3099 1198 Romanos.

603 1251 696 1309 De
740 1250 882 1321 loeo,
931 1269 1045 1327 quo
1074 1248 1294 1306 Paulus
1333 1250 1468 1319 fuit,
1519 1268 1653 1306 cum
1684 1248 1756 1305 ad
1786 1248 1941 1305 hanc
1968 1248 2275 1323 epistelam
2306 1245 2673 1304 scribendam
2704 1265 2741 1303 a
2770 1244 3013 1320 Spiritu
3042 1244 3098 1300 S.

603 1356 982 1425 excitaretur,
1033 1352 1201 1411 nulla
1244 1352 1636 1411 controversia
1680 1358 1786 1410 est.
1848 1351 2130 1409 Corintho
2175 1354 2333 1409 enim
2363 1350 2601 1407 missam
2631 1348 2803 1406 illam
2832 1367 2961 1405 esse
2992 1348 3097 1405 vix

603 1458 760 1517 ullus
800 1457 1092 1516 diffitetur
1111 1456 1153 1516 ⁵.
1211 1456 1378 1519 Quod
1407 1457 1601 1533 ipsum
1631 1476 1708 1513 ex
1738 1456 2115 1534 sequentibus
2144 1456 2335 1534 liquet
2362 1454 2680 1513 coniicere:
2742 1472 2796 1511 a.
2830 1452 3103 1528 Epistola

605 1565 677 1621 ad
711 1562 1000 1621 Romanos
1019 1560 1044 1600 ⁶
1073 1563 1512 1620 commendatur
1535 1560 1815 1619 Romanis
1836 1561 2069 1619 Phoebe
2098 1560 2423 1618 diaconissa
2444 1558 2755 1629 Ecclesiae,
2791 1576 2947 1635 quae
2978 1566 3101 1614 erat

605 1667 670 1724 in
702 1666 998 1736 Cenchris,
1047 1666 1258 1741 oppido
1308 1665 1590 1723 Corintho
1635 1668 1832 1723 vicino
1862 1670 2037 1741 atque
2078 1663 2395 1735 maritime,
2445 1668 2615 1738 portu
2648 1661 2873 1735 insigni
2896 1658 2959 1730 ⁷3
3008 1662 3101 1719 cui

608 1775 908 1829 matronae
955 1769 1134 1826 etiam
1164 1769 1410 1827 Romam
1453 1768 1866 1845 proficiscenti,
1916 1770 2021 1826 has
2052 1769 2257 1826 literas
2284 1768 2563 1825 Romanis
2596 1767 2905 1825 tradendas
2944 1786 3101 1823 cem·

607 1875 774 1932 misit
803 1896 848 1932 s,
884 1874 1121 1931 Paulus.
1185 1871 1340 1934 Quia
1388 1874 1443 1930 b.
1491 1873 1650 1930 inter
1692 1874 1925 1943 amicos,
1976 1872 2079 1950 qui
2124 1872 2416 1929 Romanos
2445 1870 2727 1946 Apostelo
2771 1870 3103 1945 interprete

606 1979 883 2049 salutant,
931 1980 1309 2053 reperiuntur
1353 1976 1695 2034 Timotheus
1740 1996 1809 2034 ac
1856 1976 2168 2052 Sosipater,
2218 1976 2391 2034 Caius
2436 1980 2496 2033 et
2538 1977 2785 2033 Erastus
2824 1976 3099 2033 Corinthi

607 2088 1027 2142 commorantes
1047 2080 1088 2139 ⁸.
1151 2082 1472 2159 Ecquidem
1518 2082 1697 2139 etiam
1741 2082 1807 2138 in
1852 2100 2027 2159 quem
2069 2101 2294 2139 annum
2339 2080 2465 2153 eius
2508 2081 2754 2155 scriptio
2795 2080 3096 2147 inciderit,

607 2186 951 2246 criteria
1013 2186 1288 2262 epistolae
1349 2185 1602 2243 insita
1663 2186 1805 2242 satis
1854 2186 2129 2260 produnt.
2208 2185 2304 2241 Ex
2350 2184 2477 2259 ipsa
2522 2183 2773 2259 epistola
2818 2183 3099 2241 discimus

609 2311 660 2348 α.
691 2293 971 2367 scriptam
1016 2310 1144 2348 eam
1189 2310 1306 2347 esse
1336 2294 1650 2367 antequam
1680 2310 1726 2347 s.
1760 2289 1979 2347 Paulus
2011 2289 2261 2347 Romam
2293 2288 2525 2346 veniret
2546 2286 2597 2358 93
2652 2284 2703 2358 β.
2737 2292 2870 2363 post
2898 2288 3099 2345 datam

607 2396 918 2454 secundam
955 2396 1028 2452 ad
1068 2393 1400 2451 Corinthios
1447 2392 1753 2469 epistolam
1781 2388 1864 2463 ¹⁰3
1916 2412 1972 2468 γ.
2020 2392 2361 2472 priusquam
2398 2392 2794 2469 Jerosolymas
2829 2398 3099 2468 pergeret

609 2520 738 2559 cum
771 2501 922 2575 stipe
953 2520 1058 2575 per
1089 2499 1493 2557 Macedoniam
1521 2502 1582 2555 et
1613 2498 1901 2555 Achaiam
1932 2497 2201 2569 collecta3
2249 2499 2401 2576 quod
2434 2503 2629 2555 tamen
2663 2499 2783 2555 iter
2811 2516 2944 2555 cum
2993 2498 3096 2555 has

605 2605 812 2663 literas
851 2604 1018 2662 daret
1047 2604 1166 2661 iam
1198 2604 1593 2661 meditabatur
1621 2600 1689 2660 ¹¹.
1752 2602 1935 2659 Venit
1964 2608 2159 2660 autem
2188 2602 2514 2671 Jerusalem
2545 2620 2681 2659 cum
2710 2601 3093 2677 eleemosynis

573 2729 585 2738 ·
607 2710 766 2766 inter
795 2709 1018 2765 Pascha
1047 2712 1108 2765 et
1151 2708 1547 2779 Pentecosten,
1598 2706 1793 2763 Felice
1838 2706 1959 2764 iam
1987 2705 2194 2763 multis
2225 2707 2396 2764 annis
2424 2706 2714 2764 Judaeam
2742 2712 2989 2781 regente
3020 2701 3093 2773 12;

607 2814 666 2870 id
715 2813 867 2891 quod
900 2832 1054 2869 anno
1088 2817 1188 2870 58.
1221 2812 1488 2887 contigit.
1544 2812 1740 2886 Igitur
1783 2811 2088 2887 epistola
2129 2812 2209 2868 ad
2259 2812 2610 2868 Romanos
2659 2811 2941 2885 scripta
2992 2816 3099 2867 est

605 2918 735 2975 hoe
771 2918 924 2992 ipso
955 2934 1138 2975 anno
1171 2920 1269 2974 58.
1305 2918 1646 2994 priusquam
1677 2915 1894 2975 Paulus
1926 2916 2313 2990 navigaturus
2342 2920 2489 2973 esset
2518 2914 2965 2993 Jerosolymam.
3020 2914 3099 2971 Ut

607 3042 651 3079 s.
674 3020 846 3078 Pauli
862 3020 978 3079 iter
991 3020 1028 3078 J
1033 3020 1384 3098 erosolymas
1406 3040 1843 3099 prosequamur,
1872 3022 1927 3079 d.
1951 3020 2138 3079 Lucas
2162 3026 2369 3079 narrat
2386 3018 2437 3058 ¹³
2460 3024 2588 3094 pest
2603 3020 2727 3077 dies
2751 3038 3097 3096 azymorum

820 3227 857 3292 1)
885 3226 1019 3277 coll.
1045 3226 1114 3276 11.
1142 3225 1262 3276 Cor.
1291 3228 1339 3288 7,
1367 3228 1415 3276 5.
1465 3225 1507 3290 ²)
1533 3225 1605 3275 11.
1633 3224 1754 3276 Cor.
1781 3226 1829 3287 8,
1858 3228 1906 3276 1.
1957 3226 1999 3291 ³)
2024 3224 2094 3275 Π.
2122 3225 2244 3276 Cor.
2270 3227 2319 3287 8,
2347 3227 2428 3275 18.
2455 3218 2573 3286 ,,τὸν
2598 3218 2844 3291 ἀδελφὸνίί
2874 3240 2919 3273 κ.
2946 3240 2990 3272 τ.
3020 3221 3097 3282 λ;

609 3315 699 3364 alii
738 3314 918 3377 Silam,
958 3313 1050 3363 alii
1085 3313 1407 3375 Barnabam,
1445 3312 1659 3379 plurimi
1695 3330 1738 3363 s.
1762 3313 1969 3362 Lucam
2004 3312 2218 3362 habent.
2292 3313 2333 3379 ⁴)
2369 3311 2442 3362 11.
2480 3310 2602 3361 Cor.
2640 3314 2689 3373 9,
2730 3312 2779 3361 3.
2816 3326 2859 3361 s.
2920 3312 2961 3373 ⁵)
3002 3311 3097 3359 Bis

608 3420 650 3453 s.
687 3401 890 3450 Paulus
937 3399 1256 3451 Corinthi
1281 3400 1430 3461 suit,
1482 3414 1621 3449 anne
1672 3415 1725 3449 u.
1762 3416 1813 3449 v,
1850 3401 1935 3449 52.
1986 3404 2039 3449 et
2074 3401 2265 3449 iterum
2313 3400 2395 3449 58.
2436 3397 2693 3449 collectas
2730 3398 3097 3461 eleemosynas

611 3492 945 3554 accepturus.
995 3487 1266 3537 Censuere
1304 3486 1520 3551 quidam
1551 3486 1746 3535 eruditi
1770 3487 1873 3535 viri
1908 3486 2191 3535 Paulum
2228 3492 2331 3535 ter
2368 3484 2691 3535 Corinthi
2726 3485 2912 3547 fuisse,
2950 3484 3099 3533 aliud

610 3576 770 3639 igitur
794 3575 896 3623 iter
920 3575 974 3623 in
998 3573 1146 3623 Actis
1173 3574 1269 3639 Ap.
1296 3574 1727 3639 praetermissum
1764 3572 1833 3622 ad
1868 3572 1962 3622 illa
1988 3572 2091 3621 duo
2130 3572 2298 3622 relata
2334 3572 2609 3622 accedere.
2657 3572 2811 3621 Loca
2846 3588 2876 3621 e
2902 3572 3097 3636 quibus

617 3676 746 3725 prae
772 3661 961 3710 ceteris
998 3660 1194 3711 idonea
1229 3665 1543 3725 argumenta
1565 3661 1907 3725 repetierunt,
1944 3664 2007 3709 ut
2028 3658 2348 3725 hypothesin
2372 3672 2521 3709 suam
2547 3658 2819 3708 firmarent
2856 3664 3096 3708 exstant:

615 3748 686 3796 11.
725 3746 846 3796 Cor.
887 3750 968 3809 12,
1009 3748 1090 3796 14.
1140 3748 1220 3809 13,
1262 3750 1338 3810 1.;
1375 3748 1500 3796 item
1538 3748 1586 3809 2,
1627 3751 1675 3796 1.
1723 3748 1805 3808 12,
1843 3749 1944 3808 21.,
1992 3761 2131 3811 quae
2169 3752 2229 3796 ut
2263 3748 2548 3813 ancipitem
2584 3760 2801 3795 sensum
2836 3747 3095 3811 praebere

617 3834 895 3896 videntur,
944 3835 1022 3884 ita
1069 3833 1137 3883 ab
1186 3834 1566 3899 interpretibus
1615 3838 1843 3899 utroque
1890 3832 2187 3883 trahuntur.
2252 3832 2317 3882 V.
2354 3833 2406 3884 J.
2445 3832 2509 3883 G.
2546 3831 2765 3893 Muner,
2814 3832 2883 3881 tle
2932 3832 3098 3881 tribus

611 3921 768 3971 Pauli
815 3920 1095 3970 itineribus
1144 3919 1454 3970 Corinthum
1503 3921 1784 3985 susceptis.
1833 3918 1959 3971 Bas.
2000 3922 2149 3970 1831.
2186 3936 2235 3985 p.
2276 3920 2325 3969 8.
2364 3936 2407 3969 s.
2468 3918 2825 3969 Constituisse
2870 3918 3097 3968 Paulum

611 4014 670 4057 ut
691 4008 850 4057 tertia
873 4008 992 4056 vice
1029 4006 1344 4057 Corinthum
1380 4006 1552 4056 adiret
1577 4006 1793 4069 damus3
1832 4006 1927 4056 sed
1950 4007 2220 4072 peregisse
2244 4006 2402 4057 valde
2429 4006 2751 4055 dubitamus.
2790 4005 2871 4055 Cf.
2898 4005 3091 4071 Anger,

615 4096 681 4145 de
719 4100 1017 4160 temporum
1053 4094 1110 4143 in
1146 4093 1366 4144 Actibus
1403 4093 1503 4159 Ap.
1529 4094 1736 4144 ratione
1773 4110 1824 4158 p.
1854 4094 1933 4143 71.
1960 4110 2001 4144 s.
2058 4092 2100 4157 θ)
2131 4096 2211 4155 16,
2242 4096 2287 4144 1.
2312 4096 2362 4142 2.
2424 4093 2465 4157 ⁷)
2492 4093 2555 4142 V.
2581 4109 2634 4157 p.
2659 4094 2780 4143 366.
2806 4094 2854 4142 7.
2914 4092 2959 4157 3)
2984 4094 3097 4141 Act.

611 4184 693 4244 20,
721 4184 770 4231 4.
819 4181 860 4230 Ι.
890 4179 1010 4231 Cor.
1039 4183 1085 4243 1,
1115 4182 1196 4229 14.
1246 4180 1362 4230 Act.
1390 4181 1471 4242 19,
1501 4182 1582 4229 22.
1632 4180 1767 4231 Tim.
1792 4182 1842 4243 4,
1869 4182 1953 4230 20.
2000 4180 2175 4245 Atque
2204 4178 2341 4230 haec
2376 4184 2501 4230 sunt
2535 4185 2867 4244 argumenta,
2906 4178 3097 4243 quibus

609 4270 718 4317 iam
767 4266 892 4317 olim
941 4266 1226 4332 Origenes,
1275 4266 1443 4332 praef.
1482 4265 1684 4316 Comm.
1722 4269 1779 4317 in
1814 4283 1896 4332 ep.
1937 4266 2006 4317 ad
2040 4266 2193 4317 Rem.
2242 4265 2324 4316 ed.
2363 4266 2567 4316 Lomm.
2606 4264 2705 4327 VI,
2746 4266 2793 4316 5.
2837 4264 3097 4314 adductus

612 4361 716 4416 est,
754 4359 813 4402 ut
849 4353 1066 4403 doceret
1101 4355 1350 4418 scriptam
1389 4369 1508 4403 esse
1545 4354 1784 4404 Corinthi
1820 4354 1959 4403 hanc
1996 4352 2295 4418 epistolam.
2356 4352 2418 4403 V.
2446 4368 2493 4402 e.
2518 4352 2605 4401 W.
2629 4351 2969 4417 Mangold,
3008 4352 3097 4400 der

610 4439 947 4490 Romerbrief
977 4455 1028 4488 u,
1055 4439 1105 4489 d.
1131 4439 1252 4489 Anf.
1291 4439 1340 4489 d.
1367 4445 1495 4489 rem.
1536 4439 1684 4490 Geni.
1710 4440 1882 4490 Marb.
1911 4442 2061 4490 1866.
2100 4456 2149 4504 p.
2182 4440 2298 4489 147.
2324 4456 2366 4489 s.
2428 4438 2470 4503 ⁹)
2512 4442 2559 4500 1,
2601 4440 2682 4488 10.
2720 4454 2763 4489 s.
2815 4440 2895 4501 15,
2938 4440 3021 4487 22.
3056 4455 3095 4487 s.

618 4527 677 4590 ¹⁰)
716 4525 851 4576 Coll.
876 4525 1026 4575 Rom.
1058 4527 1136 4587 15,
1163 4528 1246 4575 25.
1273 4528 1357 4576 26.
1404 4526 1476 4575 11.
1503 4526 1624 4577 Cer.
1652 4528 1700 4588 8,
1730 4528 1776 4576 1.
1802 4542 1843 4577 s.
1882 4530 1930 4589 9,
1960 4529 2006 4576 1.
2034 4543 2075 4577 s.
2140 4526 2203 4589 ¹¹)
2240 4524 2376 4575 Coll.
2405 4527 2486 4586 15,
2512 4528 2597 4573 25.
2622 4526 2705 4574 26.
2774 4524 2834 4589 ¹²)
2868 4524 2987 4573 Act.
3014 4527 3095 4583 20,

615 4614 694 4662 16.
734 4614 816 4673 21,
847 4614 928 4661 17.
966 4613 1048 4675 24,
1078 4614 1157 4661 10.
1189 4613 1267 4661 17.
1332 4612 1394 4674 ¹³)
1431 4613 1548 4662 Act.
1575 4615 1659 4675 20,
1686 4614 1735 4662 6.
1762 4629 1803 4662 s.
1853 4614 1916 4663 V.
1943 4630 1993 4677 p.
2022 4615 2140 4664 378.
2168 4628 2209 4662 s.
