3267 5259
599 460 722 526 156
1260 474 1377 516 mut.
1406 474 1512 517 Rev.
1541 474 1631 516 «nv.
1661 474 1714 517 n.
1737 474 1788 515 Τ.
1819 474 1986 517 Parios.
2013 474 2050 518 1.
2073 486 2166 529 ap.
2198 475 2404 518 sitorum.

598 670 742 713 csse
804 650 1200 734 accepisset,
1269 646 1311 714 J
1316 648 1541 735 osephi
1603 650 1809 735 petito
1875 648 2083 714 facilis
2127 649 2394 715 indulsit
2417 654 2454 714 ¹.
2524 650 2847 714 Exanime
2888 648 3074 735 plaga

594 760 829 845 livore,
904 762 1385 849 squaloreque²
1463 761 1732 849 plenum
1799 763 1968 827 inter
2033 764 2258 827 matris
2323 784 2663 846 eorumve,
2737 764 2843 847 qui
2907 763 3072 826 cruci

595 874 875 939 fideliter
919 874 1309 939 adstiterunt
1354 897 1571 957 curas,
1635 874 1812 960 ligno
1878 873 2216 964 deduxere
2263 875 2596 962 Josephus
2657 886 2852 962 atque
2894 875 3076 939 Nico-

598 986 826 1051 demus
846 990 887 1052 3.
952 986 1205 1074 Corpus
1252 990 1587 1053 inunctum
1631 988 1847 1053 linteis
1893 986 2410 1075 sepulchralibus
2453 990 2632 1075 puris
2672 988 3076 1054 involverunt

596 1098 795 1165 iidem
813 1105 857 1163 ⁴.
921 1099 1086 1165 Cum
1134 1110 1430 1165 extrema
1476 1100 1613 1165 fere
1660 1099 1807 1165 luce
1854 1122 2257 1187 parascevae
2291 1100 2638 1166 sabbatum
2685 1103 2968 1183 instaret,
3001 1099 3075 1163 de

598 1222 1024 1277 monumento
1068 1215 1279 1278 vicino
1328 1216 1708 1300 prospicere
1759 1212 1986 1277 debuit
2030 1212 2380 1299 Josephus.
2427 1214 2592 1277 Erat
2627 1216 2696 1277 in
2727 1212 2911 1279 horto
2945 1213 3077 1279 Cal-

599 1320 819 1381 variae
868 1318 1173 1401 contiguo
1222 1316 1640 1404 sepulchrum
1695 1319 1954 1381 noviter
2013 1327 2080 1381 et
2133 1339 2366 1382 recens
2429 1320 2725 1382 excisum
2787 1340 2824 1381 e
2885 1328 3077 1403 petra,

601 1427 778 1515 quod
823 1428 1071 1493 nullum
1113 1427 1324 1494 adhuc
1359 1429 1646 1493 cadaver
1690 1438 2070 1515 susceperat
2087 1434 2130 1512 ⁵,
2179 1429 2489 1516 quodque
2523 1429 2644 1494 sibi
2676 1430 3080 1514 familiaeque

601 1564 759 1605 suae
794 1543 1125 1606 constituit
1154 1540 1198 1606 J
1202 1542 1511 1628 osephus3
1546 1540 1631 1606 ad
1661 1540 1819 1605 illud
1849 1552 2344 1607 monumentum
2376 1544 2484 1629 pio
2520 1542 2739 1607 officio
2773 1541 3080 1607 transtulit

602 1676 839 1740 corpus
914 1653 1095 1719 Jesu.
1174 1654 1357 1719 Ostio
1434 1677 1591 1719 vero
1661 1654 1988 1741 sepulchri
2057 1657 2312 1719 curavit
2369 1654 2701 1741 ‚Iosephus
2761 1656 3082 1739 ingentem

600 1765 883 1852 lapidem
933 1765 1247 1833 advolviss.
1298 1766 1600 1831 Salvator
1643 1769 1838 1852 igitur
1881 1769 1948 1831 in
1993 1789 2166 1832 novo
2213 1770 2480 1853 ponitur
2507 1778 2953 1849 monumento,
3005 1790 3080 1830 ne

602 2111 776 2176 potuit
811 2110 914 2160 nisi
951 2108 1278 2159 concedente
1314 2109 1503 2160 Pilato.
1552 2108 1615 2158 In
1655 2109 1774 2159 aliis
1811 2123 1940 2157 crux
1977 2108 2318 2175 sepulchrum
2355 2113 2486 2173 erat,
2525 2116 2580 2160 et
2614 2111 2882 2162 cavebant
2916 2115 3082 2161 euste-

610 2197 720 2258 des,
758 2212 825 2246 ne
858 2196 977 2262 quis
1015 2211 1242 2261 corpora
1276 2194 1345 2245 ad
1382 2195 1711 2261 sepulturam
1737 2194 2053 2245 detraheret.

814 2299 850 2366 ¹)
890 2299 1142 2351 Sanctum
1166 2300 1301 2350 illud
1326 2314 1518 2365 corpus
1544 2296 1700 2367 Σῶμα
1725 2299 1942 2364 dicitur3
1981 2304 2090 2349 tam
2113 2298 2404 2350 honorifice
2429 2302 2568 2351 enim
2593 2300 2662 2350 de
2686 2300 2874 2352 funere
2895 2301 3084 2352 Christi

601 2389 895 2454 loquuntur
930 2388 1339 2453 Evangelistae,
1394 2390 1453 2436 ut
1504 2386 1649 2436 illius
1699 2402 1894 2452 corpus
1939 2392 2202 2437 mortuum
2251 2402 2542 2453 numquam
2585 2388 2769 2455 πτῶμα
2803 2388 3082 2455 adpellent-

603 2475 647 2541 ²)
704 2476 875 2537 Quem
913 2480 1021 2525 tum
1058 2474 1433 2525 acerbissimae
1478 2474 1625 2523 necis
1677 2478 1964 2536 tormenta,
2019 2479 2132 2523 tum
2183 2474 2412 2525 iniuriae
2465 2476 2668 2537 noctis,
2725 2489 2864 2541 quae
2911 2491 3088 2526 necem

600 2565 772 2628 ipsam
822 2566 1185 2621 antecessere,
1234 2560 1542 2613 attulerunt.
1604 2558 1645 2627 ³)
1701 2560 1850 2610 Alter
1897 2560 2093 2611 Christi
2143 2560 2451 2627 discipulus.
2499 2562 2563 2611 V.
2603 2562 2674 2612 H.
2712 2563 2777 2612 N.
2809 2562 2874 2612 Τ.
2921 2580 2974 2628 p.
3011 2564 3087 2611 43.

602 2650 747 2699 Emit
781 2648 1104 2699 Nicodemus
1140 2648 1210 2697 ad
1246 2648 1433 2697 Jesum
1469 2646 1871 2713 pollingendum
1909 2653 2122 2697 centum
2155 2649 2364 2698 circiter
2389 2647 2634 2713 myrrhae
2661 2654 2714 2699 et
2740 2648 2888 2699 aloes
2911 2649 3087 2698 librae.

603 2736 880 2786 Juvabant
914 2736 965 2785 d.
990 2735 1230 2785 Joannes
1268 2740 1430 2801 atque
1466 2735 1728 2784 mulieres.
1767 2734 1984 2785 Interea
2019 2735 2081 2785 B.
2107 2736 2172 2785 V.
2195 2736 2370 2785 Maria
2405 2750 2600 2801 corpus
2637 2737 2694 2785 in
2731 2737 2904 2786 sinum
2941 2751 3090 2786 suum

605 2822 887 2873 demissum
926 2823 1199 2887 excepisse
1238 2822 1485 2871 creditur.
1530 2820 1609 2871 cf.
1649 2821 1870 2883 Molani‚
1909 2824 1965 2871 in
2003 2820 2270 2872 Christum
2307 2838 2336 2872 e
2375 2836 2536 2873 cruce
2572 2822 2872 2888 depositum
2913 2824 3087 2872 obser-

604 2911 863 2973 vationeS‚
902 2909 1041 2959 Hist.
1070 2926 1109 2959 s.
1138 2910 1293 2974 imag.
1319 2910 1411 2971 IV,
1441 2910 1524 2958 12.
1560 2925 1611 2973 p.
1643 2910 1758 2959 149.
1786 2923 1826 2957 s.
1873 2909 1916 2973 ⁴)
1955 2907 2260 2972 Sindonem‚
2295 2909 2360 2959 de
2387 2922 2496 2975 qua
2518 2910 2815 2975 loquuntur
2837 2928 2878 2959 s.
2903 2910 3088 2959 Marth.

605 2998 691 3058 27,
720 2998 801 3046 59.
839 2996 1005 3045 Marc.
1045 2996 1127 3057 15,
1154 2997 1238 3045 46.
1277 2994 1408 3044 Luc.
1446 2996 1529 3057 23,
1565 2996 1681 3057 53„
1737 2995 2080 3061 intelligimus
2126 2995 2292 3045 lintea
2341 2998 2541 3058 omnia,
2594 3010 2734 3061 quae
2781 2996 2852 3046 ad
2899 2995 3090 3045 Christi

606 3082 933 3147 sepulturam
973 3097 1187 3147 quoquo
1224 3081 1380 3131 modo
1428 3080 1672 3131 adhibita
1715 3086 1853 3131 sunt.
1915 3080 2040 3131 Sive
2086 3096 2226 3147 quae
2270 3083 2410 3132 intra
2453 3082 2724 3149 sepulchri
2773 3088 2928 3148 septa
2977 3099 3091 3132 con-

606 3170 759 3219 clusa
792 3169 969 3231 fuere,
1020 3182 1160 3234 quae
1211 3168 1509 3219 distinctius
1560 3170 1822 3234 expressit
1855 3184 1898 3218 s.
1933 3168 2192 3232 Joannes,
2233 3171 2314 3232 19,
2341 3172 2434 3233 403
2489 3171 2602 3220 sive
2659 3186 2766 3236 quo
2820 3174 3092 3220 erue-ntum

612 3255 807 3306 Christi
844 3272 1037 3321 corpus
1088 3271 1121 3305 a
1166 3270 1323 3305 cruce
1375 3260 1656 3322 exceptum
1706 3261 1812 3317 est,
1871 3256 2247 3321 obtectumque
2298 3262 2358 3307 ut
2401 3257 2472 3307 ad
2516 3257 2873 3323 pollincturae
2919 3256 3092 3307 locum

608 3342 918 3393 deferretur.
968 3342 1192 3392 Videtur
1230 3342 1360 3392 illud
1404 3344 1695 3407 praecipue
1741 3342 2030 3408 significari
2075 3342 2278 3392 munda
2321 3343 2592 3407 syndone,
2642 3359 2752 3410 qua
2799 3344 3094 3409 depositum

607 3429 801 3479 Christi
841 3445 1033 3495 corpus
1069 3429 1357 3480 involvisse
1396 3428 1589 3478 dicitur
1623 3428 1894 3495 Josephus
1932 3444 1968 3479 a
2003 3430 2172 3481 tribus
2207 3429 2588 3495 Evangelistis.
2639 3432 2792 3492 Quae
2828 3432 3011 3480 omnia
3033 3429 3094 3479 ad

604 3516 859 3565 honorem
898 3516 1107 3567 Christo
1147 3516 1501 3565 exhibendum
1528 3518 1808 3581 pertinent.
1847 3517 2188 3567 Linteamina
2213 3516 2336 3567 coll.
2361 3516 2560 3567 Joann.
2593 3519 2678 3579 20,
2705 3519 2756 3567 5.
2783 3520 2831 3567 6.
2863 3520 2908 3567 7.
2937 3518 3093 3567 veris-

604 3602 775 3653 simile
814 3608 894 3652 est
927 3604 1092 3654 fuisse
1129 3604 1256 3665 tria,
1309 3602 1373 3651 de
1412 3603 1606 3668 quibus
1645 3603 1803 3653 etiam
1840 3604 2245 3653 indeterminate
2283 3603 2518 3668 loquitur
2565 3621 2604 3653 s.
2643 3604 2838 3654 Lucas.
2887 3606 2984 3665 24,
3021 3604 3096 3653 12.

607 3688 983 3753 sudarium,
1024 3706 1129 3754 quo
1167 3696 1331 3755 caput
1366 3688 1601 3739 defuncti
1640 3690 1949 3755 tegebatur3
1989 3690 2249 3751 sindon,
2289 3704 2428 3755 quae
2465 3689 2610 3740 nudo
2649 3691 2860 3755 corpori
2898 3692 3094 3741 circum

602 3776 947 3841 volvebatur3
988 3783 1041 3825 et
1076 3777 1383 3838 institae,
1420 3778 1453 3825 i.
1482 3792 1527 3825 e.
1554 3775 1755 3827 fasciae
1792 3778 1986 3841 quibus
2025 3776 2146 3827 coll.
2183 3776 2383 3827 Joann.
2412 3779 2492 3837 11,
2533 3778 2616 3826 44.
2656 3777 2850 3827 sindon
2885 3792 3095 3827 coerce-

606 3864 778 3925 batur,
818 3866 871 3912 et
904 3878 1093 3913 manus
1130 3862 1400 3927 pedesque
1436 3862 1687 3927 ligantur.
1737 3864 1820 3912 De
1856 3861 1937 3913 his
1976 3862 2010 3913 l.
2035 3862 2089 3912 J.
2114 3862 2167 3912 J.
2195 3862 2465 3925 chiffletii,
2494 3861 2559 3912 de
2585 3863 2766 3914 linteis
2791 3863 3098 3929 sepulchra·

603 3950 745 4001 libus
784 3948 979 3999 Christi
1016 3948 1315 4000 servatoris
1354 3949 1503 3999 crisis
1540 3948 1822 4011 historica,
1868 3949 1924 3997 in
1960 3948 2116 3999 Thes.
2153 3950 2276 3998 Ant.
2315 3948 2562 4013 Ugolini,
2607 3949 2864 4011 XXXIII,
2901 3951 3025 3999 802.
3061 3964 3097 3997 s.

605 4040 723 4088 916.
750 4054 791 4087 s.
854 4037 897 4101 ⁵)
936 4036 1135 4087 Contra
1172 4035 1511 4097 Salmasium,
1553 4038 1644 4101 qui
1671 4038 1737 4085 D.
1764 4037 1828 4085 N.
1856 4036 1908 4085 J.
1937 4035 1995 4085 C.
2023 4035 2379 4101 sepulchrum,
2419 4041 2664 4101 cryptam
2687 4036 2855 4087 fuisse
2881 4038 2938 4086 in
2965 4044 3100 4087 terra
3202 4020 3203 4085 J

606 4130 918 4175 excavatam
968 4122 1144 4187 lapide
1190 4127 1411 4172 stratam
1467 4128 1519 4173 et
1574 4128 2000 4173 concameratam
2055 4122 2277 4184 statuit,
2340 4137 2536 4187 magna
2581 4130 3018 4187 argumentorum
3055 4124 3101 4169 vi
3202 4110 3203 4151 ἕ

607 4212 897 4277 disputavit
940 4211 999 4259 P.
1035 4210 1190 4272 Zorn,
1226 4209 1291 4258 tle
1330 4208 1609 4275 sepulchro
1644 4209 1837 4259 Christi
1864 4208 2164 4259 Servatoris
2198 4224 2262 4257 ex
2291 4213 2444 4273 petra
2480 4209 2678 4259 exciso.
2729 4208 2930 4260 Sedini.
2958 4212 3102 4259 1730.
3202 4196 3203 4275 ᾗ

606 4300 766 4347 etiam
820 4298 879 4347 B.
920 4296 1156 4358 Dorffer,
1217 4312 1388 4345 exerc.
1440 4296 1505 4345 de
1548 4296 1830 4361 sepulchro
1876 4295 1988 4357 Ch„
2044 4296 2100 4344 in
2146 4294 2366 4360 Ugolini
2399 4293 2558 4345 Thes.
2595 4296 2860 4357 XXXIII,
2908 4297 3030 4345 805.
3063 4312 3100 4343 s.

606 4383 703 4433 Th.
730 4383 1008 4445 Bolmann,
1038 4400 1155 4449 exp.
1181 4385 1237 4433 in
1262 4384 1473 4434 turbam
1500 4382 1815 4435 servatoris.
1853 4382 2079 4433 Helmst.
2109 4384 2260 4432 1713.
2287 4400 2337 4448 p.
2367 4384 2450 4432 10.
2476 4399 2518 4433 s.
2546 4382 2618 4431 M.
2647 4382 2708 4431 C.
2737 4381 2946 4442 Ortlob,
2976 4382 3102 4431 diss.

609 4470 677 4519 de
705 4470 985 4535 sepulchro
1015 4470 1226 4533 Christi,
1264 4473 1319 4519 in
1348 4469 1505 4519 Thes.
1540 4470 1613 4519 th.
1653 4469 1739 4535 ph.
1773 4486 1824 4535 p.
1853 4471 1970 4519 253.
1999 4484 2043 4519 s.
2107 4470 2147 4533 ὓ)
2198 4470 2334 4519 Erat
2370 4474 2520 4519 extra
2555 4469 2746 4518 urbem
2779 4474 2844 4518 ut
2881 4468 3105 4519 diximus

608 4559 662 4606 in
699 4561 808 4608 not.
838 4562 877 4607 t.
902 4572 943 4607 s.
973 4572 1151 4622 geogr.
1188 4574 1241 4623 p.
1268 4556 1484 4605 LXXX.
1510 4571 1569 4618 s.,
1608 4557 1700 4605 ubi
1739 4558 1896 4606 etiam
1935 4557 2216 4621 imaginem
2253 4572 2295 4606 s.
2335 4555 2602 4621 sepulchri
2643 4554 2906 4618 dedimus,
2945 4561 3105 4619 atque

606 4646 784 4694 varias
838 4643 907 4692 ad
962 4644 1231 4706 diversas,
1288 4658 1421 4708 quas
1468 4641 1806 4709 sepulchrum
1853 4642 1953 4691 hoc
1993 4644 2246 4691 sustinuit
2287 4642 2684 4692 vicissitudines
2723 4644 3104 4693 enarravimus.
3202 4638 3203 4699 ἰ
