3267 5259
624 430 877 483 LXXXII
1455 447 1699 500 Apparatus
1727 446 1946 491 Histoi-ico
1963 472 2014 480 —
2031 447 2282 492 chronicus.

627 631 930 689 advenisse
962 629 1309 687 Corinthum
1356 631 1698 688 coniiciunt.
1755 630 1866 687 Sed
1909 632 2182 709 quamvis
2211 631 2436 710 Aquila
2477 637 2536 689 et
2580 629 2852 689 Priscilla
2881 630 3114 689 Claudii

622 736 811 793 edicto
842 736 1027 793 Roma
1056 734 1211 811 pulsi
1256 735 1313 792 d.
1347 735 1507 793 Luca
1536 740 1683 793 teste
1709 733 1726 773 ¹
1769 734 2128 812 ,προσφάτωςι
2161 738 2234 795 ab
2266 736 2449 794 Italia
2477 742 2794 807 venerant;
2844 737 3112 793 animad-

620 841 970 897 vertendum
1018 844 1211 897 tamen
1265 840 1413 897 erit:
1464 840 1617 917 quod
1658 846 2065 918 praeterquam
2113 860 2234 899 vox
2267 838 2624 918 ‚apocod-:oiq‘
2655 842 2935 915 ambigua
2975 841 3054 897 sit
3071 838 3110 911 2,

620 946 855 1003 accedat
898 964 942 1001 s.
984 944 1207 1003 Lucam
1265 945 1423 1002 haud
1476 945 1668 1002 dicere
1715 944 1994 1023 Aquilam
2047 951 2108 1002 et
2157 945 2490 1003 Priscillam
2542 965 2787 1022 nuper
2839 948 2914 1005 ab
2971 947 3114 1003 urbe

619 1052 863 1107 venisse.
927 1048 1133 1106 Refert
1178 1049 1344 1106 modo
1390 1048 1522 1106 illos
1568 1050 1642 1106 ab
1691 1048 1874 1107 Italia
1917 1049 2268 1109 Corinthum
2315 1050 2558 1121 venisse,
2613 1068 2679 1109 eo
2725 1052 2880 1128 quod
2925 1052 3114 1107 Roma

618 1154 655 1209 J
656 1154 827 1211 udaei
858 1152 1091 1229 expulsi
1123 1154 1335 1211 forent.
1398 1152 1789 1215 Quamobrem
1819 1154 1950 1231 quis
1981 1155 2292 1229 prohibeat
2319 1156 2542 1212 dicere:
2583 1174 2676 1213 eos
2705 1154 2896 1212 Roma
2925 1174 3113 1212 anno

620 1257 939 1315 Claudii
986 1278 1211 1327 none,
1259 1257 1434 1315 iuxta
1462 1256 1834 1333 imperatoris
1881 1260 2051 1316 istius
2092 1260 2348 1316 edictum
2391 1258 2618 1330 abiisse,
2667 1259 2868 1337 aliquo
2913 1265 3110 1317 tamen

620 1368 879 1437 tempore
910 1364 973 1419 in
1006 1360 1187 1420 Italia
1216 1363 1405 1421 adhuc
1434 1366 1718 1432 moratos3
1765 1382 1864 1419 seu
1893 1363 2046 1441 quod
2077 1364 2162 1420 ibi
2194 1362 2327 1422 illos
2357 1383 2464 1421 sua
2491 1363 2822 1421 detinerent
2853 1364 3107 1437 negotia,

617 1486 718 1523 seu
762 1467 917 1544 qnod
962 1470 1387 1542 exspectarent,
1440 1485 1516 1524 an
1562 1466 1793 1524 Claudii
1839 1468 2095 1525 edictum
2144 1468 2620 1543 permutaretur?
2676 1467 2921 1527 Collatis
2963 1488 3111 1546 quae

619 1572 857 1629 divinus
910 1571 1309 1629 Historiarum
1360 1570 1610 1647 scriptor
1669 1573 1866 1647 prodit
1923 1590 2123 1629 rerum
2184 1572 2524 1643 momentis,
2579 1594 2625 1630 s.
2671 1572 2928 1630 Paulum
2983 1578 3112 1648 post

618 1674 944 1733 Concilium
985 1676 1152 1733 Hier.
1196 1675 1450 1733 multum
1494 1676 1840 1749 transegisse
1886 1676 2190 1751 temporis,
2241 1682 2556 1755 antequam
2588 1676 2944 1734 Corinthum
2973 1680 3108 1747 iret,

617 1780 871 1837 inficiari
905 1800 1025 1839 non
1064 1782 1374 1850 audemus;
1416 1800 1556 1841 cum
1586 1783 1730 1838 satis
1760 1782 1990 1838 abunde
2030 1780 2088 1838 S.
2121 1781 2356 1839 Literae
2387 1782 2446 1839 id
2479 1782 2737 1852 doceant,
2787 1800 2862 1838 ex
2893 1784 3112 1859 quibus

616 1883 1004 1959 intelligimus
1036 1886 1383 1943 Antiochiae
1414 1905 1531 1943 non
1570 1886 1758 1942 solum
1792 1882 2028 1960 ,zpbvev‘
2049 1882 2074 1923 3
2103 1890 2520 1943 commoratum
2553 1904 2704 1953 esse3
2736 1886 2836 1943 sed
2868 1886 3110 1961 Syriam

616 2008 842 2067 quoque
866 1994 925 2047 et
946 1990 1232 2061 Ciliciam,
1260 1989 1545 2048 Ecclesiae
1568 1990 2030 2060 confirmantem,
2061 1992 2403 2065 Apostolum
2431 1989 2889 2065 perambulasse3
2917 1990 3109 2047 Maee-

614 2094 821 2151 doniae
866 2093 1171 2170 Philippos
1203 2095 1467 2169 petiisse3
1516 2095 1823 2152 divertisse
1869 2094 2334 2152 Thessalonicam
2381 2100 2440 2151 et
2493 2094 2787 2165 Beroeam,
2842 2095 3108 2150 Athenas

613 2198 847 2255 demum
872 2203 932 2256 et
952 2199 1094 2257 hinc
1118 2199 1353 2257 tandem
1376 2198 1726 2256 Corinthum
1749 2200 1994 2256 venisse.
2043 2200 2138 2256 Ex
2171 2201 2262 2256 his
2286 2204 2482 2256 autem
2505 2198 2776 2255 omnibus
2800 2197 3109 2271 colligitur

612 2303 669 2359 d.
703 2302 955 2359 Paulum
987 2304 1103 2360 iter
1131 2304 1450 2360 Antiochia
1490 2302 1839 2361 Corinthum
1881 2305 2068 2379 spatio
2115 2305 2365 2380 quodam
2411 2304 2651 2373 incert0,
2701 2302 2856 2379 quod
2908 2307 3104 2359 tamen

612 2425 748 2463 non
794 2408 1029 2463 minus
1076 2407 1172 2464 sit
1211 2408 1382 2465 anni
1436 2406 1647 2464 unius
1695 2407 2011 2466 intervallo
2061 2407 2363 2483 peregisse.
2437 2406 2888 2464 verisimillima
2935 2406 3105 2463 nobis

613 2511 742 2567 visa
801 2516 888 2567 est
947 2530 1147 2568 eorum
1200 2510 1593 2587 interpretum
1621 2510 1648 2549 ⁴
1706 2512 2000 2569 statuendi
2061 2514 2232 2583 ratic,
2296 2514 2400 2589 qui
2451 2510 2720 2587 Apostoli
2781 2511 3106 2568 adventum

612 2613 961 2672 Corinthum
985 2618 1050 2672 in
1073 2620 1425 2673 autumnum
1448 2636 1501 2673 a.
1530 2622 1631 2673 52.
1667 2618 1995 2674 conferunt.
2030 2616 2288 2674 Docentc
2318 2620 2579 2673 attamen
2603 2616 2802 2673 eodem
2827 2615 2884 2672 d.
2905 2614 3068 2673 Luca
3083 2612 3108 2647 5

608 2738 655 2775 s.
690 2718 907 2776 Paulus
948 2720 1105 2777 haud
1152 2722 1237 2778 ita
1284 2720 1541 2777 multum
1588 2721 1864 2796 temporis
1913 2720 2186 2778 Corinthi
2233 2724 2613 2793 transegerat,
2667 2738 2800 2776 cum
2845 2718 2998 2775 Silas
3045 2723 3106 2775 et

610 2820 950 2880 Timotheus
1012 2825 1258 2899 peractis
1318 2824 1583 2899 Apostoli
1647 2824 1939 2882 mandat-is
2000 2823 2410 2883 Thessalonica
2468 2824 2711 2898 digressi
2773 2824 2847 2880 ad
2909 2822 3106 2898 ipsum

608 2926 907 2992 venirent;
942 2947 1056 3005 quo
1086 2929 1240 2986 facto
1271 2948 1408 2986 mox
1444 2929 1754 3004 priorem
1786 2928 1947 2987 dedit
1977 2929 2047 2986 ad
2081 2934 2308 2987 coetum
2339 2927 3105 2987 Thessalonicensium

610 3030 1032 3106 epistolam
1089 3033 1419 3090 ineunte
1474 3052 1672 3090 anno
1727 3037 1828 3090 53.
1913 3033 2220 3091 Timotheo
2272 3052 2341 3091 ac
2390 3032 2518 3090 Sila
2567 3033 2912 3090 etiamnum·
2946 3033 3104 3106 apud

609 3135 956 3210 Apostolum
988 3136 1257 3194 Corinthi
1287 3137 1659 3196 versantibus
1679 3136 1722 3208 θ,
1778 3156 1908 3195 cum
1955 3137 2174 3194 Paulus
2225 3156 2589 3215 quocumque
2643 3137 2878 3193 demum
2931 3136 3104 3193 modo

608 3240 896 3298 nuncium
953 3243 1263 3317 accepisset
1320 3242 1391 3299 de
1444 3241 1776 3300 conditione
1827 3241 2115 3299 Ecclesiae
2167 3240 2724 3311 Thessalonicensis,
2791 3240 3104 3315 epistolam

608 3344 879 3402 exaravit
910 3346 979 3401 ad
1013 3346 1255 3402 eandem
1287 3348 1777 3421 posteriorem.
1825 3346 2118 3417 Corinthi,
2153 3346 2306 3403 unde
2331 3346 2520 3421 primo
2544 3364 2682 3403 vere
2705 3344 2738 3401 J
2745 3342 3102 3420 erosolymas

608 3449 1010 3522 navigaverat,
1044 3470 1089 3507 s.
1118 3449 1336 3507 Paulus
1367 3470 1471 3525 per
1502 3469 1722 3507 annum
1757 3455 1816 3508 et
1845 3450 2156 3509 dimidium
2187 3451 2328 3509 anni
2359 3452 2635 3507 5‘2-54,
2669 3448 3037 3524 praedicavit
3058 3446 3099 3505 ⁷.

610 3552 705 3608 Ibi
736 3552 913 3609 etiam
946 3572 1139 3610 coram
1170 3554 1440 3611 Gallione
1477 3554 1728 3612 Achaiae
1762 3554 2112 3613 Proconsule
2142 3553 2377 3611 sistitur
2402 3552 2443 3610 3.
2507 3553 2636 3616 Quo
2665 3572 2822 3610 anno
2852 3551 3102 3609 interim

608 3655 802 3713 Gallio
853 3656 1175 3714 Proconsul
1224 3657 1287 3714 in
1342 3659 1629 3715 Achaiam
1681 3660 1892 3716 missus
1943 3660 2054 3729 sit,
2111 3658 2310 3716 nullus
2366 3658 2648 3715 Veterum
2701 3656 2984 3726 tradidit,
3043 3664 3102 3713 et

606 3778 960 3837 quamquam
1006 3781 1122 3819 non
1163 3762 1290 3818 sine
1326 3764 1453 3819 veri
1492 3762 1682 3836 specie
1713 3764 1995 3820 coniicere
2025 3762 2180 3833 licet,
2223 3762 2554 3820 Gallionem
2600 3758 2786 3818 serius
2817 3758 3100 3836 Apostolo

606 3863 893 3921 Achaiam
945 3864 1223 3935 intrasse3
1280 3867 1389 3923 hoc
1434 3872 1631 3923 tamen
1681 3872 1900 3945 quanto
1950 3866 2176 3924 tardius
2227 3866 2448 3924 factum
2500 3866 2605 3935 sit,
2662 3885 2693 3921 e
2741 3863 2879 3923 solis
2925 3862 3095 3920 Pauli

604 3970 963 4044 temporibus
1007 3969 1301 4041 discimuS,
1352 3990 1523 4047 quem
1571 3972 1646 4027 ab
1691 3976 1976 4029 autumno
2022 3990 2074 4027 a.
2113 3976 2212 4028 52.
2263 3971 2334 4027 ad
2381 3970 2600 4045 primos
2645 3988 2825 4046 usque
2873 3988 3101 4025 menses

604 4094 657 4131 a.
694 4078 795 4131 54.
859 4074 1131 4131 Corinthi
1160 4080 1459 4139 versatum
1490 4096 1609 4133 esse
1634 4074 1676 4147 9,
1711 4082 2071 4151 compertum
2101 4075 2382 4133 habemus
2407 4072 2471 4131 ¹⁰.

818 4281 854 4345 ¹)
894 4280 1007 4330 Act.
1051 4281 1132 4342 18,
1170 4282 1219 4329 2.
1276 4278 1318 4342 ²)
1358 4280 1568 4344 Quippe
1606 4294 1744 4344 quae
1783 4296 1878 4345 pro
1916 4279 2125 4329 diverso
2165 4284 2415 4328 contextu
2441 4306 2508 4315 —
2535 4294 2580 4327 e.
2615 4294 2664 4344 g.
2701 4278 2773 4327 11.
2808 4278 2986 4328 Μαι-,11.
3013 4280 3096 4339 14,

604 4368 686 4415 36.
727 4396 791 4403 ——
831 4368 896 4416 de
934 4368 1087 4417 annis
1134 4365 1337 4431 aliquot
1374 4380 1545 4430 aeque
1582 4380 1647 4415 ae
1685 4366 1752 4415 de
1789 4367 1980 4430 exiguo
2023 4366 2283 4415 mensium
2330 4371 2424 4415 aut
2465 4364 2668 4415 dierum
2715 4380 2938 4414 numero
2977 4366 3098 4430 capi

603 4458 793 4517 potest.
856 4452 895 4516 ³)
932 4454 1045 4502 Act.
1087 4454 1167 4515 15,
1194 4454 1277 4502 33.
1339 4452 1382 4517 ⁴)
1421 4453 1484 4501 V.
1512 4454 1767 4516 Mynster,
1804 4450 1995 4501 Annal.
2034 4450 2244 4501 Paulin.
2282 4452 2522 4501 adumbr.
2561 4468 2613 4517 p.
2643 4453 2723 4501 19.
2751 4454 2836 4501 20.
2901 4452 2944 4516 ⁵)
2982 4452 3098 4502 Act.

607 4540 687 4601 18,
715 4542 762 4587 5.
801 4539 921 4588 coll.
949 4540 991 4589 Ι.
1016 4539 1201 4589 Thess.
1232 4542 1277 4601 1,
1310 4541 1356 4589 7.
1384 4540 1431 4588 8.
1472 4542 1519 4601 3,
1550 4543 1595 4589 1.
1622 4541 1670 4589 2.
1699 4542 1746 4588 6.
1811 4538 1852 4600 6)
1893 4538 1962 4588 11.
1989 4538 2177 4589 Thess.
2212 4540 2258 4601 1,
2289 4542 2334 4588 1.
2397 4539 2440 4603 ⁷)
2477 4539 2591 4587 Act.
2633 4540 2714 4599 18,
2753 4542 2834 4588 11.
2901 4538 2944 4603 8)
2982 4539 3098 4587 Act.

606 4627 685 4688 18,
726 4628 805 4675 12.
840 4643 882 4676 s.
944 4626 985 4691 ⁹)
1025 4625 1161 4675 Coll.
1199 4626 1315 4676 Act.
1342 4627 1423 4687 18,
1462 4628 1648 4675 2-22,
1717 4624 1776 4692 ¹⁰)
1813 4625 1878 4674 In
1914 4626 2016 4675 hac
2053 4640 2230 4675 rerum
2268 4624 2638 4675 incertitudine
2675 4630 2886 4675 tantum
2923 4627 3096 4687 abest,
