3267 5259
1141 497 1339 553 Epistola
1363 500 1420 543 aa
1446 498 1643 544 eal-m.
2504 490 2633 556 387

175 671 416 759 quidem
461 674 680 741 missio
725 674 880 759 fuit,
924 685 1001 740 ut
1045 678 1154 762 qui
1198 676 1386 741 Deus
1431 686 1600 759 erat,
1648 675 1871 741 divina
1912 678 2149 741 virtute
2198 700 2283 742 ex
2326 679 2637 743 immacu-

174 786 290 851 lata
329 786 598 873 Virgine
665 788 853 853 fieret
899 789 1094 853 etiam
1139 787 1335 854 homo
1363 793 1402 853 ¹.
1467 788 1577 853 Ex
1631 789 1937 855 missione
2000 788 2149 855 Filii
2216 790 2637 878 adoptionem

171 902 328 964 nacti
371 923 612 985 sumus,
659 923 792 987 qua
819 903 1224 984 suscitamur,
1271 910 1344 965 ut
1390 903 1458 966 in
1503 902 1743 967 intimis
1784 902 1998 967 cordis
2042 904 2247 967 nostri
2290 902 2635 989 penetrali-

172 1010 280 1075 bus
321 1024 577 1078 nosmet
620 1015 798 1100 ipsos
825 1014 958 1079 Dei
989 1036 1134 1079 esse
1163 1013 1331 1079 filios
1359 1014 1791 1080 confiteamur
1808 1016 1851 1079 2.
1898 1014 2007 1080 Ab
2038 1014 2163 1080 hoc
2206 1024 2397 1098 statu,
2440 1037 2525 1079 ne
2569 1016 2638 1079 in

169 1125 430 1209 priorem
473 1124 945 1210 relaberentur,
992 1125 1348 1213 Apostolus
1377 1150 1645 1193 monere
1692 1126 1945 1213 incipit,
1994 1136 2061 1192 et
2088 1127 2173 1191 ad
2204 1126 2528 1192 fraternas
2566 1149 2637 1192 se

171 1237 406 1303 confert
449 1261 713 1325 preces;
762 1238 998 1305 deinde
1047 1239 1328 1305 subitam
1371 1240 1543 1305 illam
1588 1238 1973 1305 Galatarum
2016 1241 2464 1324 mutationem,
2495 1250 2635 1305 tan-

172 1372 351 1435 quam
393 1350 478 1417 ab
524 1354 700 1419 omni
729 1353 982 1418 ratione
1016 1352 1318 1436 alienam,
1363 1352 1803 1441 reprehendit.
1848 1353 2017 1418 Miro
2049 1352 2365 1440 posthaec
2396 1353 2641 1418 affectu

169 1464 458 1549 exprimit
503 1462 829 1551 singulare
870 1487 1058 1530 suum
1087 1466 1156 1529 in
1187 1465 1570 1531 Galatarum
1603 1465 1809 1531 salute
1841 1466 2257 1552 procuranda
2286 1466 2571 1532 studium
2593 1470 2637 1531 ³.

167 1574 220 1639 E
247 1576 580 1643 recondito
616 1576 897 1664 denique
931 1576 998 1643 S.
1033 1576 1098 1643 S.
1135 1600 1330 1644 sensu
1348 1582 1394 1663 ⁴,
1443 1578 1727 1643 ostendit
1765 1578 1920 1644 data
1962 1577 2437 1665 ,allegoria‘
2482 1579 2639 1645 dua-

165 1711 296 1753 rum
338 1711 619 1755 uxorum
681 1700 746 1755 et
791 1689 1067 1755 duorum
1111 1691 1390 1757 filiorum
1433 1689 1776 1775 Abrahae,
1838 1689 2240 1757 Christianos
2300 1715 2433 1758 non
2492 1714 2638 1757 esse

166 1800 274 1867 sub
319 1804 635 1870 servitute
651 1806 694 1868 ⁵.
740 1802 1046 1890 Repetita
1090 1803 1532 1869 admonitione
1581 1826 1713 1891 qua
1744 1803 2021 1870 Galatae
2052 1804 2421 1869 libertatem
2454 1826 2641 1870 suam

162 2079 422 2131 nunquam
446 2066 726 2131 potuisset.
757 2066 958 2119 Postea
975 2082 1102 2117 vero
1129 2081 1249 2115 cum
1270 2082 1334 2116 ex
1351 2064 1458 2117 fide
1481 2067 1737 2116 iustitiam
1762 2066 1943 2133 adepti
1968 2081 2149 2117 sumus
2175 2082 2241 2117 ex
2266 2066 2639 2118 coniunctione

165 2166 274 2199 eum
309 2150 539 2215 Christo,
577 2152 648 2202 ad
671 2152 898 2203 salutem
931 2157 1204 2203 aeternam
1237 2152 1464 2203 tendunt
1485 2158 1596 2203 tam
1619 2154 1657 2203 J
1660 2152 1950 2203 udaeorum
1976 2167 2133 2218 quam
2159 2154 2391 2203 omnium
2416 2154 2639 2204 aliarum

164 2238 385 2302 gentium
409 2238 668 2291 homines.
715 2238 799 2289 Ad
824 2254 957 2305 quos
983 2244 1236 2305 tanquam
1261 2254 1416 2291 veros
1447 2239 1697 2290 Abrahae
1722 2238 1859 2290 filios
1896 2240 2162 2305 pertinent
2184 2242 2462 2305 promissa,
2501 2256 2640 2306 quae

163 2324 402 2376 Abrahae
424 2325 554 2376 fecit
573 2326 742 2389 Deus,
767 2340 843 2377 sc.
869 2326 1194 2391 sempiterna
1214 2327 1340 2377 vita.
1389 2324 1602 2393 Optime
1640 2342 1682 2377 s.
1706 2326 2036 2391 Augustinus
2060 2326 2462 2377 animadvertit:
2511 2327 2641 2389 „Ille

161 2410 298 2461 dedit
331 2411 552 2479 Legem,
592 2414 682 2477 qui
709 2412 854 2462 dedit
879 2416 934 2463 et
954 2414 1206 2478 gratiam3
1243 2412 1339 2462 sed
1373 2413 1574 2477 Legem
1599 2428 1697 2477 per
1722 2427 1931 2463 servum
1967 2412 2139 2477 misit3
2174 2428 2295 2462 cum
2329 2415 2503 2479 gratia
2527 2415 2639 2479 ipse

160 2496 476 2549 descendit-‘⁶
517 2499 694 2549 Tract.
719 2498 818 2562 111,
845 2501 894 2549 2.
918 2500 975 2548 in
997 2499 1195 2549 Joann.
1223 2502 1268 2563 1,
1298 2501 1380 2550 17.
1405 2516 1460 2565 p.
1483 2500 1602 2549 304.
1640 2499 1706 2549 V.
1724 2498 1795 2548 H.
1819 2499 1885 2549 N.
1909 2498 1971 2549 Τ.
2006 2515 2059 2564 Ρ.
2086 2500 2169 2549 59.
2194 2515 2237 2550 s.
2272 2499 2357 2549 Ad
2380 2497 2479 2551 hos
2492 2494 2565 2551 Ὀ.
2588 2502 2639 2550 4.

159 2590 508 2650 congruenter
542 2585 912 2637 accommodat
947 2585 1342 2637 similitudinem
1377 2585 1639 2650 haeredis,
1678 2586 1765 2635 cui
1788 2600 1884 2651 per
1920 2590 2151 2635 aetatem
2186 2600 2295 2636 non
2329 2586 2457 2636 licet
2491 2587 2639 2638 adire

157 2670 552 2735 haereditatem,
588 2672 684 2723 sed
719 2678 1022 2723 curatorum
1057 2673 1258 2723 tutelae
1294 2674 1480 2723 subest
1515 2687 1687 2737 usque
1724 2671 1791 2722 ad
1828 2676 2055 2737 tempus,
2094 2687 2199 2737 quo
2236 2678 2463 2739 paterna
2494 2673 2639 2724 bona

157 2762 330 2808 tenere
365 2757 580 2809 licebit:
625 2760 702 2809 ita
737 2763 792 2809 et
825 2766 934 2809 tam
980 2759 1178 2810 Judaei
1225 2774 1386 2825 quam
1421 2762 1608 2825 gentes
1644 2764 1900 2824 tanquam
1943 2760 2095 2824 pueri
2130 2759 2231 2811 sub
2270 2758 2439 2809 tutela
2474 2760 2637 2826 Legis

156 2844 410 2897 naturalis
451 2850 506 2895 et
538 2845 742 2911 Moysis
777 2846 1049 2908 vivebant,
1093 2846 1266 2897 donec
1301 2848 1510 2897 veniret
1543 2851 1781 2912 tempore
1818 2860 1853 2897 a
1886 2847 2045 2896 Patre
2086 2848 2443 2912 praescripto,
2481 2863 2639 2913 quem

156 2930 221 2979 ab
258 2932 578 2983 aeternitate
613 2938 874 2998 genuerat
907 2932 1203 2983 naturalem
1241 2936 1296 2983 et
1330 2933 1431 2983 sibi
1467 2934 1795 2984 carissimum
1834 2930 2025 2982 filium:
2070 2932 2327 2983 Christus.

361 3017 400 3086 ¹)
442 3018 524 3069 Cf.
568 3018 691 3069 Chr.
731 3019 913 3082 Ravii‚
963 3019 1030 3069 de
1078 3020 1388 3072 adventuali
1433 3019 1765 3086 plenitudine
1802 3019 1937 3069 Jesu
1970 3018 2030 3069 C.
2067 3020 2123 3069 in
2158 3032 2405 3082 carnem„
2444 3018 2543 3070 Th.
2584 3036 2639 3071 n.

155 3120 205 3169 p.
241 3108 358 3157 905.
395 3122 442 3157 s.
503 3105 563 3156 C.
602 3104 892 3168 Schrader,
931 3106 998 3157 de
1033 3106 1228 3173 triplici
1265 3107 1450 3158 ordine
1487 3106 1781 3157 Comment.
1838 3105 1995 3157 Vind.
2035 3106 2188 3156 1864.
2224 3123 2276 3172 p.
2316 3108 2433 3157 144.
2489 3106 2543 3157 J.
2575 3107 2637 3156 F.

155 3192 436 3259 Raebiger,
477 3192 835 3259 Christologia
865 3193 1112 3243 Paulina.
1161 3192 1444 3244 Vratislav,
1474 3195 1624 3245 1852.
1658 3210 1711 3258 Ρ.
1738 3194 1820 3243 16.
1844 3206 1886 3243 s.
1944 3190 1984 3259 ²)
2021 3194 2071 3255 4,
2102 3195 2251 3243 1-7.
2309 3192 2349 3260 ³)
2374 3192 2423 3257 4,
2449 3194 2637 3243 8-20.

155 3280 195 3342 ⁴)
233 3279 404 3339 Quem
443 3279 607 3345 Legis
653 3278 884 3330 cultores
931 3279 1358 3346 frequentissime
1395 3285 1449 3331 et
1482 3278 1791 3330 avidissime
1837 3278 2142 3329 audiebant.
2217 3279 2257 3345 ⁵)
2294 3280 2471 3345 Atque
2504 3279 2640 3330 haec

153 3366 364 3429 quidem
401 3360 880 3435 ,,ἀλληγοροῦμενα“
917 3381 1034 3417 esse
1071 3366 1200 3417 dicit
1231 3366 1523 3434 Apostolus
1558 3368 1610 3429 4,
1646 3367 1729 3415 24.
1788 3364 1955 3415 Missa
1990 3364 2040 3415 h.
2071 3365 2108 3418 1.
2145 3366 2467 3431 etymologia
2500 3366 2551 3420 h.
2588 3383 2639 3418 v·

151 3453 203 3501 in
257 3468 422 3518 quam
477 3453 884 3505 commentarius
937 3460 1120 3505 noster
1175 3453 1274 3515 „de
1329 3452 1497 3503 Sacra
1555 3453 1831 3519 Scriptura
1892 3453 2111 3519 eiusque
2168 3453 2635 3519 interpretatione“

151 3539 400 3605 inquiret,
426 3543 488 3589 ut
509 3539 666 3589 Pauli
689 3554 838 3589 mens
865 3540 1180 3605 explicatior
1202 3542 1288 3604 sit,
1320 3539 1552 3591 divinam
1577 3540 1718 3591 hanc
1742 3541 2051 3607 allegoriam
2076 3542 2373 3591 summatim
2408 3554 2640 3605 expona-

149 3643 279 3677 mus.
340 3626 476 3677 Rem
515 3642 722 3677 omnem
759 3627 829 3677 ad
865 3641 1025 3693 quam
1059 3626 1350 3693 Apostolus
1385 3628 1588 3692 Moysis
1619 3630 1979 3679 narrationem
2016 3627 2149 3678 Gen.
2178 3629 2260 3689 16,
2289 3629 2368 3678 15.
2408 3630 2492 3689 21,
2523 3631 2569 3678 1.
2594 3643 2639 3677 s.

149 3713 416 3777 transfert,
455 3713 695 3764 declarat
728 3730 779 3763 v.
807 3715 889 3764 24.
942 3714 1128 3777 „Haec
1163 3715 1304 3764 enim
1326 3718 1452 3763 sunt
1477 3714 1580 3764 duo
1618 3717 1985 3765 testamenta.“
2036 3714 2101 3763 In
2136 3711 2382 3777 διαθήκαις
2419 3719 2479 3764 ut
2502 3714 2639 3763 alias

147 3814 328 3865 saepe,
367 3804 626 3851 notantur
663 3799 882 3851 foedera
918 3801 1020 3851 Dei
1059 3816 1182 3851 cum
1217 3801 1535 3864 hominibus,
1573 3801 1643 3851 ad
1679 3800 1866 3851 horum
1904 3798 2131 3851 salutem
2166 3800 2465 3863 tendentia3
2503 3814 2641 3864 quae

147 3887 254 3938 duo
288 3888 543 3939 dicuntur
567 3893 622 3939 et
644 3888 1020 3939 discernuntur
1054 3887 1276 3955 legale
1311 3889 1378 3938 ab
1418 3902 1543 3951 una,
1581 3894 1636 3939 et
1672 3887 2129 3953 evangelicum
2160 3886 2228 3936 ab
2269 3887 2437 3937 altera
2471 3890 2641 3952 parte.

145 3975 356 4025 Horum
393 3976 502 4024 iam
547 3973 824 4025 foederum
867 3990 1033 4025 unum
1079 3980 1303 4027 testatur
1345 3975 1592 4026 Abrahae
1640 3988 1759 4026 esse
1797 3989 1833 4025 a
1864 3978 2045 4025 monte
2082 3974 2237 4037 Sina,
2288 3978 2341 4023 et
2384 3986 2641 4037 generare

143 4063 198 4111 in
251 4063 592 4126 servitutem3
649 4062 800 4112 cuius
856 4061 1120 4113 emblema
1174 4066 1289 4112 erat
1337 4062 1510 4128 Agar,
1564 4076 1705 4127 quae
1760 4076 1973 4111 servum
2025 4061 2247 4126 peperit.
2318 4059 2557 4109 Alterum
2610 4074 2640 4109 e
2716 4108 2729 4119 ,

144 4149 369 4200 coelesti
406 4147 710 4198 Jerusalem
747 4147 998 4211 delatum,
1043 4148 1186 4199 unde
1223 4148 1524 4215 adoptionis
1561 4150 1737 4214 gratia
1771 4154 1890 4199 orta
1926 4152 2020 4199 est.
2082 4148 2258 4197 Huius
2294 4148 2471 4212 imago
2508 4146 2643 4197 Sara

144 4237 267 4299 fnit,
317 4250 462 4303 quae
507 4235 608 4285 sub
653 4236 1006 4301 promissione
1051 4236 1238 4285 vivens
1283 4236 1540 4301 gignebat
1574 4236 1713 4287 filios
1752 4235 1821 4286 ad
1854 4234 2171 4285 libertatem.
2204 4262 2271 4271 —-
2306 4233 2385 4283 cf.
2425 4233 2495 4283 ad
2530 4250 2641 4283 rem

143 4324 444 4384 Philonem,
483 4321 552 4371 de
586 4322 700 4371 vita
737 4322 1020 4388 contempl.
1059 4322 1144 4373 ed.
1179 4322 1252 4372 M.
1289 4323 1368 4385 11,
1403 4325 1697 4373 475-483.
1757 4323 2077 4387 Viti-ingam,
2114 4321 2149 4371 l.
2188 4336 2235 4371 c.
2279 4338 2331 4386 p.
2368 4323 2485 4370 677.
2544 4320 2641 4371 ch.

143 4412 464 4475 Schsttgen,
501 4408 625 4459 hon.
659 4408 806 4459 hebr.
847 4414 900 4459 et
935 4409 1080 4459 talm.
1117 4412 1172 4459 in
1209 4410 1274 4460 N.
1309 4410 1369 4460 Τ.
1405 4411 1596 4461 Dresd.
1625 4412 1778 4460 1733.
1823 4409 1867 4472 Ι,
1905 4411 2021 4459 747.
2070 4409 2120 4459 J.
2156 4408 2361 4472 Max-ck,
2411 4408 2477 4458 de
2514 4408 2641 4459 alle-

143 4499 456 4564 gorumenis
495 4497 564 4546 ad
602 4495 719 4547 Gal.
744 4498 795 4557 4,
822 4498 906 4546 24.
943 4496 1117 4562 Lugd.
1151 4498 1268 4547 Bat-
1297 4499 1447 4547 1718.
1491 4498 1565 4547 Μ.
1589 4498 1660 4547 H.
1686 4497 1922 4559 Teenke,
1961 4498 2027 4547 de
2062 4497 2243 4561 prisca
2276 4496 2451 4547 Jeros.
2489 4497 2641 4547 cuius

142 4588 291 4636 cives
332 4590 464 4636 sunt
497 4583 803 4635 Christiani.
843 4582 1019 4634 Goett.
1050 4584 1202 4633 1749.
1251 4584 1636 4647 Lakemacher,
1674 4584 1801 4634 Obs.
1836 4584 1891 4633 S.
1916 4584 2009 4635 IX.
2039 4586 2085 4648 1,
2111 4586 2159 4633 3.
2186 4600 2225 4633 s.
2279 4582 2339 4632 C.
2362 4582 2422 4633 A.
2451 4583 2641 4648 Crusii,

139 4672 402 4739 hypomn.
427 4672 498 4722 ad
522 4671 708 4722 Theoi.
735 4669 921 4737 proph.
947 4671 1097 4736 Lips.
1125 4672 1275 4721 1764.
1313 4671 1357 4733 1,
1383 4672 1469 4721 44.
1495 4688 1536 4721 s.
1563 4687 1614 4720 n.
1666 4670 1873 4734 Ewald‚
1900 4676 1953 4721 u.
1979 4672 2028 4722 d.
2056 4672 2261 4722 Namen
2284 4669 2643 4737 Hagen-Sinai

2230 4759 2331 4807 25*
