3267 5259
1177 470 1377 513 curiam
1404 461 1648 524 mamm.
1895 459 1900 464 '
1979 459 1982 462 ’
2537 461 2657 524 161

386 647 625 708 Christo
666 650 864 729 itaque
894 670 1076 727 pass0,
1124 657 1357 709 mortno
1385 652 1541 709 etin
1584 651 1960 728 sepulchrum
2004 669 2174 709 suum
2219 651 2405 723 illato,
2455 651 2662 710 deinde

194 773 319 810 vero
358 755 539 812 tertia
583 755 681 812 die
723 755 1063 813 resuscitato
1120 755 1424 827 habemus,
1483 774 1600 834 quo
1659 755 1944 814 laetemur
2007 761 2066 813 et
2125 757 2278 834 quod
2335 755 2658 814 imitemur.

194 857 539 916 laetandum
586 859 755 917 nobis
798 863 901 931 est,
948 860 1090 938 quia
1131 859 1367 918 futurae
1411 865 1645 918 nostrae
1675 859 2118 918 resurrectionis
2147 859 2464 935 accipimus
2501 879 2662 936 spem

192 967 244 1018 ct
284 962 489 1036 pignus
534 967 781 1021 certum.
850 963 1135 1022 Inchoata
1176 971 1265 1023 est
1307 965 1373 1022 in
1416 964 1652 1022 Christo
1695 963 2084 1034 Resurrectio,
2145 983 2250 1020 suo
2294 968 2553 1040 tempore
2595 965 2662 1022 in

192 1067 342 1123 nobis
384 1069 859 1126 consummanda.
906 1069 1103 1126 Radix
1148 1067 1383 1127 nostra¹
1432 1069 1605 1139 vivit,
1653 1087 1772 1126 non
1816 1067 2061 1126 dubium
2106 1065 2575 1126 vivificabuntur
2603 1071 2662 1124 et

190 1169 345 1226 rami.
388 1171 425 1226 J
426 1190 557 1229 esus
604 1172 796 1244 radix,
844 1172 987 1231 vitis
1028 1169 1209 1230 vera²
1250 1171 1504 1247 gloriosa
1545 1172 1824 1249 apparuit
1866 1171 1933 1228 in
1969 1170 2432 1242 Resurrectione,
2481 1171 2662 1246 glori-

190 1273 511 1332 ficabuntur
556 1275 821 1354 alioquin
866 1281 925 1334 et
968 1277 1256 1352 palmites.
1310 1277 1569 1335 Multum
1615 1276 1874 1353 pertinet
1917 1276 1990 1333 ad
2035 1295 2226 1334 ramos
2269 1275 2398 1334 vita
2427 1275 2658 1347 radicis,

190 1378 363 1456 qualis
420 1381 629 1452 radix,
676 1379 822 1438 tales
866 1386 925 1438 et
956 1381 1125 1439 rami.
1188 1381 1337 1438 Inde
1379 1401 1425 1439 s.
1458 1381 1680 1438 Paulus
1700 1378 1757 1438 3:
1827 1380 2005 1452 ,Deus
2053 1425 2067 1438 .
2105 1424 2118 1437 .
2156 1425 2169 1437 .
2217 1379 2662 1440 convivificavit

190 1502 281 1538 nos
322 1483 386 1539 in
430 1483 671 1542 Christo
716 1489 776 1542 et
819 1485 1319 1558 conresuscitavit,
1368 1491 1427 1543 et
1470 1487 1775 1544 consedere
1818 1484 1960 1542 fecit
2001 1483 2066 1542 in
2111 1483 2494 1543 coelestibus.‘

268 1775 324 1852 ξ.
364 1776 467 1840 36.
530 1772 911 1839 Mulieres
964 1773 1057 1839 ad
1111 1773 1618 1861 sepulchrum
1661 1775 2077 1840 venientes
2126 1773 2438 1840 discunt
2482 1773 2573 1840 ab

755 1885 1041 1973 angelo
1090 1886 1487 1953 Christum
1530 1889 2087 1953 resurrexisse.

378 2075 817 2142 Illucescente
882 2076 985 2142 die
1044 2079 1215 2144 inter
1280 2080 1687 2164 septenarios
1753 2080 2022 2165 prima4,
2090 2077 2174 2142 ad
2245 2076 2616 2160 diluculum,
2639 2083 2664 2121 ⁵

191 2185 296 2250 sub
354 2209 594 2254 aurora
610 2192 657 2272 ⁶,
716 2201 1138 2256 monumento
1203 2189 1423 2256 clauso
1484 2201 1548 2256 et
1593 2189 1935 2277 obsignato
1955 2195 1978 2234 ⁷
2021 2201 2430 2276 remanente,
2485 2214 2662 2278 pro-

383 2469 420 2532 ¹)
458 2469 633 2534 Apoc.
660 2471 744 2531 22,
774 2472 853 2522 16.
904 2470 945 2538 ²)
981 2471 1177 2522 Joann.
1208 2473 1287 2534 15,
1316 2473 1363 2520 1.
1413 2469 1454 2535 ³)
1481 2469 1619 2536 Eph.
1646 2471 1696 2532 2,
1733 2472 1783 2520 4.
1809 2473 1857 2520 5.
1883 2472 1932 2520 6.
1983 2471 2025 2536 ⁴)
2062 2471 2212 2533 Quae
2255 2489 2319 2522 ex
2362 2473 2662 2522 hebraismo

191 2553 335 2603 ctiam
358 2569 483 2604 una
518 2555 819 2620 dicebatur,
858 2573 955 2608 seu
978 2558 1275 2608 Dominica.
1314 2555 1376 2606 Id
1400 2561 1629 2607 testatur
1653 2573 1694 2608 s.
1721 2557 1938 2607 Marcus
1977 2559 2057 2620 16,
2085 2560 2134 2608 9.
2175 2557 2498 2623 „Completis
2523 2561 2664 2609 enim

190 2645 374 2704 septem
410 2642 603 2694 diebus
642 2643 845 2693 reditur
879 2644 949 2694 ad
984 2645 1226 2710 primum.
1280 2643 1494 2693 Finitur
1529 2646 1802 2710 septimus,
1841 2645 2106 2695 Dominus
2142 2643 2410 2710 sepultns3
2465 2644 2664 2694 reditur

192 2725 251 2774 ad
301 2729 549 2792 primum,
608 2729 871 2779 Dominus
924 2731 1288 2780 resuscitatus.
1354 2731 1571 2779 Domini
1627 2730 1767 2780 enim
1823 2730 2160 2780 resuscitatio
2215 2731 2459 2795 promisit
2509 2731 2666 2781 nobis

190 2817 445 2864 aeternum
483 2816 650 2878 diem,
691 2821 745 2865 et
780 2818 1115 2868 consecravit
1150 2817 1305 2866 nobis
1340 2817 1680 2866 Dominicum
1716 2815 1872 2866 diem.
1932 2816 2038 2878 Qui
2073 2821 2298 2866 vocatur
2333 2817 2665 2880 Dominicus,

188 2900 291 2963 ipse
324 2901 536 2952 videtur
572 2903 790 2968 proprie
836 2901 904 2952 ad
940 2903 1228 2953 Dominum
1275 2905 1565 2968 pertinere3
1622 2903 1750 2968 quia
1797 2919 1860 2953 eo
1899 2903 1984 2952 die
2019 2903 2280 2954 Dominus
2327 2905 2662 2954 resurrexit.“

188 2984 235 3034 S.
252 2986 595 3052 Augustinus,
624 3005 779 3040 serm.
807 2991 921 3039 169.
948 2989 1015 3039 de
1038 2990 1185 3039 verb.
1206 2989 1305 3055 Ap.
1327 2989 1461 3039 Phil.
1484 2993 1531 3040 3.
1560 3005 1611 3039 n.
1633 2991 1683 3040 3.
1707 2989 1771 3052 V,
1787 2991 1906 3040 809.
1943 2990 1986 3056 ⁵)
2025 2990 2182 3051 Quod
2201 2990 2270 3040 ad
2289 2989 2474 3040 horam
2493 3005 2663 3041 resur-

188 3074 421 3125 rectionis
459 3077 675 3138 attinet,
714 3091 818 3125 non
856 3090 965 3126 una
1000 3081 1083 3126 est
1115 3076 1463 3141 interpretum
1502 3077 1736 3126 omnium
1773 3077 2058 3127 sententia:
2103 3076 2331 3137 Quidam
2357 3091 2474 3127 eam
2499 3077 2664 3127 homi-

187 3159 329 3209 nibus
364 3167 547 3211 notam
588 3177 709 3212 esse
732 3167 1009 3228 negarunt.
1046 3163 1111 3212 E.
1138 3179 1187 3228 g.
1214 3179 1256 3212 s.
1280 3163 1657 3227 Hieronymus,
1697 3161 1766 3212 ad
1789 3161 2075 3212 Hedibiam
2100 3179 2182 3228 ep.
2210 3165 2326 3225 120,
2354 3164 2402 3213 6.
2451 3164 2662 3224 „Domi-

188 3259 277 3294 nus
311 3249 621 3310 resurrexit,
658 3248 791 3298 hora
829 3263 937 3314 qua
972 3250 1086 3314 ipse
1122 3248 1308 3310 voluit,
1348 3253 1402 3298 et
1437 3263 1577 3314 quae
1600 3249 1735 3298 nulli
1761 3247 2062 3299 mortalium
2087 3251 2302 3314 cognita
2327 3253 2454 3300 est.“
2481 3249 2523 3312 1,
2546 3251 2662 3299 830.

190 3331 531 3392 Quamobrem
572 3335 723 3384 canit
756 3335 1009 3385 Ecclesia
1048 3335 1127 3396 „0
1164 3351 1269 3384 nox
1307 3348 1445 3400 quae
1482 3336 1600 3385 sola
1633 3336 1828 3384 meruit
1863 3336 2000 3384 scire
2037 3340 2246 3400 tempus
2285 3341 2338 3386 et
2372 3336 2572 3398 horam,
2609 3337 2664 3384 in

188 3433 284 3483 qua
318 3420 561 3472 Christus
604 3422 674 3471 ab
710 3421 893 3472 inferis
930 3422 1265 3472 resurrexit.“
1308 3419 1585 3471 Sententia
1619 3422 1886 3484 receptior
1923 3449 1988 3457 -
2025 3420 2092 3471 de
2129 3435 2238 3486 qua
2262 3421 2664 3488 diligentissime

186 3511 369 3556 tractat
405 3507 641 3569 Suarez,
678 3523 729 3573 q.
755 3509 839 3570 53,
878 3523 927 3557 a.
956 3511 1003 3558 1.
1030 3507 1165 3573 disp.
1198 3507 1389 3569 XLVI,
1428 3509 1478 3557 2.
1504 3509 1551 3557 3.
1591 3525 1643 3574 p.
1677 3509 1794 3558 489.
1823 3523 1863 3557 s.
1891 3535 1958 3544 —
1994 3507 2158 3558 habet
2192 3506 2457 3558 Christum
2494 3525 2666 3558 surre-

190 3593 317 3643 xisse
353 3611 559 3645 summo
612 3609 794 3656 mane,
832 3610 927 3644 seu
964 3594 1033 3644 ad
1071 3592 1376 3644 diluculum.
1428 3593 1716 3657 Calmetus,
1755 3593 1954 3644 Comm.
1989 3594 2066 3643 lit.
2101 3595 2156 3643 in
2191 3593 2376 3644 Matth.
2413 3597 2496 3655 28,
2535 3597 2584 3645 2.
2621 3595 2664 3657 Ῑ,

187 3679 295 3728 508.
330 3687 512 3731 censet
550 3686 749 3746 quarta
784 3681 917 3731 hora
950 3682 1239 3744 matutina3
1278 3695 1345 3730 ea
1379 3681 1537 3730 etiam
1576 3681 1644 3730 de
1681 3695 1862 3743 causa,
1903 3681 2046 3746 quod
2070 3680 2296 3731 Romani
2330 3681 2516 3731 fideles
2540 3681 2660 3731 sab-

189 3763 288 3813 bati
320 3769 545 3817 'maioris
594 3768 851 3816 ieiunium
894 3767 1107 3817 nonnisi
1154 3771 1276 3832 post
1320 3781 1566 3816 auroram
1612 3767 1719 3816 diei
1765 3768 2080 3817 Dominicae
2131 3767 2430 3817 solvebant.
2484 3768 2658 3818 Favet

190 3849 301 3900 huic
336 3855 577 3918 opinioni
620 3852 673 3902 S.
701 3853 753 3902 S.
808 3853 920 3904 Nec
957 3859 1221 3919 repugnat
1257 3870 1297 3904 s.
1323 3853 1623 3904 Ecclesiam
1661 3855 1716 3902 in
1755 3852 1946 3903 Officio
1983 3854 2194 3905 sabbati
2229 3854 2435 3920 mag-ni,
2471 3869 2666 3903 memo·

190 3951 295 3987 rare
330 3946 540 3990 noctem
578 3941 897 3990 Dominicae
934 3940 1377 4002 Resurrectionis,
1414 3955 1539 3990 nam
1578 3940 1764 3990 eadem
1799 3941 1856 3990 in
1883 3939 1968 3990 die
1993 3957 2034 3990 s.
2060 3939 2303 3992 Paschae
2329 3941 2476 3990 canit
2501 3939 2664 4002 „haec

191 4022 322 4074 ἀίειν·
349 4031 466 4088 etc„
494 4033 549 4077 et
573 4027 732 4076 Dom.
770 4027 826 4076 in
849 4026 1002 4077 Albis
1032 4027 1127 4086 „In
1154 4025 1239 4076 die
1264 4027 1718 4077 resurrectionis.“
1759 4026 1832 4075 Et
1855 4031 2136 4092 utrumque
2163 4027 2266 4076 dici
2293 4031 2436 4076 recte
2473 4031 2664 4092 potest,

192 4125 300 4160 nam
324 4115 370 4163 si
394 4113 463 4163 ad
490 4113 787 4163 diluculum
814 4115 1115 4175 resurrexit,
1154 4114 1338 4178 utique
1374 4113 1525 4163 iuxta
1548 4115 1962 4163 communiorem
1987 4113 2256 4164 hominum
2282 4114 2584 4180 opinionem
2611 4114 2665 4163 in

192 4205 332 4248 nocte
367 4201 675 4251 resurrexit.
738 4199 779 4264 ⁶)
824 4200 1119 4266 Propterea
1165 4201 1292 4264 qnia
1336 4199 1655 4261 lucesceret,
1711 4199 1906 4249 milites
1961 4201 2242 4265 perspicue
2296 4198 2548 4250 viderunt
2600 4213 2666 4250 ea

193 4284 417 4351 prodigia
436 4324 449 4350 ,
508 4286 709 4352 quibus
754 4287 983 4352 correpti
1028 4290 1171 4336 metu
1235 4287 1457 4336 mortuis
1504 4286 1705 4337 similes
1749 4285 1879 4336 facti
1917 4289 2054 4336 sunt.
2123 4286 2229 4336 Sed
2277 4291 2332 4346 et
2375 4286 2512 4337 alias
2556 4302 2664 4337 non

194 4373 475 4432 potuissent
530 4387 653 4423 esse
710 4377 871 4422 testes
925 4373 1099 4423 factae
1160 4359 1587 4434 resurrectionis,
1651 4374 1790 4423 sicut
1847 4372 2064 4422 fuerunt
2121 4372 2265 4438 apud
2330 4373 2664 4425 Pharisaeos.

196 4453 231 4518 ¹¹)
264 4457 445 4523 Neque
484 4457 811 4509 credendum
850 4464 931 4509 est
966 4458 1286 4525 pictoribus,
1338 4461 1428 4525 qui
1476 4461 1704 4526 pingunt
1747 4459 2032 4508 Dominum
2080 4463 2257 4508 amoto
2301 4459 2478 4525 lapide
2523 4462 2666 4509 exire

198 4541 253 4590 ‘le-
287 4545 582 4611 sepulchro.
620 4547 743 4596 Non
782 4547 919 4596 enim
959 4552 1079 4612 eget
1114 4547 1329 4597 beatum
1364 4547 1498 4596 Jesu
1536 4560 1730 4611 corpus
1765 4547 1857 4595 via
1894 4546 2142 4610 exituque
2168 4546 2288 4610 tali3
2327 4546 2665 4612 lapidemque

196 4628 255 4676 ab
288 4631 487 4698 Angelo
526 4649 645 4685 esse
682 4639 942 4683 remotum
979 4633 1121 4683 clare
1158 4651 1201 4684 s.
1225 4633 1531 4687 Matthaeus
1556 4634 1642 4694 28,
1669 4635 1716 4681 2.
1755 4633 1931 4682 tradit.

290 4722 483 4772 Danko.
514 4725 630 4768 nist.
664 4725 959 4766 Revelationis
987 4725 1173 4766 divinae.
1202 4725 1259 4766 11.
2293 4721 2352 4769 11
