3267 5259
614 434 741 498 19O
1358 446 1555 489 nodeca
1582 446 1946 499 nisquisitionum
1971 448 2335 498 theologiarum.

611 624 771 697 Heli,
807 632 867 684 et
894 627 930 684 J
932 626 1161 683 oachim
1191 628 1345 701 apud
1376 627 1676 684 Hebraeos
1705 646 2035 703 synonyma
2063 648 2202 686 esse.
2267 628 2356 685 Cf.
2387 628 2660 699 Simonis,
2695 629 3080 686 Onomasficon

612 730 685 788 V.
712 730 778 788 Τ.
814 749 871 805 p.
906 735 1053 789 514.
1114 730 1385 801 Arnoldi,
1420 731 1641 789 Comm.
1673 751 1725 788 z.
1759 732 1872 791 Ev.
1903 732 2119 789 Matth.
2153 752 2209 807 p.
2245 736 2346 789 58.
2407 732 2578 789 Unde
2608 738 2668 789 et
2694 733 2906 790 Judaei
2929 766 3008 772 —
3031 735 3080 788 in

612 834 893 893 Talmude
931 835 1469 912 Hierosolymitano
1488 880 1502 908 ,
1547 835 1851 910 Chagigah
1887 835 1989 895 fol.
2030 840 2170 894 774.
2203 837 2356 911 apud
2387 836 2828 910 Lightfootum,
2877 838 3002 894 hor.
3029 838 3080 893 h.

612 941 685 997 ad
714 940 857 999 Luc.
879 945 935 1012 3,
958 945 1058 999 26.
1079 960 1136 1015 p.
1161 945 1303 997 750.
1324 973 1407 981 -—
1424 947 1713 998 vocarunt
1739 940 1928 997 filiam
1957 940 2118 998 Heli.
2176 939 2341 1002 Quod
2371 946 2569 998 autem
2597 941 2922 1012 Elisabeth,
2955 960 3083 1018 quse

612 1044 754 1103 Luc.
792 1051 855 1113 1,
893 1049 949 1102 5.
994 1064 1025 1101 e
1062 1044 1245 1119 stirpe
1290 1047 1545 1102 Aaronis
1584 1050 1712 1102 sata
1747 1045 1966 1102 dicitur
2007 1065 2070 1103 v.
2107 1048 2228 1115 36„
2282 1048 2527 1118 cognata
2564 1046 2632 1103 B.
2665 1045 2750 1103 M.
2785 1045 2862 1103 V.
2897 1045 3080 1105 fuerit.

610 1150 933 1207 sententiae
990 1154 1223 1206 nostrae
1272 1148 1527 1207 Mariam
1577 1148 1913 1207 Davididen
1964 1150 2360 1225 propugnanti
2413 1168 2528 1206 non
2581 1148 2790 1207 officit.
2867 1150 3084 1205 Poterat

612 1252 679 1311 B.
713 1254 795 1311 M.
830 1252 902 1309 V.
942 1254 1241 1310 sobrinam
1286 1253 1692 1311 Elisabetham
1741 1254 1986 1322 habere;
2039 1254 2192 1331 quod
2243 1253 2457 1330 aliquis
2502 1273 2534 1310 e
2578 1255 2766 1329 stirpe
2815 1254 2882 1311 B.
2911 1254 2992 1310 Μ.
3025 1253 3080 1310 V.

611 1357 799 1415 filiam
838 1356 1096 1434 aliquam
1135 1358 1451 1415 sacerdotis
1482 1363 1542 1416 et
1570 1376 1648 1414 ex
1677 1356 1909 1415 familia
1937 1357 2174 1435 quidem
2201 1357 2575 1415 Elisabethae
2607 1358 2874 1415 duxerit.
2933 1357 3081 1413 Nihil

612 1480 683 1518 ea
710 1462 775 1519 in
806 1481 869 1518 re
901 1462 1177 1533 arduum,
1212 1462 1499 1539 siquidem
1528 1463 1802 1535 coniugia
1821 1463 2028 1531 puellis
2069 1481 2180 1517 non
2223 1462 2550 1517 haeredibus
2579 1460 2772 1517 libera
2802 1464 3082 1536 permitte-

612 1567 847 1623 bantur.
910 1565 998 1622 Cf.
1033 1565 1121 1622 ΙΙ.
1157 1566 1290 1622 Par.
1328 1570 1437 1635 22,
1480 1570 1576 1622 11.
1639 1564 1736 1623 Sic
1779 1566 1968 1639 igitur
2009 1564 2177 1622 Jesus
2225 1583 2360 1622 cum
2402 1584 2508 1640 per
2537 1565 2605 1622 B.
2637 1565 2724 1622 M.
2759 1566 2834 1622 V.
2878 1571 2936 1622 et
2963 1564 3082 1621 Heli

608 1670 713 1728 via
752 1669 1010 1727 naturali
1060 1670 1422 1727 descenderit
1450 1688 1485 1725 a
1522 1670 1797 1727 Nathane
1827 1673 1886 1725 et
1916 1668 2171 1737 Davide,
2217 1668 2515 1742 legitimus
2546 1675 2632 1726 est
2661 1667 2886 1726 Davidi
2925 1668 3084 1725 filius.

612 1773 872 1851 Cumque
914 1778 1162 1850 utraque
1200 1772 1524 1830 Salomonis
1562 1777 1625 1830 et
1667 1774 1960 1830 Nathanis
2000 1771 2160 1830 linea
2206 1773 2272 1829 in
2301 1771 2618 1830 Salathiele
2664 1780 2726 1829 et
2753 1772 3087 1831 zorobabele

612 1876 895 1935 coaluerit
934 1878 999 1935 in
1028 1876 1356 1947 Christum,
1404 1895 1766 1955 quacumque
1803 1896 1880 1934 ex
1911 1882 2076 1952 parte
2105 1882 2424 1951 spectetur,
2459 1878 2552 1933 ius
2581 1896 2754 1934 omne
2785 1878 2862 1933 ad
2891 1877 3086 1934 solium

611 1980 858 2041 Davidis
882 1983 949 2037 in
970 1980 1143 2037 illum
1166 1981 1501 2040 derivatum
1530 1986 1633 2039 est.
1676 1980 1934 2039 Tandem
1965 1986 2282 2054 oggerunt:
2315 1980 2630 2037 mulierum
2661 1980 3041 2055 Genealogias
3059 2000 3088 2036 a

611 2084 669 2141 S.
688 2084 744 2141 S.
771 2085 896 2142 texi
920 2104 1039 2143 non
1060 2084 1262 2143 solere.
1296 2084 1684 2143 Concedamus
1707 2086 1794 2142 ita
1815 2104 1955 2154 esse,
1983 2104 2060 2141 an
2081 2084 2149 2141 B.
2175 2086 2399 2142 Mariae
2423 2084 2514 2155 V„
2541 2092 2601 2141 et
2621 2084 2880 2141 aliarum
2903 2086 3086 2141 eadem

612 2190 763 2247 ratio
793 2188 917 2246 est?
976 2189 1033 2245 N
1034 2208 1110 2246 on
1147 2195 1421 2263 poterant
1458 2208 1573 2247 non
1602 2189 2016 2263 Evangelistae
2049 2190 2304 2246 scribere
2334 2188 2750 2262 Genealogiam
2779 2190 2850 2246 B.
2883 2190 2967 2247 M.
3001 2190 3081 2253 V..

611 2312 745 2351 cum
804 2294 1206 2351 describendos
1265 2293 1485 2351 Christi
1545 2294 1770 2351 natales
1830 2293 2229 2368 susciperent:
2289 2293 2566 2371 quoniam
2625 2312 2812 2367 genus
2875 2294 3080 2351 Christi

612 2400 893 2469 cognosci,
920 2416 1131 2471 genere
1153 2398 1379 2455 Mariae
1410 2418 1527 2455 non
1558 2399 1722 2472 prius
1753 2399 2004 2471 cognite,
2039 2416 2156 2455 non
2187 2398 2407 2472 potuit3
2441 2416 2571 2454 cum
2604 2396 2714 2454 illa
2741 2398 3088 2473 principium

610 2502 853 2559 unicum
894 2502 1143 2573 originis
1188 2502 1445 2558 eiusdem
1488 2501 1690 2578 fuerit.
1765 2500 1862 2557 Ex
1914 2520 2028 2578 quo
2071 2502 2338 2577 sequitur
2389 2500 2618 2558 nullam
2667 2501 3088 2575 genealogiam

610 2606 819 2663 seriem
865 2606 937 2662 ad
975 2604 1279 2662 Christum
1322 2624 1583 2681 unquam
1628 2604 1938 2680 pervenire
1983 2605 2261 2679 potuisse,
2295 2624 2445 2682 quae
2475 2606 2640 2680 prius
2669 2624 2778 2679 per
2807 2605 2878 2662 B.
2909 2606 2994 2661 M.
3027 2604 3088 2659 Y.

608 2728 729 2767 non
772 2708 1116 2767 transiisset.
1181 2708 1465 2766 Incubuit
1508 2709 1752 2783 proinde
1795 2726 2024 2765 summa
2051 2728 2128 2765 ex
2172 2706 2364 2765 officio
2409 2708 2720 2765 necessitas
2748 2709 3090 2783 Evangelio-

610 2832 743 2871 rum
794 2812 1176 2887 scriptoribus
1224 2812 1449 2869 Mariae
1507 2812 1906 2886 genealogiam
1967 2818 2168 2869 texere
2187 2857 2200 2883 ,
2256 2811 2446 2869 veluti
2505 2814 2714 2869 unicae
2765 2814 2980 2871 Matris
3033 2832 3090 2868 ac

612 2908 990 2992 μηξοπάτορος
1022 2916 1276 2986 Christi;
1323 2935 1454 2974 cum
1485 2917 1595 2973 hoc
1626 2918 2047 2973 consectarium
2077 2916 2260 2973 fuerlt
2299 2918 2416 2973 imo
2447 2936 2608 2991 pars,
2657 2922 2731 2973 ut
2759 2917 3088 2995 loquuntur,

610 3019 931 3077 essentialis
975 3020 1227 3094 suscepti
1272 3022 1481 3095 operis.
1545 3020 1602 3076 N
1604 3038 1670 3077 ec
1713 3020 1924 3077 iustior
1967 3022 2264 3078 excusatio
2306 3019 2520 3090 fuerit,
2569 3040 2720 3097 quae
2765 3022 3091 3079 obtenditur

609 3125 683 3181 ab
714 3124 981 3200 exemplo
1014 3128 1283 3182 veterum
1328 3122 1676 3194 mulierum3
1723 3142 1900 3201 quam
1929 3124 1980 3181 si
2026 3128 2262 3200 partum
2306 3123 2564 3197 virginis
2607 3126 2860 3199 prodere
2901 3146 3088 3202 super-

608 3228 848 3287 sedisset
868 3248 913 3285 s.
934 3228 1121 3285 Lucas
1149 3246 1215 3285 eo
1245 3228 1506 3300 obtentu,
1533 3228 1676 3305 quia
1705 3231 1828 3285 eius
1859 3228 1948 3285 rei
1978 3227 2248 3302 exempla
2275 3227 2442 3285 nulla
2465 3227 2594 3284 Lex
2623 3234 2730 3286 aut
2754 3230 3086 3306 Prophetae,

608 3350 716 3391 nec
745 3336 935 3390 totum
966 3337 1253 3409 quantum
1282 3336 1560 3401 exstaret,
1592 3350 1892 3389 sacrarum
1923 3330 2367 3406 Scripturarum
2395 3333 2704 3390 haberent.

817 3435 1048 3493 Ultima
1077 3436 1313 3495 tandem
1344 3440 1527 3493 restat
1556 3437 1805 3506 quaestio
1839 3438 1904 3489 de
1947 3438 2158 3491 nomine
2197 3436 2432 3491 Gainani
2471 3439 2726 3507 iunioris,
2775 3441 2924 3509 quod
2963 3440 3088 3493 inter

612 3540 915 3595 Abrahami
944 3542 1197 3595 Maiores
1238 3539 1635 3609 Avphaaeadum
1683 3546 1734 3595 et
1783 3539 1965 3595 Salem
2001 3540 2226 3611 infixum
2270 3541 2516 3595 exhibent
2562 3542 2784 3597 codice-s
2829 3545 2884 3599 d.
2917 3545 3088 3597 Lucae

610 3647 663 3714 3,
696 3647 794 3700 35.
815 3664 837 3712 ;
881 3662 1014 3701 cum
1046 3648 1240 3700 tamen
1270 3643 1395 3700 eius
1424 3643 1491 3700 in
1520 3642 1803 3721 Geneseos
1848 3647 1952 3701 aut
1993 3643 2484 3719 Paralipomenon
2523 3644 2696 3701 libris
2715 3690 2730 3715 ,
2783 3652 2906 3704 tam
2935 3647 3088 3704 iuxta

610 3746 865 3804 'sextum
888 3746 1255 3821 originalem,
1274 3766 1451 3825 quam
1474 3747 1650 3804 iuxta
1665 3746 1998 3821 Vulgatam,
2018 3766 2127 3805 nec
2139 3748 2276 3805 vola
2291 3766 2397 3805 nec
2409 3748 2733 3822 vestigium
2751 3752 3086 3825 reperiatur.

608 3852 865 3909 Exercet
892 3852 1037 3909 haec
1056 3853 1317 3928 quaestio
1346 3851 1519 3908 hodie
1550 3870 1798 3929 quoque,
1833 3856 1902 3909 ut
1929 3852 2131 3909 videre
2155 3858 2244 3910 est
2263 3872 2339 3909 ex
2369 3854 2792 3911 recentissimis
2815 3873 3088 3912 commen-

610 3956 780 4015 tariis
808 3956 911 4033 qui
942 3955 1151 4033 cuique
1180 3956 1254 4012 ad
1284 3974 1525 4012 manum
1552 3960 1710 4025 sunt,
1745 3955 2021 4013 eruditos.
2074 3956 2314 4013 Arduus
2343 3974 2501 4027 sane,
2528 3960 2706 4033 atque
2737 3958 3088 4035 quorundam

608 4060 827 4119 iudicio
872 4059 1043 4135 plane
1074 4058 1511 4135 inexplicabilis
1552 4060 1756 4116 nodus.
1817 4058 2148 4117 Solutiones
2193 4061 2588 4135 interpretum
2617 4061 2692 4117 ad
2721 4062 2874 4119 duas
2901 4062 3086 4119 alasse

610 4165 875 4226 revocari
906 4168 1163 4239 possunt.
1240 4162 1493 4225 Quidam
1540 4180 1589 4218 α.
1622 4168 1837 4239 putant
1879 4163 2039 4221 hunc
2068 4163 2294 4221 Cainan
2337 4164 2576 4221 omnino
2621 4165 3088 4223 interficiendum

611 4287 747 4341 esse,
781 4269 949 4346 eique
980 4286 1159 4345 aeque
1188 4286 1256 4325 ac
1286 4266 1419 4325 aliis
1448 4268 1666 4325 dandos
1695 4286 1815 4325 esse
1845 4284 2026 4325 annos
2067 4268 2333 4341 triginta,
2367 4274 2684 4346 antequam
2713 4272 2928 4343 genuit
2955 4269 3088 4328 Sale.

610 4376 670 4428 et
698 4376 1113 4449 consequenter
1141 4373 1247 4430 hos
1286 4372 1535 4445 triginta
1579 4390 1763 4429 annos
1809 4372 2108 4447 computui
2141 4372 2548 4445 chronologico
2575 4392 2696 4431 esse
2726 4374 3088 4432 adficiendus.

611 4473 757 4531 Cum
802 4472 854 4545 β.
899 4476 1163 4533 omnium
1214 4476 1568 4534 confessione
1586 4520 1599 4546 ,
1657 4482 1718 4533 et
1762 4476 2084 4535 universali
2131 4476 2407 4534 Codicum
2462 4476 2838 4535 consensione
2883 4485 3090 4535 constet

610 4572 835 4635 Cainan
878 4578 945 4635 in
991 4584 1159 4637 textu
1202 4580 1478 4653 originali
1522 4581 1714 4637 deesse
1733 4626 1747 4653 ,
1797 4580 2102 4641 affirmant
2130 4580 2268 4651 alii,
2317 4582 2478 4639 inter
2512 4582 2734 4639 Lucam
2765 4588 2828 4638 et
2859 4582 3092 4657 Moysen
