3267 5259
951 430 1094 480 Ortus.
1123 431 1318 473 infantia
1345 434 1394 475 et
1424 432 1629 475 iuventus
1660 432 1835 475 Christi.
2604 424 2649 490 5

173 606 522 669 admirantis
583 617 658 669 et
713 607 1034 692 cupientis
1093 605 1360 671 modum
1421 608 1608 689 scire,
1672 608 2001 693 quomodo
2062 609 2177 673 fiet
2232 610 2426 693 istud,
2488 634 2646 697 quo·

173 719 323 783 niam
375 718 586 783 virum
645 742 786 784 non
846 741 1174 804 cognosco
1205 722 1260 801 ¹3
1335 720 1374 783 i.
1425 741 1480 783 e.
1545 721 1657 805 qui
1718 719 1861 785 fieri
1920 723 2145 807 possit,
2204 731 2277 787 ut
2336 746 2480 809 ego,
2542 726 2647 789 cui

173 854 302 895 cum
342 832 490 895 viris
549 830 712 895 nihil
758 833 840 896 sit
885 832 1292 914 commercii,
1339 830 1541 895 filium
1587 833 1890 918 pariam?
1956 834 2295 920 respondit
2353 837 2643 921 angelus,

176 966 318 1029 opus
371 942 526 1009 illud
583 947 656 1009 in
719 967 792 1009 se
855 944 1166 1031 Spiritum
1227 954 1524 1009 sanctum
1577 956 1975 1030 sumturum,
2041 950 2149 1033 qui
2208 951 2501 1033 potentia
2562 972 2645 1013 ex

173 1054 282 1119 alto
326 1078 464 1121 eam
519 1056 924 1121 foecundam
981 1058 1180 1121 faciet
1207 1059 1250 1140 ²,
1313 1056 1490 1143 quod
1551 1080 1636 1121 ex
1682 1067 1747 1122 te
1792 1068 2179 1143 generatum
2224 1060 2420 1125 fuerit
2462 1085 2645 1127 sanc-

177 1182 308 1249 tum,
333 1173 356 1212 ³
399 1170 664 1235 omnino
717 1173 839 1235 erit
881 1170 1049 1235 filius
1093 1169 1223 1234 Dei
1248 1174 1292 1235 ⁴.
1360 1169 1678 1255 Angelus,
1736 1173 1847 1257 qui
1890 1181 2027 1235 tam
2069 1171 2434 1237 luculenter
2477 1174 2645 1239 solli-

177 1284 316 1345 citae
352 1284 582 1367 virgini
621 1284 948 1369 exposuit,
996 1282 1324 1369 quomodo
1374 1285 1757 1368 conciperet
1802 1293 1866 1348 et
1909 1294 2173 1369 pareret
2214 1284 2437 1371 filium,
2487 1290 2643 1374 quin

178 1397 408 1459 castitas
458 1397 666 1481 ipsius
729 1395 836 1461 vel
888 1397 1224 1460 minimum
1281 1394 1598 1479 laedatur,
1670 1406 1741 1460 ut
1783 1418 1922 1461 rem
1980 1408 2117 1462 tam
2182 1400 2414 1463 miram
2480 1410 2642 1463 tam·

179 1528 286 1591 que
341 1530 578 1573 novam
649 1507 958 1595 exemplo
1028 1508 1461 1591 confirmaret,
1538 1510 1857 1573 narravit:
1930 1508 2379 1575 Elisabetham
2440 1513 2643 1597 ipsius

178 1630 527 1703 cognatam,
607 1643 812 1707 quam
887 1620 1170 1687 sterilem
1237 1630 1427 1685 norat
1498 1620 1975 1707 gignendisque
2038 1621 2257 1687 liberis
2330 1625 2641 1710 ineptam,

175 1732 481 1815 gravidam
540 1756 690 1798 esse
744 1736 875 1797 iam
937 1733 1082 1820 plus
1143 1735 1429 1819 quinque
1488 1754 1781 1815 menses3
1842 1733 2001 1799 nihil
2046 1736 2307 1800 omnino
2350 1738 2641 1822 reperiri,

179 1845 330 1929 quod
383 1846 520 1911 fieri
566 1869 608 1911 a
653 1846 807 1912 Deo
873 1856 1178 1933 nequeat.
1267 1845 1376 1911 Ad
1443 1868 1614 1931 quae
1660 1845 1871 1910 Maria
1915 1845 2129 1931 angeli
2192 1850 2643 1913 annunciantis

179 1957 340 2023 dietis
395 1958 710 2043 credens,
777 1982 848 2024 se
909 1959 1211 2024 ancillam
1276 1958 1546 2024 Domini
1617 1958 1921 2045 professa
1946 1963 1989 2041 ⁵,
2058 1958 2315 2042 ,Christi
2377 1984 2641 2026 carnem

178 2069 286 2133 fide
361 2074 684 2158 concepit‘
715 2076 757 2135 ⁶.
847 2072 994 2152 Quo
1073 2072 1250 2137 facto
1333 2081 1400 2137 et
1465 2069 1741 2155 angelus
1810 2074 2105 2155 evanuit,
2182 2081 2249 2136 et
2312 2073 2647 2138 ineffabile.

179 2182 803 2251 incarnationis
861 2186 1354 2270 mysterium
1421 2192 1767 2269 peractum
1836 2194 1951 2247 est.
2042 2183 2231 2249 Tunc
2292 2208 2411 2251 sua
2474 2186 2643 2287 fides

180 2298 328 2359 stetit
379 2296 588 2363 Isaiae
654 2298 957 2363 oraculo:
1041 2319 1200 2362 ecce
1259 2296 1464 2381 Virgo
1529 2297 1858 2381 concipiet
1916 2305 1983 2361 et
2040 2299 2253 2382 pariet
2312 2296 2515 2363 filium
2576 2308 2642 2363 et

179 2408 490 2474 vocabitur
533 2433 784 2476 nomen
830 2412 966 2476 eius
1011 2408 1402 2474 Emmanuel
1431 2413 1471 2473 ⁷.

359 2522 560 2587 Maria
625 2524 779 2587 Deo
849 2524 986 2587 feta
1038 2521 1406 2587 Nazaretho
1477 2522 1779 2608 profecta
1846 2531 1945 2585 est
2002 2519 2383 2586 Hebronem
2410 2526 2453 2607 ⁸,
2511 2545 2639 2609 quo

182 2630 590 2700 Elisabetham
647 2638 958 2700 inviseret
1001 2634 1362 2719 gravidam,
1424 2643 1621 2718 prout
1666 2634 1749 2697 ab
1800 2632 2031 2718 angelo
2080 2644 2448 2719 acceperat.
2537 2634 2639 2703 Eo

183 2767 306 2807 cum
366 2750 776 2833 pervenisset
840 2746 1200 2811 Zachariae
1269 2744 1532 2811 domum
1599 2748 1914 2832 ingressa,
1984 2755 2332 2831 cognatam
2408 2747 2641 2812 officiis

183 2870 496 2940 prosecuta
542 2872 672 2945 est3
733 2882 890 2925 ecce
945 2882 1104 2925 vero
1152 2857 1236 2923 ad
1281 2860 1558 2945 primam
1603 2881 1819 2924 novae
1876 2858 2144 2944 hospitis
2190 2858 2642 2924 salutationem

183 2970 236 3031 in
291 2970 698 3038 Elisabethae
765 2983 952 3038 utero
1021 2972 1270 3051 foetus,
1337 2969 1592 3036 insolito
1664 2993 1929 3057 prorsus
1996 2980 2178 3036 motu
2246 2974 2644 3037 commoveri

183 3216 447 3283 imperium,
481 3222 644 3286 quale
669 3220 898 3271 Davidis
929 3220 1054 3282 fuit,
1087 3218 1182 3268 sed
1217 3218 1456 3267 divinum
1493 3224 1548 3268 et
1571 3218 1849 3283 spirituale
1872 3218 2069 3269 Joann.
2098 3220 2180 3280 18,
2207 3220 2289 3268 36.
2316 3218 2633 3269 Ecclesia

187 3318 320 3366 quam
347 3306 446 3357 sibi
479 3308 724 3359 Christus
757 3309 1140 3357 constituturus
1175 3312 1305 3367 erat,
1339 3305 1747 3370 intelligendum
1782 3310 1887 3369 est3
1931 3306 2060 3371 quia
2094 3304 2299 3355 nullum
2340 3305 2643 3356 habiturum

187 3387 318 3441 finem
342 3394 670 3446 describitur.

369 3480 402 3545 ι)
445 3482 574 3533 Luc.
614 3486 661 3544 1,
697 3482 780 3531 34.
841 3480 1178 3546 Cognoscere
1223 3496 1331 3529 non
1377 3493 1610 3544 possum,
1656 3482 1841 3544 utpote
1878 3477 2136 3543 impedita
2190 3482 2317 3529 voto
2365 3480 2641 3529 castitatis.

187 3563 490 3631 „virginitati
541 3569 812 3631 inhaeret,
867 3574 922 3618 et
971 3569 1330 3633 integritatem
1385 3566 1661 3631 angelicae
1718 3565 2157 3615 demonstrationi
2212 3566 2641 3631 anteponendam

191 3650 372 3703 iudicat.
417 3655 685 3718 Interdixi,
723 3657 910 3721 inquit,
947 3656 1074 3705 mihi
1122 3654 1560 3704 consuetudinem
1596 3653 1749 3703 viri.“
1822 3651 1875 3702 S.
1904 3652 2193 3717 Gregorius
2228 3652 2405 3717 Nysa„
2444 3653 2476 3702 1.
2514 3668 2555 3703 s.
2596 3668 2641 3705 c.

191 3733 253 3785 Cf.
277 3738 396 3789 Hist.
433 3742 491 3791 R.
527 3744 597 3793 D.
635 3744 700 3792 V.
739 3743 799 3792 T.
837 3759 888 3807 p.
927 3744 1042 3793 500.
1081 3758 1153 3791 n.—
1173 3743 1220 3790 5.
1283 3741 1354 3789 Et
1389 3744 1532 3789 certe
1567 3739 1773 3801 mulier,
1812 3753 1951 3805 quae
1987 3740 2138 3803 virgo
2177 3738 2391 3804 quidem
2424 3742 2511 3802 sit,
2548 3740 2645 3790 sed

192 3826 448 3877 servandae
481 3831 802 3895 virginitatis
839 3830 1168 3895 propositum
1203 3844 1311 3877 non
1347 3827 1526 3887 habet,
1567 3828 1614 3875 si
1652 3826 1819 3875 verba
1854 3825 1964 3887 illa,
2001 3826 2331 3890 promittenti
2368 3826 2535 3876 filium
2578 3842 2642 3875 ex

194 3922 246 3957 ea
275 3916 594 3979 nasciturum,
632 3916 994 3982 responderet,
1019 3917 1200 3980 inepte
1237 3914 1554 3979 loqueretur.
1617 3910 1659 3977 2)
1696 3912 1801 3962 Alii
1838 3928 1885 3962 e.
1924 3928 1969 3961 c.
2006 3912 2057 3961 J.
2095 3913 2159 3961 E.
2201 3912 2477 3976 Gerhardi‚
2517 3911 2640 3961 diss.

197 3992 250 4042 ‹le
287 3998 673 4054 obumbratione
729 4004 941 4053 virtutis
985 4002 1242 4051 Altissimi
1295 4004 1352 4051 in
1397 4001 1554 4051 Thea
1601 3999 1674 4049 th.
1720 3998 1807 4064 ph.
1846 4000 1960 4049 sive
2002 3998 2219 4064 Sylloge
2262 3999 2403 4047 Diss.
2444 3998 2513 4047 ad
2548 3998 2643 4047 sel.

197 4076 309 4132 Novi
349 4088 666 4141 Testamenti
699 4090 836 4139 loca.
892 4089 1109 4140 Amstel.
1149 4090 1298 4139 1702.
1337 4104 1386 4153 p.
1427 4088 1545 4137 302.
1579 4101 1641 4145 s..
1678 4087 1842 4137 totius
1879 4101 1921 4135 s.
1960 4086 2235 4135 Trinitatis
2281 4086 2643 4149 operationem

196 4180 236 4217 v.
257 4172 314 4219 35
333 4174 656 4241 indigitatum
682 4183 1011 4238 autumnant,
1050 4181 1104 4225 et
1129 4175 1340 4241 quidem
1365 4190 1460 4239 per
1487 4174 1765 4235 Virtutem,
1790 4172 1972 4235 filium,
1998 4188 2095 4237 per
2117 4171 2445 4221 Altissimum
2470 4171 2643 4219 Deum

199 4252 376 4308 Patrem
417 4262 732 4329 intelligunt.
796 4263 835 4329 3)
884 4262 1314 4327 Circumscriptio
1370 4260 1481 4323 filii,
1537 4259 1683 4325 quod
1734 4275 1843 4309 non
1894 4258 2129 4323 perfecte
2174 4260 2381 4307 tantum
2425 4262 2643 4307 sanctus

201 4350 316 4393 esset
336 4353 384 4397 et
403 4350 724 4416 inculpatus,
755 4350 848 4399 sed
880 4352 998 4415 ipsa
1027 4350 1284 4399 sanctitas
1317 4347 1452 4398 Coll.
1479 4348 1645 4397 Hebr.
1674 4348 1729 4409 7,
1762 4346 1983 4397 26—28.
2034 4343 2074 4410 ⁴)
2115 4344 2247 4394 Cum
2278 4342 2518 4409 emphasi
2542 4336 2642 4402 ὑιδς

203 4422 317 4478 Θεοῦ.
362 4432 398 4499 ⁵)
432 4434 556 4487 Sese
592 4442 852 4502 promtam
881 4442 1042 4501 atque
1073 4441 1316 4501 paratam
1346 4433 1542 4484 obtulit
1577 4433 1792 4482 divinae
1822 4431 2103 4481 voluntati.
2155 4430 2195 4497 θ)
2234 4429 2286 4481 S.
2312 4432 2641 4496 Augustinus

201 4521 356 4567 contra
385 4521 636 4573 Faustum
671 4523 863 4583 XXIX,
899 4524 949 4573 4.
989 4522 1070 4572 ed.
1109 4523 1238 4571 Ben.
1278 4521 1425 4583 vm,
1461 4522 1578 4569 444.
1644 4517 1684 4584 ⁷)
1722 4520 1847 4569 Isai.
1892 4520 1939 4580 7,
1980 4520 2058 4567 14.
2098 4533 2137 4567 s.
2178 4516 2258 4567 Of.
2296 4518 2435 4567 Hist.
2472 4518 2535 4568 B..
2572 4518 2641 4566 D.

203 4598 254 4649 V.
276 4602 328 4653 T.
359 4623 405 4671 p.
441 4610 550 4659 386.
580 4624 621 4659 s.
685 4608 726 4675 Β)
763 4609 826 4659 V.
865 4610 987 4660 Not.
1025 4624 1202 4674 geogr.
1240 4624 1291 4673 p.
1332 4607 1527 4657 Lxm.
1567 4622 1610 4655 s.
