3267 5259
562 462 689 525 278
1340 474 1405 515 De
1434 473 1626 515 tontibus
1655 473 1818 515 Hister.
1851 474 1902 514 D.
1923 474 1972 514 N.
1996 473 2038 514 J.
2059 474 2104 515 C.
2123 484 2274 513 comm.

560 650 768 716 polavit
804 648 1343 715 Christorphosonus,
1381 648 1646 714 vapulans
1693 649 1890 698 idcireo
1929 648 1996 698 Η.
2024 648 2239 699 Valesio
2285 650 2340 698 in
2377 650 2515 697 notis
2559 648 2628 697 ad
2665 648 2958 698 Eusebium
2991 665 3035 713 p.

560 740 643 787 93.
680 739 728 785 4.
776 740 829 785 et
873 724 1207 786 Heinicheno
1252 736 1295 796 Ι,
1332 736 1415 785 53.
1452 752 1503 785 ιι.
1539 738 1588 786 3.
1649 736 1897 786 Veterem
1934 735 2188 795 codicem,
2243 736 2298 783 in
2355 751 2459 801 quo
2517 735 2790 799 legeretur
2841 732 3036 796 „tofi-ton

562 820 804 883 ’e'xssoow‘g
858 840 916 873 se
952 822 1151 872 vidisse
1196 822 1359 871 refert
1413 821 1676 883 Grotius,'
1704 822 1739 871 l.
1777 838 1819 871 s.
1856 838 1899 871 c.
1961 822 2158 871 Verum
2213 823 2472 871 incertum
2520 836 2590 870 an
2640 821 2838 883 codex,
2893 837 3034 887 quem

562 912 776 962 Grotius
824 914 1014 960 testem
1060 908 1312 973 adpellat,
1360 923 1400 957 s.
1437 908 1648 957 Irenaei
1703 923 1868 973 opera
1922 908 2246 957 continuerit
2299 923 2368 957 an
2423 908 2683 957 Eusebii?
2737 924 2838 957 nec
2892 908 3037 957 facile

558 998 893 1065 intellig-itur,
947 998 1037 1063 qui
1085 996 1285 1045 factum
1330 997 1427 1056 sit,
1474 1000 1535 1045 ut
1570 994 1657 1044 hic
1694 995 1862 1045 codex
1907 994 2094 1043 horum
2141 994 2492 1044 eruditissime
2539 994 2774 1044 editores
2815 994 3034 1043 latuerit.

558 1085 716 1135 Unde
755 1084 1037 1135 admodum
1074 1097 1201 1131 vero
1238 1080 1410 1131 simile
1446 1081 1507 1131 fit
1540 1082 1595 1131 id
1641 1080 1884 1131 hausisse
1923 1080 2164 1131 Grotium
2203 1096 2232 1130 e
2271 1080 2802 1146 Christorphorsono.
2864 1080 3034 1145 Neque

562 1170 801 1221 Catenae
833 1198 885 1207 -
918 1184 1077 1234 quam
1125 1168 1384 1218 Possinus
1433 1168 1577 1217 circa
1621 1167 1852 1217 medium
1899 1168 2100 1217 saeculi
2144 1166 2208 1217 V.
2256 1169 2613 1232 conscriptam
2659 1166 2778 1216 vult
2811 1195 2876 1202 -—
2901 1172 3034 1215 tanta

561 1261 644 1307 est
695 1259 802 1319 vis,
860 1262 920 1306 ut
964 1255 1239 1321 vulgatam
1291 1254 1515 1305 Eusebii
1568 1254 1880 1315 lectionem,
1937 1268 2096 1320 quam
2151 1255 2384 1303 omnium
2439 1253 2682 1302 codicum
2739 1268 3032 1313 consensus,

558 1344 738 1393 Rufini
786 1359 997 1409 quoque
1045 1347 1100 1392 et
1144 1341 1337 1391 veteris
1384 1358 1423 1391 s.
1450 1341 1661 1389 Irenaei
1709 1342 2014 1405 interpretis
2059 1340 2210 1389 latini
2257 1339 2548 1389 auctoritas
2586 1344 2792 1401 tuetur,
2841 1340 3032 1389 elevare

560 1435 738 1495 queat.
812 1429 1015 1479 Nomen
1056 1427 1191 1477 adeo
1228 1432 1479 1477 vexatum
1517 1422 1752 1487 ,,ἔξοδος“
1791 1426 1934 1490 apud
1971 1444 2013 1477 s.
2039 1426 2319 1476 Irenaeum
2354 1442 2463 1493 pro
2507 1427 2652 1475 vitae
2697 1425 2806 1475 fine
2855 1428 3032 1491 accipi·

560 1516 752 1565 endam
798 1516 965 1565 multa
1000 1520 1314 1581 argumenta
1360 1514 1610 1575 suadent,
1657 1514 1714 1562 ni
1763 1515 1996 1578 exigunt.
2059 1512 2216 1563 Certe
2253 1529 2300 1563 a.
2339 1508 2501 1571 ἔξοδος
2549 1529 2646 1578 pro
2691 1520 2864 1563 morte
2900 1530 3031 1563 usur-

560 1608 719 1668 patur
755 1618 788 1652 a
822 1603 991 1652 sacris
1028 1616 1201 1667 aeque
1238 1616 1303 1651 ac
1340 1616 1373 1650 a
1410 1601 1650 1666 profanis
1687 1600 2052 1666 scriptoribus
2101 1600 2166 1649 E.
2199 1616 2248 1664 g.
2281 1598 2405 1664 Sap.
2433 1602 2482 1661 3,
2507 1602 2556 1649 2.
2597 1602 2644 1661 7,
2671 1601 2719 1649 6.
2749 1600 2832 1649 ed.
2858 1600 2926 1649 H.
2959 1600 3031 1648 Fr.

559 1688 788 1739 Reusch.
816 1688 959 1737 Fris.
989 1690 1138 1738 1858.
1165 1704 1216 1753 p.
1245 1690 1326 1736 10.
1353 1689 1436 1736 20.
1484 1688 1617 1736 Luc.
1646 1688 1694 1748 9,
1721 1688 1804 1737 31.
1853 1686 1924 1748 ΙΙ,
1951 1687 2093 1737 Petr.
2131 1690 2178 1747 1,
2219 1688 2326 1749 15.;
2366 1688 2516 1752 queis
2550 1688 2606 1735 in
2644 1685 2778 1736 locis
2818 1682 3032 1748 ,,ἔξοδος“

562 1778 877 1841 interpretes
916 1780 1121 1825 tantum
1156 1790 1265 1823 non
1302 1790 1485 1824 omnes
1523 1773 1597 1823 de
1634 1778 1840 1824 morte
1877 1778 2022 1823 recte
2055 1773 2372 1839 intelligunt.
2415 1772 2704 1838 Josephus,
2742 1774 2922 1839 Antiq.
2955 1774 3031 1822 [V.

560 1864 610 1923 8,
636 1866 684 1911 2.
719 1880 770 1927 p.
798 1863 914 1911 227.
949 1860 1107 1926 plene
1134 1860 1262 1909 dicit
1287 1856 1393 1919 „Evt‘
1422 1856 1589 1918 ἔξοδου
1614 1860 1700 1908 τοῦ
1725 1859 1877 1923 ζῆν“;
1915 1865 1975 1910 ut
1997 1860 2298 1909 Antoninus
2337 1859 2470 1919 ,,τῶν
2507 1856 2574 1917 εἰς
2611 1855 2837 1919 ἑαυτόν“,
2875 1860 2934 1918 V,
2961 1862 3030 1907 29.

562 1944 765 2009 ,,ἒ’ξιέναι
788 1948 873 1997 τοῦ
898 1948 1039 2010 ζῆν.“
1090 1948 1208 1996 Hoc
1246 1962 1406 1997 sensu
1432 1947 1589 1996 etiam
1618 1946 1851 1995 Hebraei
1883 1946 2046 1996 verbo
2087 1954 2174 2016 &32
2209 1948 2409 2012 passim
2439 1950 2677 1995 utuntur.
2725 1947 2792 1995 V.
2819 1946 3031 2005 Gesenii,

560 2044 891 2093 Thesaurum
910 2043 972 2091 L.
994 2042 1063 2091 H.
1084 2059 1124 2091 s.
1144 2041 1195 2090 h.
1216 2058 1266 2091 v.
1288 2042 1404 2091 616.
1426 2060 1467 2091 ε.
1492 2042 1645 2091 Adde
1665 2042 1958 2103 Philonem,
1986 2041 2052 2090 de
2072 2042 2220 2091 carit.
2247 2058 2297 2107 p.
2325 2041 2443 2091 701.
2471 2040 2592 2090 Hac
2619 2040 2808 2091 eadem
2833 2042 3030 2091 notione

562 2130 699 2179 idem
736 2127 1060 2197 vocabulum
1097 2133 1314 2177 sumunt
1360 2126 1411 2176 S.
1450 2126 1503 2177 S.
1529 2128 1589 2178 Ρ.
1616 2128 1676 2177 Ρ.
1713 2134 1766 2177 et
1802 2126 1991 2193 Script.
2025 2127 2182 2177 eccl.:
2231 2128 2476 2177 Clemens
2511 2127 2622 2189 AL,
2661 2126 2909 2177 Str-emat.
2947 2128 3030 2184 111,

560 2218 609 2265 9.
648 2232 698 2280 p.
736 2216 853 2265 541.
905 2214 957 2263 S.
987 2214 1220 2279 Cyrillus
1256 2214 1559 2275 Alexandr„
1598 2214 1656 2263 in
1691 2214 1814 2263 lsai.
1854 2217 1902 2275 8,
1940 2218 1987 2263 2.
2024 2214 2125 2275 ΙΠ,
2151 2216 2269 2263 219.
2319 2212 2372 2263 S.
2401 2213 2691 2279 Gregorius
2727 2214 2878 2272 Nax„
2914 2220 3028 2263 orat.

559 2305 615 2352 in
653 2302 705 2351 S.
740 2302 896 2367 Bapt.
932 2300 1045 2363 XL,
1084 2304 1164 2350 12.
1210 2302 1281 2363 ΙΙ,
1318 2304 1433 2351 373.
1497 2300 1961 2366 Theophylactus,
2000 2302 2057 2349 in
2093 2302 2222 2349 Luc.
2259 2317 2446 2350 comm.
2482 2318 2533 2363 p.
2570 2302 2689 2350 370.
2751 2302 2836 2350 lta
2869 2302 3030 2349 Latini

562 2404 775 2453 quoque
801 2403 960 2438 voccs
998 2390 1185 2449 exitus,
1225 2403 1489 2449 excessus,
1528 2389 1688 2449 exire,
1717 2370 1987 2437 adhibent.
2025 2388 2087 2436 L.
2113 2387 2518 2449 Tertullianum,
2553 2387 2617 2436 de
2645 2403 2837 2437 resurr.
2875 2388 3031 2435 carnis

564 2492 608 2523 c.
648 2477 729 2524 43.
777 2475 869 2537 IV,
911 2476 1025 2524 142.
1087 2475 1453 2535 Lactantium,
1502 2474 1567 2523 de
1606 2474 1864 2523 mortibus
1902 2478 2300 2537 persecutorum
2337 2490 2382 2523 c.
2422 2476 2505 2523 50.
2543 2474 2624 2523 ed.
2660 2474 2868 2525 Baluzii
2903 2474 3028 2522 Trai.

564 2560 633 2611 ad
670 2561 767 2609 Rh.
797 2562 946 2611 1693.
974 2578 1023 2626 p.
1053 2562 1168 2609 299.
1218 2560 1374 2611 Juste
1409 2562 1568 2625 igitur
1605 2566 1660 2609 et
1693 2577 1755 2609 ex
1793 2576 1892 2610 usu
1931 2562 2182 2610 Veterum
2220 2575 2287 2609 ea
2321 2576 2456 2609 voce
2493 2577 2588 2625 per
2638 2561 3030 2626 euphemismum

564 2664 702 2697 mors
739 2647 1067 2712 intelligitur.
1130 2646 1235 2695 Hic
1274 2648 1411 2696 euim
1458 2648 1605 2695 vocis
1653 2647 1982 2713 significatus
2019 2646 2070 2696 b.
2109 2663 2215 2697 non
2253 2647 2424 2697 solum
2473 2648 2744 2697 contextui
2793 2648 3028 2697 sermonis

565 2740 619 2782 et
672 2735 1083 2784 circumstantiis
1135 2734 1208 2783 ibi
1266 2734 1436 2783 obviis
1486 2735 1728 2799 apprime
1783 2735 2130 2800 respondent3
2188 2734 2282 2783 sed
2329 2739 2382 2784 et
2430 2750 2475 2783 c.
2525 2736 2742 2799 syntaxi
2789 2734 3027 2798 congruit.

562 2820 699 2869 Tum
747 2822 875 2885 quia
911 2836 1065 2869 secus
1104 2820 1373 2869 videretur
1418 2837 1458 2869 s.
1484 2818 1741 2869 Irenaeus
1786 2820 1919 2869 illud
1965 2822 2223 2886 posuisse,
2261 2820 2549 2886 Apostolos
2595 2820 2762 2869 semel
2807 2836 2870 2869 ex
2912 2819 3028 2867 urbe

564 2906 849 2970 profectos,
888 2922 1175 2971 numquam
1202 2908 1256 2955 in
1282 2906 1420 2955 hanc
1454 2922 1571 2955 esse
1609 2922 1905 2971 regressos3
1944 2912 2054 2956 tum
2091 2909 2219 2972 quia
2257 2902 2419 2965 ’ἔξοδος
2457 2905 2769 2971 simpliciter
2806 2906 3028 2971 usurpari

564 3008 671 3041 non
726 2997 937 3057 poterat
992 3010 1119 3057 „pro
1176 2988 1336 3051 ἔξοδον
1392 2989 1442 3041 ἐκ
1487 2990 1735 3059 mesum!
1811 2994 1894 3041 Ita
1943 2994 2100 3042 etiam
2147 3008 2188 3042 s.
2226 2993 2483 3043 Irenaeus
2527 3009 2638 3042 non
2683 2993 3032 3042 adversabitur

564 3080 797 3143 antiquis
822 3094 862 3127 s.
890 3079 948 3126 P.
976 3084 1029 3127 et
1054 3078 1106 3126 S.
1134 3094 1177 3127 e.
1208 3078 1465 3127 Clementi
1492 3077 1869 3141 Alexandrino,
1909 3080 2050 3145 apud
2076 3080 2275 3129 Euseb.
2303 3080 2370 3128 11.
2397 3080 2462 3128 E.
2487 3079 2556 3141 Π,
2583 3096 2636 3144 p.
2663 3082 2746 3129 53.
2773 3080 2860 3138 vl,
2889 3080 2959 3126 14.
2983 3094 3028 3141 p.

564 3167 681 3214 216.
732 3163 1081 3224 Tertulliano,
1120 3163 1239 3212 adv.
1266 3164 1521 3213 Marcion.
1549 3164 1640 3225 IV,
1671 3166 1751 3213 15.
1779 3182 1829 3229 p.
1861 3167 1974 3214 157.
2003 3169 2049 3214 2.
2096 3166 2330 3230 Origcni,
2358 3181 2444 3231 ap.
2471 3166 2602 3215 Eus.
2630 3166 2720 3226 vl,
2749 3169 2826 3214 25.
2852 3182 2898 3229 p.
2924 3164 3025 3211 22²⁶.

562 3250 814 3311 EusebiO,
850 3250 921 3311 ΙΙ,
962 3251 1040 3299 16.
1068 3267 1118 3314 p.
1146 3252 1229 3298 53.
1280 3248 1333 3298 S.
1358 3250 1681 3315 Epiphanio,
1719 3250 1862 3300 haer.
1903 3251 1992 3299 LI.
2020 3254 2086 3313 6.,
2113 3269 2163 3316 p.
2191 3254 2308 3301 428.
2361 3250 2412 3300 S.
2441 3252 2787 3317 Hieronymo,
2823 3261 2916 3300 cat.
2941 3252 3026 3296 vir.

563 3337 637 3387 ill.
667 3354 716 3386 u.
743 3352 783 3386 s.
812 3343 865 3385 et
888 3350 1016 3401 prae
1055 3338 1244 3385 ceteris
1283 3336 1498 3401 Papiae,
1538 3352 1622 3401 ap.
1659 3337 1788 3386 Eus.
1823 3338 1922 3399 ΙΙΙ,
1951 3340 2032 3387 39.
2059 3355 2110 3402 p.
2142 3340 2256 3386 112.
2285 3366 2349 3374 -
2377 3337 2444 3386 ad
2480 3354 2529 3403 q.
2567 3354 2614 3387 v.
2646 3338 2708 3386 G.
2740 3338 2834 3387 Ed.
2863 3336 3026 3389 Steitz,

562 3425 617 3471 in
644 3424 883 3485 Herzogs
921 3422 981 3470 R.
1010 3422 1073 3471 Ε.
1100 3422 1191 3483 XI,
1218 3422 1301 3470 80.
1353 3420 1556 3484 Giider,
1596 3422 1666 3471 ib.
1692 3423 1785 3483 IX,
1813 3424 1894 3471 45.
1923 3452 1987 3459 —
2015 3424 2105 3487 qui
2142 3438 2182 3471 s.
2211 3423 2448 3473 Marcum
2487 3425 2609 3473 vivo
2649 3425 2827 3485 Petro,
2874 3438 3025 3487 eoque

564 3508 825 3574 probante
862 3508 1214 3571 Evangelium
1252 3522 1405 3556 suum
1444 3508 1663 3557 tradunt
1699 3510 1991 3573 scripsisse.
2053 3508 2188 3558 Vide
2215 3514 2448 3559 ceterum
2473 3510 2524 3559 J.
2553 3510 2613 3559 C.
2643 3508 2860 3571 Suiceri,
2883 3508 3026 3557 Thes.

566 3593 695 3643 eccl.
732 3610 777 3643 e.
812 3596 871 3643 P.
906 3594 965 3643 P.
1004 3610 1078 3657 gr.
1116 3594 1198 3643 ed.
1234 3594 1304 3642 11.
1338 3592 1503 3643 Amst.
1543 3596 1692 3643 1728.
1733 3594 1774 3655 Ι,
1819 3596 1966 3643 1142.
2019 3594 2280 3660 Pogginii,
2321 3595 2387 3644 de
2425 3596 2476 3645 d.
2511 3596 2658 3645 Petri
2693 3598 2803 3645 itin.
2839 3613 2885 3661 p.
2922 3596 3022 3642 142.

566 3680 751 3729 Grabii
790 3686 842 3728 et
879 3680 1137 3729 Massucti
1174 3685 1282 3729 not.
1308 3681 1362 3729 in
1387 3679 1527 3729 Iren.
1554 3680 1638 3729 ed.
1666 3680 1872 3729 Stieren
1900 3680 1970 3743 11,
1996 3682 2114 3730 851.
2144 3698 2184 3731 s.
2237 3682 2459 3745 Pati-itii,
2499 3682 2566 3731 de
2603 3683 2810 3747 Evang.
2843 3682 2882 3731 I.
2915 3684 2957 3739 2,
2981 3682 3024 3726 2.

564 3784 615 3832 p.
642 3768 725 3815 36.
752 3784 792 3815 s.
842 3766 1052 3827 Aberle‚
1080 3768 1133 3814 in
1159 3766 1294 3815 Tiib.
1324 3766 1687 3827 Quart-,1858
1715 3783 1764 3831 p.
1791 3768 1910 3815 495.
1936 3784 1977 3817 s.
2006 3767 2075 3816 ib.
2106 3768 2253 3817 1864.
2281 3785 2331 3833 p.
2359 3771 2442 3817 32.
2469 3786 2510 3818 s.
2555 3769 2622 3818 D.
2651 3768 2714 3817 B.
2743 3768 3022 3827 Haneberg‚

564 3854 628 3901 E.
668 3852 731 3901 R.
768 3853 953 3901 Lebeu
998 3852 1129 3902 Jesu
1180 3850 1499 3901 beleuchtet.
1562 3852 1826 3917 Regcnsb.
1877 3854 2026 3903 1864.
2077 3871 2127 3918 p.
2165 3856 2248 3903 34.
2285 3870 2324 3903 s.
2361 3856 2445 3903 49.
2484 3872 2524 3904 s.
2583 3854 2644 3903 C.
2683 3851 3022 3909 Tischendorf,

566 3954 719 3988 wann
746 3938 965 3988 wurden
996 3954 1187 3987 unscre
1212 3938 1544 4003 Evangelien
1576 3939 1806 3989 verfasst
1829 3956 1880 4005 p.
1909 3940 1955 3989 7.
2005 3940 2337 4005 Digressioni
2369 3940 2494 3990 huic
2526 3940 2684 3991 finem
2715 3940 3022 4006 imponimus,

564 4025 665 4074 hoc
716 4024 931 4074 firmiter
976 4028 1218 4073 tenentes
1268 4041 1308 4075 s.
1348 4024 1627 4073 Irenaeum
1678 4026 1732 4073 in
1780 4025 1900 4073 loco
1951 4024 2170 4075 multum
2221 4032 2441 4075 vexato:
2493 4027 2547 4077 id
2597 4026 2769 4077 solum
2815 4023 3019 4073 voluisse

564 4111 818 4172 indicare,
858 4118 1045 4160 contra
1082 4110 1378 4159 haereticos
1412 4127 1545 4175 quos
1570 4110 1782 4172 refutat,
1822 4112 2036 4175 quinam
2077 4117 2254 4161 essent
2290 4112 2578 4179 scriptores
2615 4110 3020 4177 Evangeliorum,

566 4204 619 4245 et
655 4198 869 4262 quinam
908 4196 1208 4246 traditionis
1247 4196 1524 4247 Ecclesiae
1562 4198 1833 4245 Romanae
1877 4213 2081 4247 sensus.
