3267 5259
1163 412 1365 456 christus
1392 413 1640 455 eruemus.
2515 399 2638 466 145

154 584 263 650 sibi
310 583 614 650 oblatum
658 587 987 652 recusavit
1026 585 1257 652 bibere
1283 591 1320 650 ¹.
1402 587 1638 673 Itaque
1687 585 2014 652 Christum
2069 585 2360 651 vestibus
2403 586 2638 652 milites

156 709 491 772 exuerunt,
542 707 743 785 atque
788 697 1143 765 trabalibus
1192 699 1393 764 clavis
1440 699 1716 764 affixum
1777 699 1844 762 in
1899 721 2160 764 crucem
2223 698 2636 764 sustulerunt.

152 809 424 875 Additus
474 820 581 876 est
624 833 915 876 summae
964 813 1143 876 cruci
1190 810 1473 876 Titulus:
1520 835 1662 876 rex
1706 811 1750 876 J
1760 811 2216 876 udaeorum!
2267 809 2434 876 Cum
2478 810 2641 875 Jesu

154 925 335 986 etiam
383 921 520 988 duo
568 923 855 988 latrones
899 925 966 988 in
1014 946 1281 988 crucem
1328 923 1462 988 dati
1508 934 1677 1008 sunt,
1737 934 1810 988 ut
1853 922 2174 1010 supplicio
2221 923 2641 988 afficerentur

154 1047 435 1102 extremo
456 1037 507 1100 2.
554 1035 745 1100 Haec
779 1058 927 1100 cum
956 1035 1141 1119 fiunt,
1190 1035 1480 1102 Christus
1529 1036 1708 1123 quod
1739 1036 1964 1101 docuit
2006 1035 2166 1100 alios
2187 1037 2229 1118 ³,
2275 1059 2450 1100 nunc
2493 1037 2636 1122 ipso

152 1148 314 1212 facto
359 1157 679 1234 praestat.
745 1147 909 1214 Orat
968 1151 1141 1214 enim
1187 1172 1307 1236 pro
1352 1151 1459 1232 iis,
1515 1173 1554 1214 a
1610 1148 1840 1234 quibus
1887 1160 2072 1214 actus
2119 1157 2220 1213 est
2261 1150 2326 1213 in
2375 1171 2637 1213 crucem

150 1262 207 1322 in
236 1259 400 1324 haec
430 1258 676 1325 verba:
722 1261 944 1344 ‚Pater
989 1262 1237 1326 dimitte
1283 1261 1426 1344 illis,
1473 1284 1607 1326 non
1655 1263 1828 1327 enim
1873 1262 2086 1326 sciunt
2118 1243 2274 1348 quid
2305 1262 2635 1326 faciunt‘4.

152 1371 229 1435 Ut
258 1371 299 1436 J
302 1394 491 1436 esum
530 1374 709 1438 cruci
756 1373 1029 1438 affixum
1074 1373 1393 1458 viderent,
1440 1373 1623 1439 multi
1662 1374 2066 1440 Judaeorum
2098 1384 2540 1456 accurrerunt,
2575 1383 2640 1438 et

150 1487 303 1548 inter
346 1485 469 1550 hos
518 1487 851 1573 principes
896 1485 1345 1570 sacerdotum3
1395 1509 1436 1550 a
1483 1485 1718 1573 quibus
1764 1509 1914 1551 cum
1946 1485 2198 1551 Titulus
2229 1487 2358 1550 iam
2386 1488 2636 1572 positus

152 1619 335 1682 supra
384 1607 595 1684 caput
635 1598 984 1684 legeretur,
1032 1598 1377 1684 displicuit,
1426 1599 1604 1685 quod
1649 1601 1714 1663 in
1755 1621 1833 1664 eo
1867 1596 2058 1664 scribi
2090 1600 2361 1663 iusserat
2390 1597 2636 1662 Pilatus

156 1708 459 1774 hebraica
505 1733 755 1796 graeca
799 1720 865 1776 et
908 1734 1182 1776 romana
1224 1711 1448 1796 lingua
1491 1711 1708 1794 ‚Jesus
1751 1711 2132 1776 Nazarenus
2172 1711 2320 1775 Rex
2350 1710 2635 1776 Judaeo-

150 1825 319 1886 rum‘.
374 1821 607 1903 Quare
652 1823 1144 1910 Hierosolymas
1187 1826 1435 1888 reversi
1480 1823 1768 1888 Titulum
1797 1824 2034 1888 mutari
2063 1832 2297 1910 petunt
2326 1845 2366 1887 a
2395 1823 2634 1908 Pilat03

152 1945 213 1997 ut
252 1959 382 2000 non
432 1940 801 2002 communis
848 1939 1033 2022 quasi
1078 1937 1483 2002 ‚Iudaeorum
1526 1945 1876 2023 appareret
1907 1936 2246 2018 sententia,
2294 1935 2412 2000 sed
2444 1959 2632 2022 argu-

152 2137 416 2188 mendatur
445 2137 596 2204 apud
622 2139 879 2188 Thomam
915 2138 1301 2201 Bartholinum,
1341 2139 1407 2188 de
1445 2153 1619 2200 cruce,
1647 2138 1858 2204 hypom.
1885 2137 1955 2187 11.
1995 2137 2060 2187 de
2096 2139 2221 2188 vino
2258 2136 2544 2202 myrrham,
2579 2153 2632 2202 p.

156 2225 257 2272 143.
279 2241 341 2274 ex
360 2224 694 2275 medentium
719 2227 1035 2291 praeceptis,
1061 2227 1116 2275 in
1142 2225 1556 2275 lassitudinariis
1582 2225 1781 2275 morbis
1806 2227 1988 2274 vinum
2009 2239 2263 2274 acescens
2290 2223 2484 2273 debere
2511 2239 2634 2273 con-

154 2310 271 2358 cedi.
302 2311 529 2376 Myrrha
554 2317 732 2362 autem
760 2313 885 2363 olim
909 2314 1093 2362 vinum
1122 2313 1360 2363 condivit
1382 2313 1691 2379 antiquitas.
1725 2311 1893 2361 Fellis
1923 2327 2136 2378 quoque
2155 2311 2474 2361 mentionem
2510 2310 2638 2360 fecit

154 2413 190 2444 s.
212 2397 530 2449 Matthaeus.
588 2399 707 2449 Non
758 2398 1137 2450 crediderimus
1183 2405 1364 2449 tamen
1410 2415 1593 2449 verum
1643 2399 1743 2462 fel,
1799 2398 2012 2464 hepatis
2060 2396 2193 2447 illud
2243 2401 2634 2447 excrementum

154 2497 391 2548 amarum,
428 2487 489 2534 in
526 2486 749 2552 potione
783 2487 1116 2552 permixtum,
1156 2485 1303 2536 ducti
1340 2487 1657 2536 auctoritate
1693 2499 1736 2535 s.
1761 2485 2064 2550 Augustini,
2116 2485 2208 2549 qui
2245 2483 2312 2534 de
2348 2498 2494 2533 cons.
2531 2483 2631 2532 Ev.

153 2569 241 2619 111.
267 2573 343 2632 11,
369 2573 457 2622 38.
496 2589 552 2638 p.
583 2574 699 2623 121.
736 2573 946 2622 scribit:
988 2573 1141 2633 „Hoc
1176 2600 1243 2609 —
1280 2573 1463 2621 vinum
1498 2572 1822 2636 myrrhatum
1847 2588 1890 2622 s.
1916 2570 2088 2620 Marci
2127 2597 2193 2606 —-
2229 2567 2634 2635 intelligendum

153 2661 225 2704 est
256 2656 587 2708 Matthaeum
627 2657 847 2721 dixisse,
904 2675 1025 2709 cum
1076 2658 1201 2710 felle
1246 2660 1466 2708 mixtum
1482 2696 1495 2720 ,
1552 2656 1623 2708 fel
1672 2659 1870 2723 quippe
1907 2673 2003 2723 pro
2041 2655 2394 2706 amaritudine
2429 2657 2632 2722 posuit;

152 2743 461 2805 myrrhatum
520 2745 663 2794 enirn
714 2746 897 2794 vinum
941 2746 1329 2796 amarissimum
1384 2747 1513 2794 est.“
1572 2743 1783 2795 Cuncta
1835 2745 1938 2794 isto
2001 2745 2184 2793 mortis
2239 2747 2292 2792 et
2337 2757 2630 2808 poenarum

154 2831 361 2882 articulo
400 2846 589 2882 amaro
627 2831 859 2896 quodam
895 2846 1056 2882 sensu
1094 2848 1151 2883 se
1188 2832 1517 2897 ingerebant.
1570 2830 1707 2882 Coll.
1741 2830 1937 2881 Psalm.
1977 2832 2058 2892 68,
2101 2832 2185 2880 22.
2233 2830 2296 2879 L.
2321 2829 2386 2879 A.
2419 2829 2628 2894 Agellii‚

155 2913 338 2967 Comm.
364 2920 421 2968 in
446 2919 539 2968 Ps.
566 2935 619 2984 p.
646 2921 763 2968 309.
798 2935 840 2968 s.
889 2919 1245 2983 Interpretum
1283 2933 1410 2968 vero
1448 2917 1678 2968 aliorum
1715 2945 1782 2953 —
1819 2932 1867 2966 e.
1901 2932 1948 2966 c.
1997 2915 2296 2982 Euthymii‚
2335 2915 2406 2965 ad
2441 2915 2630 2965 Matth.

154 3003 229 3063 27,
252 3007 331 3053 34.
368 3005 411 3068 Ι,
440 3008 493 3054 2.
537 3007 687 3055 1113.
744 3033 811 3041 -
864 3004 1073 3054 calculo
1118 3005 1377 3070 probatur
1422 3004 1717 3056 sententia:
1772 3018 1807 3054 a
1849 3003 2107 3053 militibus
2153 3002 2222 3052 ad
2260 3017 2414 3052 omne
2453 3000 2630 3052 scelus

155 3091 335 3152 pronis,
374 3093 563 3142 vinum
599 3090 953 3141 adulteratum
990 3091 1155 3141 fuisse
1190 3091 1369 3141 infuso
1406 3091 1532 3140 felle
1570 3095 1734 3156 atque
1769 3094 1939 3139 aceto.
1988 3089 2112 3139 Jam
2145 3090 2307 3156 igitur
2333 3089 2630 3139 cuiuscum-

156 3191 245 3238 que
281 3178 550 3242 opinionis
588 3178 830 3243 partibus
866 3177 1172 3239 faveamus,
1222 3193 1431 3243 semper
1465 3177 1650 3226 vinum
1686 3175 1897 3226 aeidum
1935 3175 2146 3226 Christo
2185 3175 2476 3225 exhibitum
2513 3175 2628 3225 fuit.

154 3259 303 3312 Juxta
336 3265 498 3314 Prov.
538 3267 622 3326 31,
649 3268 697 3314 6.
726 3267 771 3314 7.
810 3264 1018 3314 natales
1053 3279 1179 3314 suos
1218 3263 1414 3314 debere
1452 3279 1517 3314 ea
1552 3262 1883 3314 consuetudo
1921 3262 2130 3325 videtur
2163 3264 2313 3324 mori,
2354 3277 2459 3326 quo
2488 3260 2630 3327 apud

154 3347 377 3400 Judaeos
414 3351 545 3402 olim
580 3350 651 3400 ad
686 3350 1006 3416 supplicium
1042 3351 1167 3400 ituri
1199 3350 1397 3400 haustu
1432 3351 1543 3399 vini
1590 3349 1988 3411 reficiebantur,
2035 3353 2096 3400 ut
2138 3349 2316 3397 animo
2362 3348 2632 3413 praesenti

154 3437 306 3499 magis
344 3439 656 3504 exciperent
689 3437 872 3487 fatum.
934 3436 1035 3487 Cui
1085 3436 1155 3487 ad
1201 3451 1452 3487 occasum
1496 3439 1750 3501 vergente
1787 3437 1894 3485 iam
1953 3434 2322 3484 Hebraeorum
2357 3433 2636 3498 republica

156 3524 383 3584 accessit,
422 3529 485 3574 ut
508 3524 635 3572 vino
662 3523 1019 3573 admiscerent
1042 3523 1170 3589 quid
1195 3521 1503 3588 saporiferi3
1535 3538 1642 3588 quo
1668 3520 1983 3588 plectendus
2011 3524 2216 3570 careret
2243 3535 2406 3570 sensu
2432 3518 2630 3570 doloris

157 3612 203 3654 ct
234 3606 501 3659 horrorem
540 3609 791 3675 supplicii
826 3608 1127 3660 attenderet
1161 3610 1351 3658 minus.

352 3697 390 3760 ¹)
431 3696 777 3759 Gustavit‚
813 3702 875 3747 ut
910 3694 1293 3762 adimpleretur
1327 3696 1638 3745 vaticinium
1675 3695 1761 3744 Ps.
1790 3697 1873 3757 68,
1901 3697 1983 3744 23.
2032 3693 2228 3743 Bibere
2264 3698 2442 3744 autem
2480 3708 2630 3742 recu-

158 3783 295 3844 savit,
331 3798 399 3832 ne
423 3783 696 3832 videretur
732 3784 908 3833 animo
946 3799 1054 3832 non
1091 3783 1213 3832 forti
1252 3784 1381 3832 satis
1420 3783 1666 3848 excipere
1703 3787 1811 3832 tam
1847 3783 2050 3832 tristem
2087 3795 2286 3830 casum.
2335 3779 2545 3829 Deinde
2571 3783 2632 3827 ut

158 3881 297 3916 nemo
331 3868 397 3918 de
432 3870 604 3934 ipsius
639 3870 842 3933 verbis,
882 3885 1019 3935 quae
1056 3869 1363 3934 prolaturus
1412 3870 1465 3918 in
1513 3884 1672 3918 cruce
1716 3867 1957 3934 pendens
2005 3872 2144 3930 erat,
2194 3866 2434 3915 iudicare
2483 3863 2632 3914 aliud

162 3954 275 4016 quid
308 3962 515 4020 posset,
567 3971 729 4022 quam
772 3971 891 4006 csse
939 3957 1180 4007 veritatis
1227 3960 1283 4005 et
1329 3970 1495 4006 sanae
1540 3956 1732 4005 mentis
1777 3955 1968 4004 verba!
2033 3953 2074 4018 2)
2121 3955 2242 4004 Non
2285 3952 2500 4002 honoris
2538 3950 2632 4000 sed

158 4038 355 4091 ludibrii
407 4057 575 4094 causa
611 4043 787 4104 Jesus,
845 4043 937 4108 qui
991 4043 1273 4093 affectasse
1327 4057 1546 4107 regnum
1596 4042 1928 4092 «Iudaeorum
1977 4040 2281 4102 dicebatur,
2336 4036 2632 4089 collocatus

163 4127 346 4179 medius
388 4131 529 4180 inter
574 4129 707 4180 duos
756 4129 993 4180 latrones
1036 4129 1152 4180 fuit.
1212 4129 1365 4180 Tunc
1411 4129 1612 4192 evenit,
1661 4127 1803 4194 quod
1851 4133 1986 4178 teste
2034 4127 2157 4177 divo
2205 4126 2388 4175 Marco
2429 4127 2509 4186 15,
2549 4127 2632 4174 28.

162 4215 471 4275 pra-edictum
498 4221 579 4266 est
602 4217 729 4268 Isai.
768 4217 851 4278 63,
881 4219 963 4267 12.
1014 4216 1057 4282 ³)
1094 4215 1281 4266 Matth.
1322 4219 1371 4278 5,
1398 4217 1483 4266 44.
1543 4215 1584 4282 ⁴)
1622 4217 1796 4265 Deum
1833 4215 2046 4264 nomine
2082 4213 2306 4262 Patris
2345 4211 2634 4277 compellat

166 4315 257 4362 quo
290 4302 343 4351 in
378 4303 626 4368 precibus
664 4304 775 4353 suis
812 4303 1097 4369 aliquoties
1134 4318 1263 4354 usus
1301 4306 1405 4366 est3
1445 4307 1499 4353 et
1536 4302 1750 4369 quidem
1785 4303 1843 4350 in
1878 4315 2038 4350 sensu
2079 4299 2302 4348 maxime
2339 4299 2632 4363 proprie,

166 4399 269 4436 cum
305 4405 459 4440 verus
499 4394 641 4440 esset
674 4391 779 4441 Dei
814 4389 1001 4440 Filius.
1044 4391 1223 4455 Rogat
1257 4394 1461 4440 autem:
1499 4390 1709 4441 remitte
1745 4389 1891 4454 ipsis,
1921 4388 2009 4453 qui
2047 4387 2353 4451 ignorantes
2379 4391 2632 4450 peccant:

165 4471 347 4524 scilieet
378 4475 591 4527 facilius
627 4479 839 4526 veniam
876 4479 1278 4541 consequuntur
1311 4476 1644 4541 ignorantes3
1684 4475 1876 4526 omittit
1919 4474 2080 4540 igitur
2105 4471 2249 4538 quod
2275 4472 2632 4522 accusandum

167 4557 213 4606 in
244 4561 377 4612 sacto
414 4569 513 4625 est,
546 4563 683 4614 illud
720 4580 847 4614 vero
884 4564 1049 4614 refert
1084 4563 1228 4629 quod
1262 4565 1495 4628 pertinet
1530 4562 1598 4612 ad
1634 4561 1973 4612 minuendam
2014 4561 2194 4626 aliquo
2222 4560 2376 4610 modo
2405 4560 2633 4625 culpam.

254 4650 461 4704 Deuko.
490 4654 609 4697 nist.
638 4655 941 4698 Revelationis
966 4655 1158 4697 divinae.
1188 4655 1243 4696 11.
2260 4649 2324 4698 10
