3267 5259
614 426 737 492 198
1354 436 1547 479 Dedecus
1574 436 1934 487 quuisitiouum
1961 435 2312 487 theologicarum.

610 638 669 695 ς;
715 625 775 676 et
816 622 1063 695 quartus
1107 617 1304 675 addito
1344 634 1389 672 ν.
1440 616 1657 675 Veram
1701 618 2076 693 scriptionem
2122 615 2376 673 nominis
2415 614 2552 673 Jesu
2581 634 2702 672 esee
2745 622 2866 687 w„
2895 617 3076 689 arguit

610 728 737 781 tum
767 727 973 780 exacta
1003 722 1413 779 convenientia
1442 740 1575 779 cum
1606 718 1839 796 Ἰησοῦς,
1870 712 1972 778 ubi
2011 720 2210 779 omnia
2253 725 2612 793 congruunt3
2661 719 2780 777 nisi
2808 720 2956 798 quod
2984 740 3074 795 pro

608 826 782 885 sibilo
812 825 1076 884 crassiori
1109 835 1167 896 κε’,
1209 844 1314 902 pro
1344 824 1537 882 indole
1568 822 1922 881 Hellenismi
1952 822 2306 881 substitutus
2333 822 2624 895 subtilior,
2653 856 2738 864 -—
2762 825 2912 901 quod
2939 828 2993 881 et
3019 825 3076 879 in

608 931 862 1002 Samuel,
895 930 1169 989 Salomon
1198 931 1421 987 factum
1452 929 1718 987 videmus
1747 960 1832 969 -—
1863 933 1924 986 et
1953 946 2058 1003 pro
2101 926 2304 985 littera
2331 946 2360 983 ν
2393 946 2593 1001 graece
2623 947 2745 987 non
2773 935 3072 987 commuta-

612 1035 717 1092 bili
738 1080 752 1107 ,
806 1038 1112 1108 surrogata
1154 1033 1235 1091 sit
1278 1032 1617 1091 terminatio
1671 1032 1778 1099 οὓς.
1854 1032 1952 1089 Ita.
1993 1032 2248 1089 occurrit
2289 1032 2400 1089 hoc
2443 1050 2656 1089 nomen
2701 1032 2766 1089 in
2810 1033 2882 1089 V.
2913 1031 2976 1089 Τ.
3019 1032 3074 1087 in

608 1138 989 1215 inscriptione
1018 1137 1407 1196 Ecclesiastici
1438 1135 1668 1212 Polygl.
1689 1136 1874 1194 Lond.
1892 1134 2000 1205 VI,
2031 1139 2132 1193 39.
2166 1166 2251 1177 -
2281 1134 2502 1193 frustra
2531 1136 2898 1212 obstrepente
2923 1135 2979 1193 J.
3003 1136 3073 1192 H.

612 1264 647 1301 a
674 1242 897 1312 Seelen,
930 1242 1001 1299 de
1028 1241 1063 1298 J
1068 1260 1169 1299 esu
1198 1241 1261 1299 in
1290 1239 1431 1297 Jesu
1459 1239 1718 1297 Siracide
1747 1240 1790 1296 f.
1824 1257 1880 1317 q.
1913 1239 2065 1297 Lub.
2106 1243 2290 1297 1724.
2315 1260 2430 1309 -;
2459 1240 2522 1297 iu
2553 1240 2832 1298 Versione
2867 1243 3076 1316 syriaca

614 1346 689 1405 N.
724 1345 791 1403 T.
822 1345 1037 1403 Matth.
1077 1349 1129 1414 1,
1170 1350 1268 1402 16.
1301 1345 1366 1401 in
1395 1344 1529 1401 iisd.
1563 1343 1635 1415 V,
1675 1347 1766 1413 6.;
1799 1343 1864 1401 in
1895 1342 2217 1417 Evangelio
2247 1343 2518 1401 hebraico
2549 1362 2586 1401 a
2609 1342 2744 1401 Seb.
2775 1344 3075 1412 Miinstero,

610 1450 667 1507 J.
700 1449 767 1507 B.
798 1450 967 1519 Jona,
1002 1448 1219 1507 Romae
1256 1451 1441 1507 1688.
1474 1446 1786 1523 imprees03
1819 1451 1880 1504 et
1909 1448 1974 1505 iu
2003 1447 2182 1505 titulo
2209 1467 2256 1505 s.
2289 1446 2489 1505 Crucis
2529 1447 2748 1505 Romae
2783 1453 3078 1507 asservato.

612 1553 699 1611 Cf.
733 1553 1023 1611 Honorati
1053 1551 1300 1630 Niqueti
1329 1551 1388 1609 S.
1420 1550 1496 1622 J„
1544 1552 1640 1609 tit.
1673 1570 1718 1607 s.
1751 1550 1952 1609 Crucis
1982 1551 2121 1609 hist.
2157 1551 2208 1621 1,
2249 1555 2347 1609 14.
2379 1571 2436 1628 p.
2477 1556 2617 1610 101.
2671 1550 2863 1615 Quam
2906 1570 3076 1609 como-

614 1656 847 1715 dissime
876 1676 1015 1715 vero
1044 1660 1165 1726 ξπθζ,
1199 1654 1295 1714 vel
1328 1654 1778 1729 correspondens
1808 1674 1896 1729 gr.
1921 1653 2121 1731 σωτήρ,
2147 1674 2252 1729 per
2278 1673 2479 1713 vocem
2509 1655 2758 1713 latinam
2789 1654 3080 1726 ,Salvator‘
3198 1644 3199 1651 ἵ

614 1759 997 1837 exprimi-tun
1058 1760 1211 1837 quod
1266 1778 1477 1817 nomen
1528 1762 1668 1815 utut
1719 1777 1836 1817 non
1887 1760 1965 1815 sit
2018 1758 2464 1816 ciceronianum
2479 1802 2494 1830 ,
2549 1758 2770 1817 sufficit
2818 1759 2970 1836 quod
3015 1758 3085 1815 sit

614 1864 1035 1923 Christianum.
1073 1864 1142 1921 L.
1174 1863 1229 1920 J.
1263 1862 1451 1933 Lami,
1486 1863 1555 1919 de
1584 1861 1912 1921 eruditione
1943 1862 2358 1938 Apostolorum
2387 1862 2495 1920 lib.
2525 1862 2678 1937 sing.
2707 1862 2868 1921 Flor.
2908 1868 3078 1921 1766.

615 1990 671 2045 p.
699 1973 840 2027 101.
858 1988 904 2026 s.
951 1966 1452 2029 Quemadmodum
1482 1966 1642 2023 enim
1671 1969 1736 2023 in
1767 1967 1942 2025 Sacro
1971 1966 2176 2025 Codice
2205 1966 2414 2025 multis
2435 1966 2570 2025 aliis
2593 1967 2832 2025 nomina
2853 1966 3094 2041 legimus.

614 2072 901 2148 imposita,
934 2071 1149 2149 quibus
1170 2072 1240 2128 de
1262 2071 1435 2129 rebus
1458 2070 1531 2128 ab
1554 2070 1699 2145 ipsis
1722 2070 1819 2129 vel
1848 2071 2025 2145 gestis
2053 2070 2150 2130 vel
2179 2070 2463 2145 gerendis,
2496 2070 2743 2150 aliisque
2773 2071 3082 2148 proprieta-

615 2177 773 2236 tibus
818 2176 1059 2251 pulchre
1102 2176 1515 2245 admonemur3
1562 2173 1652 2231 ite.
1679 2174 1860 2233 etiam
1891 2177 1965 2233 ab
1995 2175 2247 2251 insigni,
2297 2176 2628 2233 venerando
2667 2178 2728 2233 et
2757 2176 3085 2235 admirando
3198 2176 3199 2231 ἐ

614 2280 799 2356 Opere
818 2280 1213 2337 Redemtionis
1230 2284 1289 2335 et
1305 2278 1663 2335 Salvationis
1676 2278 1946 2337 Christus
1965 2279 2275 2349 ,Salvator‘
2290 2277 2412 2335 κατ’
2433 2272 2636 2355 ἐξοχὴν
2652 2279 2870 2337 meruit
2887 2280 3088 2337 vocari.
3198 2314 3199 2327 κ

616 2384 693 2442 Et
722 2384 861 2441 licet
890 2402 1101 2440 nomen
1130 2382 1315 2453 JesuS,
1348 2383 1467 2440 iam
1496 2387 1633 2439 ante
1666 2389 1870 2441 notum
1900 2388 2076 2453 esset;
2121 2402 2213 2441 res
2245 2388 2442 2441 tamen
2473 2383 2708 2441 nomine
2737 2383 2848 2442 hoc
2875 2383 3091 2458 signifi-

616 2494 770 2558 cata,
818 2486 883 2543 in
928 2485 1159 2544 Christo
1204 2484 1458 2544 Domino
1502 2484 1764 2561 primum
1807 2486 2080 2545 exhibita
2123 2487 2242 2545 fuit
2258 2532 2273 2558 ,
2305 2488 2410 2566 qui
2454 2507 2592 2545 vere
2636 2488 2893 2547 nominis
2929 2489 3092 2546 huius

616 2610 949 2649 mensuram
1000 2588 1284 2664 explevit.
1354 2588 1438 2646 Ut
1481 2591 1621 2647 adeo
1667 2594 1890 2660 errent,
1941 2592 2044 2669 qui
2089 2610 2302 2649 nomen
2343 2592 2382 2649 J
2383 2610 2510 2649 esus
2553 2612 2590 2649 a
2632 2611 2839 2665 graece.
2879 2592 3092 2666 origine

618 2729 699 2735 —
736 2690 922 2766 ἰάομαι
954 2726 1036 2735 --
1068 2698 1397 2763 arcessunt;
1444 2691 1728 2771 quibusve
1769 2714 1977 2751 nomen
2022 2692 2233 2766 Ἰησοῦς
2261 2695 2324 2753 vi
2363 2695 2550 2773 etymi
2591 2696 2750 2754 idem
2793 2704 2906 2767 eet,
2953 2697 3092 2774 quod
3198 2758 3199 2761 Ἴ

621 2794 801 2873 ἰατρὸς
831 2798 1108 2856 medicus.
1158 2798 1266 2854 Est.
1296 2802 1493 2855 autem
1526 2816 1739 2855 nomen
1775 2796 1983 2870 Ἰησοῦς
2013 2798 2188 2875 plane
2212 2820 2389 2857 suave
2419 2804 2480 2857 et
2505 2799 2740 2858 illustre
2769 2800 2926 2879 quid,
2953 2800 3094 2857 inest
3198 2838 3199 2847 κ

618 2902 672 2959 ei
718 2900 911 2959 notio:
958 2901 1151 2977 ipsum
1194 2921 1367 2980 quem
1410 2903 1567 2960 Deus
1613 2921 1717 2977 per
1755 2902 2056 2961 coelestem
2101 2903 2381 2961 nuntium
2423 2906 2622 2962 vocari
2665 2904 2840 2961 iussit
2876 2902 3093 2975 Ἰησοῦν,

620 3024 825 3064 revera
853 3005 1124 3063 futurum
1154 3006 1517 3065 Salvatorem
1560 3008 1858 3076 omnium;
1897 3027 1934 3064 a
1961 3007 2085 3065 Deo
2115 3008 2190 3065 ad
2218 3008 2280 3065 id
2309 3010 2550 3066 missum
2563 3052 2578 3079 ,
2611 3012 2680 3065 ut
2709 3008 2986 3066 liberaret
3011 3028 3098 3065 eos

620 3130 657 3167 a
704 3111 969 3185 peccatis.
1047 3108 1225 3169 Hunc
1262 3112 1329 3167 in
1374 3111 1611 3169 modum
1655 3130 1702 3169 s.
1737 3132 1782 3168 s.
1814 3110 2020 3169 Patres
2058 3130 2268 3169 nomen
2303 3112 2442 3169 Jesu
2479 3112 2801 3188 explicant.
2865 3114 2980 3169 Ex.
3015 3132 3094 3185 gr.
3198 3156 3199 3181 ἶ

618 3214 867 3289 scriptor
925 3213 1355 3271 vetustissimus
1405 3235 1450 3271 e.
1481 3214 1753 3273 Justinus
1795 3216 1900 3283 M„
1941 3215 2093 3291 apol.
2134 3215 2186 3286 I,
2239 3220 2340 3273 33.
2379 3236 2438 3291 p.
2487 3221 2588 3275 86.
2680 3236 2724 3273 s.
2759 3216 3092 3293 Cyprianus,
3198 3224 3199 3235 ¹

620 3316 913 3375 testimon.
961 3316 1063 3386 ΙΙ,
1118 3320 1173 3374 7.
1224 3322 1281 3373 9.
1332 3336 1387 3392 p.
1442 3322 1541 3375 38.
1592 3322 1694 3375 40.
1777 3339 1822 3376 s.
1859 3318 2119 3396 Cyrillus
2166 3319 2356 3390 Hier„
2405 3326 2516 3377 cat.
2565 3319 2659 3392 X,
2715 3326 2812 3378 12.
2855 3340 2910 3396 p.
2967 3324 3096 3377 142.
3198 3378 3199 3407 ÷

620 3441 666 3477 s.
701 3420 1133 3497 Hieronymus,
1170 3416 1395 3479 comm.
1448 3420 1514 3478 in
1561 3422 1778 3480 Matth.
1823 3427 1852 3479 1
1879 3467 1892 3492 ,
1931 3428 2031 3480 21.
2064 3442 2120 3499 p.
2160 3428 2256 3480 14.
2335 3424 2519 3495 ,Jesus
2570 3425 2802 3483 ebraico
2851 3442 3098 3482 sermone
3198 3456 3199 3461 κ

620 3524 893 3581 Salvator
936 3523 1171 3582 dicitur.
1248 3524 1685 3601 Etymologiam
1727 3545 1864 3600 ergo
1909 3529 2164 3585 nominis
2211 3526 2336 3585 eius
2379 3528 2763 3603 Evangelista
2805 3528 3096 3602 signavit.‘

623 3628 691 3685 L.
725 3626 798 3685 ei.
831 3627 1052 3685 Comm.
1092 3628 1157 3686 in
1187 3629 1397 3686 Ezech.
1442 3633 1549 3700 45,
1592 3636 1688 3687 18.
1721 3651 1766 3687 s.
1801 3650 1856 3705 p.
1894 3635 2037 3688 571.
2099 3652 2144 3688 s.
2178 3631 2564 3704 Augustinus,
2605 3632 2678 3689 de
2722 3632 2887 3691 Trin.
2919 3630 3094 3689 xm,
3198 3642 3199 3677 1

630 3736 727 3801 10,
768 3734 865 3788 14.
897 3751 953 3806 p.
992 3736 1133 3789 937.
1199 3730 1335 3803 ,Qui
1366 3736 1453 3789 est
1481 3733 1752 3791 hebraice
1779 3733 1962 3804 Jesus,
1995 3754 2198 3809 graece
2235 3731 2436 3811 σωτὴρ,
2467 3740 2669 3794 nostra
2711 3742 2908 3795 autem
2951 3736 3096 3794 locu·
3198 3814 3199 3831 Χ

620 3834 781 3892 tione
825 3834 1134 3893 Salvator!
1194 3856 1239 3893 s.
1272 3836 1633 3907 Ber-nardus,
1681 3838 1746 3894 in
1791 3837 2226 3897 circumcisione
2273 3838 2348 3896 D.
2395 3858 2568 3897 serm.
2617 3840 2687 3897 11
2707 3886 2720 3911 ,
2759 3845 2816 3900 3.
2867 3861 2920 3917 p.
2961 3845 3089 3898 140.
3198 3832 3199 3889 ἶ

623 3938 708 3997 Ut
752 3958 787 3995 a
831 3940 1064 4015 proprio
1116 3939 1352 3997 nomine
1404 3941 1476 3997 ad
1528 3941 1874 4014 cognomina
1919 3948 2296 4013 transeamus,
2345 3942 2603 4018 primum
2647 3946 2900 4003 occurrit
2957 3943 3098 4021 quod
3198 3960 3199 3981 ¹

626 4062 671 4101 s.
697 4042 1077 4116 Evangelista
1104 4043 1437 4101 Matthaeus
1474 4048 1526 4114 1,
1568 4050 1664 4103 16.
1699 4046 2034 4120 coniungit:
2069 4046 2124 4117 ,J
2125 4064 2254 4105 esus
2281 4048 2385 4124 qui
2413 4052 2658 4106 vocatur
2689 4048 3006 4107 Christus‘:

1580 4214 1931 4293 Χριστός,
1993 4230 2150 4292 ¹:¹²th

835 4350 1125 4425 ,Μεσσίαςι
1158 4354 1310 4429 apud
1342 4353 1640 4412 Hebraeos
1677 4354 1832 4412 idem
1863 4362 1948 4413 est
1965 4400 1978 4426 ,
2027 4357 2180 4433 quod
2211 4357 2367 4431 apud
2405 4356 2646 4416 Latinos
2679 4358 2944 4429 ‚Unctus‘
2975 4376 3100 4415 nam

514 4458 521 4463 ’
624 4454 933 4512 deducitur
955 4476 991 4512 a
1012 4476 1061 4513 r.
1094 4462 1222 4529 fitz-⁵19,
1256 4457 1437 4515 unxit
1464 4459 1644 4515 etiam
1674 4460 1738 4516 in
1769 4460 2028 4533 cognatis
2059 4463 2365 4531 Aminnea,
2401 4463 2596 4519 Arabe
2634 4468 2692 4520 et
2725 4464 3098 4521 Samaritana.

626 4556 787 4614 Hinc
814 4558 850 4615 J
854 4557 1022 4615 udaei
1053 4579 1255 4632 graece
1285 4560 1583 4638 loquentes
1612 4563 1674 4619 id
1709 4564 1902 4637 ipsum
1932 4564 2304 4639 interpretati
2351 4570 2488 4623 sunt
2532 4564 2786 4643 χριστὸν,
2833 4567 3101 4645 quomodo
3198 4636 3199 4639 Ἴ
