3267 5259
1279 426 1445 478 Agonia
1472 426 1652 469 christi.
2577 417 2702 483 247

216 609 513 665 transiret.
576 607 841 666 Dicimus
874 607 1177 665 Christum
1206 626 1323 665 non
1354 606 1586 683 petiisse
1630 608 1741 666 hoe
1783 607 2108 681 voluntate,
2151 613 2219 666 ut
2261 610 2448 681 aiunt,
2497 611 2586 667 ab
2603 630 2704 668 so-

214 712 414 781 luta,
462 713 565 769 sed
611 712 1185 769 conditionata.
1262 711 1446 769 Petiit
1476 718 1544 769 ut
1574 716 1822 769 mortem
1853 713 2030 771 Pater
2068 718 2386 784 averteret,
2430 715 2537 771 sub
2568 733 2702 772 con-

214 816 431 875 ditione
478 822 539 874 et
569 816 919 875 obedientia.
982 816 1137 873 Nam
1180 815 1497 873 seeundum
1544 834 1779 873 cursum
1825 821 2070 875 naturae
2101 818 2273 875 rebus
2305 816 2700 891 consideratis,

214 921 373 979 nulla
420 923 579 979 ratio
616 926 743 979 erat
774 940 880 978 cur
924 926 1171 978 mortem
1212 921 1445 977 deberet
1486 925 1794 995 expetere3
1837 922 1934 977 sed
1983 922 2300 979 secundum
2349 923 2703 979 rationem

212 1026 685 1101 superiorem,
734 1026 1065 1083 Passionem
1097 1026 1475 1082 vehementer
1504 1026 1850 1100 exoptabat3
1898 1030 2100 1101 utpote
2129 1026 2252 1083 Deo
2285 1028 2696 1100 gratissimam,

212 1138 267 1186 et
290 1130 473 1187 totius
496 1131 726 1204 gratiae
748 1129 1054 1187 hominum
1078 1128 1413 1207 gloriaeque
1436 1129 1678 1187 fontem.
1720 1128 1808 1186 Cf.
1831 1130 1990 1187 Petri
2018 1130 2279 1188 Hurtadi
2309 1131 2377 1187 de
2400 1131 2699 1202 Mendoza‚

212 1236 352 1308 disp.
402 1236 511 1293 77.
556 1254 603 1291 s.
640 1240 697 1291 5.
732 1254 787 1309 p.
824 1237 967 1291 534.
1030 1234 1251 1292 Orabat
1294 1233 1599 1305 Dominus,
1651 1240 1719 1291 ut
1763 1233 2115 1291 liberaretur
2146 1253 2181 1291 a
2217 1235 2552 1292 vehementi
2597 1235 2705 1293 illa

212 1339 525 1407 moestitia,
560 1356 677 1415 qua
707 1339 905 1395 anima
948 1338 1071 1394 eius
1116 1339 1443 1411 angebatur
1486 1356 1670 1415 usque
1699 1339 1772 1395 ad
1803 1338 2106 1411 sanguinis
2136 1337 2422 1410 sudorem,
2473 1344 2540 1397 ut
2569 1358 2702 1397 cum

210 1444 415 1515 gaudio
477 1448 731 1501 mortem
784 1448 971 1518 posset
1024 1443 1180 1518 pati;
1236 1442 1387 1519 quod
1440 1442 1555 1499 sibi
1612 1462 1728 1500 non
1781 1442 1958 1499 fuisse
2010 1460 2358 1513 concessum,
2413 1446 2480 1501 in
2535 1462 2702 1501 cruce

210 1547 458 1605 ostendit
493 1546 621 1604 illis
651 1546 847 1605 verbis
893 1546 1073 1616 ,Deus
1102 1565 1265 1603 meus
1295 1550 1361 1603 ut
1396 1547 1537 1623 quid
1584 1545 1950 1623 dereliquisti
1995 1566 2088 1603 me
2103 1545 2146 1603 ?‘
2207 1547 2424 1605 Matth.
2461 1552 2560 1619 27,
2599 1552 2700 1605 46.

211 1652 338 1708 Non
386 1651 513 1709 fuit
566 1652 711 1709 haee
754 1652 941 1709 oratio
984 1650 1381 1707 sensualitatis
1426 1650 1665 1721 Christi,
1715 1651 1756 1707 i.
1803 1670 1852 1707 e.
1901 1652 2196 1726 appetitus
2247 1651 2550 1721 sensitivi3
2605 1651 2704 1710 hic

210 1756 363 1813 enim
394 1756 699 1831 appetitus
728 1774 893 1813 orare
922 1774 1039 1812 non
1085 1760 1289 1831 potest,
1324 1760 1391 1812 ut
1421 1755 1580 1811 docet
1614 1756 1672 1813 d.
1705 1753 1974 1825 Thomas,
2009 1754 2170 1812 Sum.
2203 1755 2328 1813 III.
2360 1774 2416 1833 q.
2453 1759 2554 1813 21.
2585 1762 2700 1815 art.

212 1866 265 1917 2.
295 1860 377 1930 X,
406 1865 557 1918 452.
580 1865 657 1931 3.,
692 1860 833 1937 quia
862 1878 979 1917 non
993 1864 1183 1935 potest
1205 1858 1507 1917 sensibilia
1528 1860 1936 1916 transcendere
1967 1864 2027 1916 et
2055 1859 2122 1916 in
2151 1860 2342 1917 Deum
2373 1861 2698 1918 ascendere.

210 1964 335 2022 Dici
368 1970 573 2023 tamen
606 1968 793 2039 potest
823 1964 1011 2021 oratio
1042 1964 1185 2021 haec
1214 1962 1431 2020 Christi
1464 1961 1880 2033 sensualitatis,
1929 1964 2070 2040 quia
2099 1964 2251 2021 ratio
2281 1963 2459 2020 huius
2491 1983 2698 2040 propo-

208 2070 409 2140 nebat,
461 2070 621 2146 quod
670 2072 797 2125 erat
844 2070 906 2125 in
956 2066 1359 2137 sensualitate,
1409 2069 1449 2125 i.
1484 2087 1533 2124 e.
1581 2070 1850 2143 appetitu
1887 2066 2186 2125 sensitivo.
2256 2067 2494 2143 Duplex
2530 2088 2702 2143 porro

209 2174 375 2231 iuxta
419 2173 675 2231 eundem
721 2172 1029 2231 Ductorem
1082 2171 1453 2245 Angelicum‚
1501 2171 1543 2229 l.
1588 2190 1635 2228 c.
1683 2190 1740 2249 q.
1793 2176 1890 2229 18.
1935 2191 2020 2229 ar.
2069 2176 2126 2229 5.
2161 2191 2218 2247 p.
2255 2176 2401 2229 416.
2453 2177 2583 2229 erat
2635 2174 2700 2229 in

208 2276 437 2335 Christo
474 2278 797 2335 secundum
845 2282 1117 2335 naturam
1162 2278 1481 2333 humanam
1523 2276 1936 2345 voluntas,
1985 2277 2272 2333 nimirum
2315 2276 2700 2335 sensuali-

208 2385 399 2440 tatis
446 2388 511 2440 et
555 2381 1009 2439 rationalia.
1086 2381 1311 2439 Rursus
1351 2380 1626 2438 voluntas
1673 2380 1976 2437 rationalis
2019 2380 2117 2439 vel
2157 2379 2558 2439 consideratur
2598 2400 2702 2457 per

206 2488 439 2545 modum
488 2491 755 2557 naturae,
802 2485 900 2543 vel
945 2505 1049 2561 per
1090 2486 1330 2543 modum
1376 2484 1642 2542 rationis.
1705 2484 1992 2543 Voluntas
2037 2490 2108 2543 ut
2149 2488 2363 2543 natura
2405 2484 2563 2559 fugit
2610 2505 2695 2555 ea,

206 2612 349 2668 quae
392 2596 647 2649 naturae
690 2596 831 2649 sunt
874 2590 1199 2648 contraria:
1246 2594 1317 2647 ut
1358 2594 1623 2659 mortem,
1675 2589 1966 2647 cruciatus
2011 2594 2072 2647 et
2112 2589 2350 2647 similia.
2414 2588 2698 2647 Voluntas

204 2704 397 2753 autem
454 2716 563 2772 per
612 2696 847 2752 modum
902 2694 1165 2763 rationis,
1222 2694 1399 2752 etiam
1450 2693 1559 2751 illa
1618 2698 1808 2769 potest
1868 2694 2190 2769 complecti,
2246 2713 2394 2771 quae
2453 2700 2700 2753 naturae

206 2800 629 2869 adversantur3
675 2805 745 2857 ut
772 2818 1019 2870 crucem,
1062 2803 1355 2857 tormenta
1382 2802 1442 2855 et
1472 2797 1830 2855 huiusmodi.
1893 2798 2088 2857 Verba
2117 2798 2338 2856 Christi
2371 2818 2508 2869 ,non
2547 2798 2701 2857 sicut

204 2924 305 2979 ego
334 2905 497 2963 volo‘
530 2903 916 2978 intelligenda
942 2907 1083 2960 sunt
1104 2903 1175 2960 de
1194 2902 1501 2961 voluntate
1522 2902 1936 2973 sensualitatis,
1964 2908 2024 2960 et
2044 2904 2114 2960 de
2137 2902 2444 2962 voluntate
2473 2904 2697 2961 ratio-

208 3009 389 3078 nali,
434 3009 801 3067 considerata
832 3028 955 3084 per
994 3007 1265 3065 modum
1312 3014 1633 3065 naturae.
1695 3007 1934 3065 Etenim
1968 3006 2262 3084 appetitus
2293 3008 2611 3066 sensitivus
2641 3014 2702 3065 et

206 3112 483 3171 voluntas
516 3112 823 3171 rationalis
850 3113 1215 3171 considerata
1246 3131 1365 3187 per
1398 3112 1672 3169 modum
1703 3117 2006 3169 naturae
2037 3117 2287 3169 mortem
2317 3116 2377 3170 et
2405 3114 2698 3170 eruciatus

208 3218 521 3285 horrebat3
568 3222 633 3275 at
676 3218 874 3275 eadem
918 3217 1192 3275 voluntas
1236 3216 1541 3275 rationalis
1586 3236 1709 3291 per
1759 3217 2032 3275 modum
2081 3216 2395 3275 rationis
2442 3221 2700 3292 spectata

210 3330 327 3378 tam
358 3327 615 3379 mortem
646 3340 822 3398 quam
854 3326 1145 3379 tormenta
1196 3322 1393 3379 omnia
1445 3320 1832 3377 libentissime
1892 3320 2400 3396 complectebatur.
2477 3319 2696 3383 Quam-

206 3427 403 3483 obrem
484 3428 665 3483 verba
716 3424 938 3483 Christi
1012 3426 1097 3483 sic
1156 3430 1333 3482 erunt
1391 3424 1774 3500 explicanda:
1843 3424 2126 3483 Voluntas
2185 3424 2582 3483 sensualitatis
2633 3432 2694 3483 et

208 3531 483 3589 voluntas
514 3534 583 3588 ut
610 3536 841 3601 natura,
876 3530 1115 3588 calicem
1162 3530 1413 3589 transire
1444 3530 1688 3598 volunt3
1737 3535 1800 3587 at
1841 3548 1956 3585 uon
1987 3528 2070 3586 sic
2099 3528 2222 3599 fiat,
2269 3529 2368 3586 sed
2407 3529 2514 3587 fiat
2542 3531 2696 3608 quod

206 3641 269 3691 tu
300 3638 393 3691 vis
427 3634 608 3692 Pater
637 3635 1017 3705 sanctissime,
1050 3634 1152 3691 fiat
1184 3634 1457 3692 voluntas
1488 3640 1607 3705 tua,
1656 3652 1804 3711 quae
1851 3634 2048 3691 eadem
2094 3638 2182 3691 est
2224 3652 2292 3691 ac
2335 3654 2482 3692 mea.
2546 3633 2700 3693 Sunt

204 3739 347 3797 haec
368 3738 557 3796 verba
580 3737 800 3795 Christi
824 3738 1151 3797 voluntatis
1174 3738 1477 3796 rationalis
1502 3739 1900 3795 consideratae
1919 3758 2022 3814 per
2045 3739 2320 3796 modum
2351 3739 2498 3796 rati
2513 3740 2666 3796 onis
2681 3784 2695 3809 ,

206 3862 353 3919 quae
398 3844 737 3900 Passionem
782 3862 997 3916 magna
1047 3842 1367 3917 eupiditate
1419 3842 1768 3917 excipiebat.
1845 3842 1958 3899 His
2011 3843 2213 3917 positis
2261 3862 2376 3901 non
2427 3848 2700 3919 putamus

206 3946 397 4005 ullum
452 3946 807 4005 occasionem
860 3948 1073 4005 exinde
1124 3952 1459 4004 sumturum
1512 3966 1631 4003 esse
1684 3945 1782 4004 vel
1822 3945 2044 4003 Christi
2103 3946 2515 4004 fortitudinem
2533 3990 2547 4016 ,
2602 3946 2699 4003 vel

206 4052 609 4121 sanctitatem,
666 4051 761 4109 vel
814 4052 1165 4127 sapientiam
1218 4050 1556 4119 incusandi3
1619 4050 1670 4107 si
1723 4050 1890 4106 modo
1951 4050 2252 4127 sequentia
2309 4050 2382 4106 ad
2433 4048 2698 4107 animum

208 4164 458 4213 revocet..
521 4156 657 4213 Non
703 4156 1001 4214 dubitabit
1047 4174 1098 4211 α.
1144 4156 1213 4213 de
1244 4156 1293 4213 F
1294 4155 1615 4214 ortitudine
1661 4160 1720 4211 et
1765 4154 2107 4223 constantia,
2156 4174 2223 4211 ac
2266 4156 2316 4211 si
2361 4152 2468 4211 illa
2507 4153 2699 4212 minor

208 4260 549 4336 Martyrum
594 4260 777 4317 fuerit
794 4304 808 4329 ‚
856 4262 957 4337 qui
1013 4278 1181 4335 saepe
1234 4266 1474 4318 ovantes
1517 4278 1754 4317 voraces
1807 4258 2146 4315 insilierunt
2190 4258 2475 4328 flammas,
2524 4264 2699 4336 atque

209 4362 443 4422 laetitia
471 4364 659 4421 veluti
692 4364 839 4421 ebrii
874 4364 1033 4421 inter
1060 4364 1325 4421 maxima
1354 4368 1649 4421 tormenta
1677 4364 2076 4438 exspirarunt.
2111 4362 2328 4437 Ingens
2353 4364 2510 4420 enim
2541 4363 2700 4433 inter

212 4470 503 4541 passiones
556 4467 777 4525 Christi
830 4473 889 4525 et
939 4468 1275 4544 Martyrum
1328 4468 1666 4525 differentia
1717 4473 1820 4524 est.
1897 4468 2192 4544 Martyres
2240 4467 2434 4524 enim:
2491 4487 2543 4526 a.
2592 4486 2698 4542 pro

210 4590 381 4631 eausa
429 4574 583 4629 bona
639 4572 1041 4646 patiebantur,
1092 4572 1359 4629 Christus
1404 4578 1599 4629 autem
1639 4590 1871 4629 causam
1917 4576 2284 4647 peecatorum
2328 4576 2696 4631 assumserat.
