3267 5259
571 378 903 427 LXXXVIII
1399 395 1646 445 Apparatus
1674 394 1891 436 Historico
1917 418 1964 425 —
1984 394 2235 436 chronicus.

574 594 853 631 numerus
870 594 1160 631 annorum
1177 574 1279 651 qui
1298 576 1371 631 ab
1390 574 1562 632 initio
1580 574 1840 632 muneris
1857 594 1892 631 a
1907 574 2102 632 Felice
2118 578 2262 650 gesti
2281 595 2462 654 usque
2479 578 2552 633 ad
2569 579 2728 635 hunc
2741 596 3079 635 sermonem

573 678 721 754 lapsi
761 684 917 748 sunt,
968 678 1125 735 haud
1171 678 1525 749 definiatur3
1572 677 1722 737 illud
1771 684 1969 737 tamen
2013 680 2290 738 discimus
2321 678 2532 755 ,πολλὰ
2577 680 2692 752 ἔτηι
2729 702 2864 740 non
2899 689 3078 739 ante

574 784 903 860 quintum
950 784 1453 857 praefecturae
1484 783 1754 841 Felicis
1787 804 2046 842 annum
2069 787 2156 843 :-i.
2189 806 2239 843 e.
2277 790 2377 843 57.
2410 787 2486 842 A.
2520 786 2594 843 D.
2627 786 2746 843 dici
2777 787 3076 862 pot-uisam

578 887 821 961 proinde
852 886 1107 944 Felicem
1138 906 1256 945 non
1290 892 1426 963 ante
1457 908 1509 945 a.
1548 892 1650 946 59.
1683 908 1713 945 e
1745 890 2050 963 provincia
2093 890 2432 947 discessisse.
2496 890 2822 966 Supersunt
2865 896 3078 947 autem

460 1045 482 1055 ,
577 995 924 1065 argumenta
968 992 1122 1049 haud
1158 1010 1342 1067 pauca
1371 1011 1521 1069 quae
1554 1009 1708 1050 anno
1741 998 1843 1051 60.
1880 992 2192 1051 discessum
2235 994 2448 1051 Felicis
2477 994 2786 1067 contigisse
2815 996 3076 1052 innuere

574 1095 855 1152 videntur
886 1093 919 1151 ¹.
986 1094 1147 1156 Quae
1178 1114 1310 1153 cum
1351 1097 1439 1153 ita
1478 1096 1600 1153 sint
1642 1096 1954 1171 Apostolus
1993 1096 2270 1155 Caesarea
2315 1098 2562 1155 Romam
2605 1118 2658 1154 a.
2707 1102 2808 1155 60.
2859 1099 3074 1155 mitte-

572 1200 765 1269 batur,
800 1203 859 1256 et
903 1204 1206 1276 postquam
1252 1200 1467 1257 eiectus
1505 1201 1571 1257 in
1602 1200 1860 1258 insulam
1899 1200 2168 1259 Melitam
2211 1201 2298 1259 ibi
2346 1222 2448 1277 per
2494 1208 2608 1259 tres
2657 1222 2886 1260 menses
2925 1204 3074 1279 hye-

578 1308 807 1374 masset,
843 1306 1084 1361 ineunte
1115 1323 1253 1360 vere
1284 1324 1337 1362 a.
1374 1309 1473 1363 61.
1508 1304 1730 1363 Urbem
1762 1305 2056 1379 ingressus
2087 1310 2191 1364 est.

780 1407 857 1463 In
902 1409 1197 1483 prioribus
1240 1428 1285 1467 s.
1320 1408 1493 1466 Pauli
1543 1408 1802 1467 vinculis
1849 1410 2114 1469 omnium
2159 1412 2352 1486 prima
2395 1412 2613 1487 scripta
2657 1430 2776 1468 esse
2827 1412 3076 1469 videtur

573 1510 881 1587 epist-ola
909 1513 991 1567 ad
1026 1512 1377 1586 Ephesios
1406 1533 1459 1570 a.
1498 1517 1596 1570 61.
1648 1513 1889 1571 Constat
1917 1510 2065 1572 hoc2
2093 1514 2232 1572 inde
2263 1516 2417 1593 quod
2447 1516 2504 1572 d.
2539 1515 2855 1591 Apostolus
2887 1524 3078 1573 semet

576 1614 835 1691 adpellat
866 1613 915 1691 ,ὁ
948 1611 1167 1688 δέσμιος
1196 1616 1287 1672 τοῦ
1332 1615 1565 1693 Χριστοῦ
1611 1614 1792 1687 Ἰησοῦ
1835 1613 1969 1693 ὑπὲρ
2012 1620 2120 1674 τῶν
2168 1614 2393 1688 ἐθνῶν“;
2443 1624 2617 1697 atque
2649 1621 2792 1695 quia
2821 1619 3080 1693 epistola

574 1722 748 1777 missa
795 1726 883 1777 est
923 1740 1028 1796 per
1073 1720 1395 1796 Tychicum
1416 1718 1456 1793 ³,
1512 1741 1619 1797 per
1671 1741 1845 1799 quem
1891 1728 1949 1779 et
1992 1722 2100 1780 illa
2139 1724 2210 1781 ad
2243 1722 2603 1781 Colossenses
2651 1725 3012 1782 mittebatur
3031 1722 3072 1781 ⁴.

576 1824 793 1886 Quodsi
844 1827 1089 1901 ponitur
1134 1832 1444 1904 utramque
1495 1826 1800 1901 epistolam
1831 1846 1948 1884 uno
1971 1828 2284 1904 eodemque
2315 1846 2368 1885 a.
2405 1832 2475 1884 61
2493 1872 2527 1897 .,
2579 1846 2809 1905 unoque
2842 1828 3078 1903 impetu

574 1934 894 2000 exaratam,
946 1932 1161 2005 optime
1208 1930 1609 2005 explicabitur
1663 1933 1971 1989 ambarum
2024 1930 2404 2007 epistolarum
2449 1932 2717 1993 affinitas
2735 1930 2780 1988 ⁵.
2843 1932 3076 1989 Rursus

574 2034 850 2109 epistolae
900 2035 971 2091 ad
1003 2034 1357 2091 Colossenses
1405 2041 1465 2092 et
1494 2034 1900 2093 Philemonem
1947 2036 2263 2110 inscriptae
2308 2055 2426 2094 uno
2460 2037 2774 2113 eodemque
2807 2042 3075 2111 tempore

572 2139 740 2195 datae
792 2144 949 2196 sunt.
1022 2137 1253 2215 Quippe
1305 2158 1437 2196 cum
1492 2139 1658 2197 illam
1712 2141 1785 2198 ad
1837 2139 2341 2199 Colossenses
2395 2141 2674 2197 scriberet
2731 2140 3071 2216 ApostoluS‚

574 2242 877 2317 Epaphras
902 2243 1153 2314 Marcus,
1191 2243 1585 2315 Aristarchus,
1621 2245 1854 2314 Demas,
1883 2245 2086 2316 Lucas,
2117 2245 2289 2302 Pauli
2320 2245 2772 2303 contubernales
2801 2245 3072 2313 fuerunt,

573 2352 633 2402 et
656 2346 1081 2404 Colossensibus
1110 2347 1359 2404 salutem
1390 2347 1742 2418 dixerunt⁶;
1779 2350 1823 2405 ii
1855 2354 2052 2407 autem
2076 2349 2189 2425 ipsi
2212 2352 2444 2427 quando
2475 2354 2788 2407 exaratum
2822 2354 2914 2407 est
2945 2351 3070 2423 epi-

573 2450 811 2508 stolium
830 2452 913 2509 ad
960 2451 1482 2522 Philemonem;
1526 2453 2014 2529 quemadmodum
2058 2454 2335 2529 Apostolo
2369 2454 2636 2527 gentium
2683 2454 3068 2523 adstiterunt,

833 2644 988 2651 -φ-ῄ-

574 2748 775 2798 abitum
814 2747 1188 2798 tumultuatum
1227 2765 1359 2799 esse.
1410 2750 1551 2799 Nero
1577 2751 1840 2815 imperare
1866 2750 1920 2799 in
1947 2751 2090 2816 cepit
2127 2765 2177 2799 a.
2203 2750 2253 2800 d.
2279 2751 2378 2800 III.
2404 2751 2485 2800 Id.
2513 2751 2631 2801 Oct.
2658 2766 2706 2802 a.
2734 2754 2822 2801 54.
2867 2751 3072 2801 Paulus

575 2838 696 2898 post
740 2840 1087 2898 pentecosten
1133 2835 1483 2900 Jerosolymis
1532 2842 1722 2901 captus
1771 2840 1877 2899 est;
1927 2838 2090 2901 igitur
2133 2853 2233 2887 nec
2283 2838 2569 2903 Apostolus
2619 2843 2742 2887 ante
2791 2854 2841 2887 a.
2881 2842 2973 2888 55.
3019 2840 3073 2887 in

573 2920 791 2969 vincula
826 2926 909 2971 est
943 2921 1116 2984 datus,
1155 2938 1255 2973 nec
1292 2922 1445 2972 Felix
1470 2924 1615 2987 prius
1655 2938 1702 2972 a.
1731 2926 1814 2973 57.
1854 2940 1919 2972 ex
1945 2924 2156 2974 Judaea
2187 2924 2449 2975 discessit.
2497 2925 2728 2975 Tardius
2768 2925 3069 2976 discessum

572 3006 770 3056 Felicis
796 3007 1058 3057 accidisse
1084 3008 1275 3058 suadet
1298 3008 1454 3058 Pauli
1491 3008 1950 3074 supralaudatum,
1991 3012 2176 3076 paucis
2201 3016 2484 3077 postquam
2523 3016 2712 3077 captus
2751 3018 2834 3062 est
2859 3012 3072 3070 diebus,

574 3094 973 3158 pronuntiatum
1011 3094 1242 3144 effatum.
1280 3094 1396 3145 Act.
1424 3096 1507 3157 24,
1539 3098 1619 3145 10.

784 3180 821 3245 ¹)
858 3181 978 3230 Hoc
1023 3183 1247 3247 primum
1296 3183 1553 3243 omnium,
1604 3188 1666 3231 ut
1711 3182 1921 3248 plurimi
1966 3188 2287 3233 monuerunt
2323 3184 2658 3249 chronologi,
2711 3189 2918 3235 certum
2965 3192 3070 3235 est:

572 3267 768 3316 Felicis
805 3267 1097 3318 discessum
1134 3268 1277 3317 ultra
1312 3282 1361 3317 a.
1388 3268 1471 3317 62.
1510 3268 1706 3318 differri
1743 3285 1852 3319 non
1888 3286 2074 3335 posse,
2114 3271 2258 3336 quod
2295 3287 2358 3321 eo
2391 3276 2628 3336 tempore
2667 3271 2868 3335 Pallas,
2911 3290 3070 3338 quem

573 3370 693 3403 cum
728 3353 819 3403 illc
858 3370 887 3403 e
923 3356 1202 3419 provincia
1240 3355 1552 3418 discederet,
1591 3355 1769 3405 adhuc
1805 3358 1860 3406 in
1896 3358 2032 3405 vivis
2067 3357 2233 3407 fuisse
2271 3374 2300 3407 e
2329 3357 2536 3421 Flavio,
2574 3359 2751 3423 Antiq.
2787 3360 2910 3409 XX.
2945 3363 2996 3421 8,
3023 3363 3070 3409 9.

574 3458 624 3505 p.
653 3442 768 3489 974.
808 3440 1087 3505 discimus3
1127 3441 1263 3490 diem
1303 3442 1495 3491 obierit
1530 3458 1834 3508 supremum
1871 3442 1991 3493 coll.
2017 3444 2206 3493 Tacito
2243 3444 2436 3493 Annal.
2471 3444 2615 3508 XIV,
2643 3446 2726 3495 48.
2755 3448 2840 3495 65.
2868 3464 2922 3511 p.
2957 3449 3070 3495 114.

575 3528 690 3575 123.
741 3525 845 3575 Sed
885 3528 1167 3593 quominus
1201 3527 1305 3577 hoc
1340 3528 1457 3593 ipso
1496 3543 1640 3578 anno
1665 3527 1902 3579 Felicem
1940 3536 2246 3580 revocatum
2273 3546 2392 3581 esse
2417 3531 2714 3594 credamus,
2755 3534 3070 3583 narratione

573 3612 688 3662 Act.
716 3614 798 3674 28,
826 3616 907 3663 30.
935 3616 1017 3663 31.
1044 3614 1388 3679 impedimur,
1414 3616 1566 3665 iuxta
1592 3630 1751 3681 quam
1777 3632 1820 3666 s.
1839 3615 2042 3666 Paulus
2073 3617 2291 3679 Romae,
2320 3634 2423 3683 quo
2450 3620 2691 3684 proximo
2717 3624 2845 3685 post
2867 3619 3071 3669 Felicis

574 3698 864 3749 discessum
915 3716 1040 3750 vere
1090 3700 1406 3765 advenerat3
1455 3718 1551 3767 per
1592 3702 1866 3752 biennium
1913 3704 2174 3768 integrum
2217 3705 2274 3753 in
2319 3704 2474 3755 domo
2527 3704 2796 3755 conducta
2831 3706 3070 3756 Verbum

572 3785 677 3834 Dei
707 3784 874 3835 libere
908 3786 1249 3852 praedicasse
1298 3787 1506 3838 dicitur.
1554 3788 1678 3839 Jam
1715 3805 1842 3839 vero
1879 3790 1940 3840 A.
1967 3790 2034 3839 D.
2061 3792 2146 3839 64.
2183 3796 2306 3855 post
2345 3791 2518 3841 dirum
2557 3791 2722 3842 Urbis
2757 3792 3070 3843 incendium

574 3872 914 3922 exsecrabilis
949 3872 1044 3923 illa
1080 3872 1503 3925 Christianorum
1540 3877 1841 3941 persecutio
1879 3882 1998 3926 orta
2034 3881 2138 3939 est,
2188 3878 2243 3926 in
2283 3892 2392 3942 qua
2428 3878 2684 3944 Apostolo
2731 3894 2888 3939 „cum
2929 3881 3070 3929 omni

572 3958 770 4009 fiducia
806 3960 921 4009 sine
959 3960 1346 4025 prohibitione“
1388 3960 1579 4012 docere
1616 3960 1762 4011 haud
1797 3968 1914 4012 erat
1948 3964 2280 4028 permissum.
2335 3963 2494 4013 Unde
2531 3980 2714 4015 rursus
2748 3964 2855 4014 hoc
2893 3968 3065 4031 sequi-

572 4052 673 4107 tur,
713 4062 888 4111 neque
919 4046 1121 4096 biennii
1167 4048 1371 4096 romani
1409 4049 1688 4097 terminum
1726 4049 1929 4098 tardius
1967 4064 2015 4099 a.
2055 4051 2138 4099 64.
2175 4051 2304 4116 poni
2340 4066 2516 4115 posse,
2555 4066 2730 4115 neque
2767 4067 2810 4101 s.
2839 4053 3071 4102 Paulum

573 4138 695 4197 post
730 4148 779 4182 a.
815 4135 898 4183 62.
934 4134 1159 4183 Romam
1196 4132 1486 4199 appulisse,
1524 4150 1698 4199 neque
1734 4134 1968 4185 Felicem
2004 4142 2128 4201 post
2161 4150 2210 4186 a.
2237 4138 2319 4187 61.
2360 4152 2388 4186 e
2423 4138 2702 4202 provincia
2739 4137 3070 4190 discessIsse.

576 4220 615 4283 ²)
656 4218 791 4268 Coll.
818 4222 867 4281 3,
896 4223 941 4270 1.
981 4226 1033 4269 et
1069 4222 1117 4283 6,
1144 4222 1228 4270 20.
1292 4220 1331 4286 ³)
1370 4222 1418 4283 6,
1445 4222 1527 4270 21.
1584 4221 1625 4287 ⁴)
1665 4224 1714 4283 4,
1745 4223 1788 4271 7.
1853 4223 1894 4287 5)
1933 4222 1996 4272 V.
2022 4239 2074 4288 p.
2101 4224 2220 4272 448.
2273 4222 2490 4273 Scilicet
2526 4224 2591 4273 de
2615 4225 2680 4273 iis
2705 4224 2898 4287 literis,
2939 4242 3069 4291 quas

574 4302 643 4353 ad
680 4304 945 4368 Ephesios
984 4306 1155 4369 dedit,
1206 4306 1348 4357 haud
1398 4321 1575 4372 pauca
1616 4307 1906 4358 haeserunt
1952 4310 2008 4357 in
2042 4310 2300 4359 memoria
2349 4310 2402 4359 S.
2439 4310 2620 4373 Pauli,
2673 4315 2726 4361 et
2774 4310 2914 4361 haec
2953 4330 3069 4362 cum

572 4390 801 4455 epistola
832 4391 903 4441 ad
930 4391 1277 4443 colossenses
1314 4394 1654 4456 scriberetur,
1692 4398 1841 4444 tauto
1880 4396 1935 4444 in
1961 4410 2028 4446 ea
2051 4396 2260 4445 facilius
2293 4398 2478 4445 iterari
2517 4398 2825 4461 quiverunt,
2867 4404 3068 4465 quanto

572 4477 823 4525 maiorem
862 4479 1303 4541 convenientiam,
1342 4480 1631 4530 nonnullae
1669 4482 1722 4529 in
1760 4481 1954 4545 quibus
2003 4481 2349 4533 colossenses
2385 4479 2714 4550 περιστάσεις,
2767 4500 2892 4535 cum
2929 4502 3066 4553 περι-

574 4558 774 4612 στάσεσι
811 4562 1621 4631 Christiauorum‘Ephesiorum
1660 4566 1944 4617 habebant.
2019 4568 2060 4633 ⁶)
2101 4571 2147 4632 4,
2189 4571 2270 4619 10.
2311 4571 2391 4619 12.
2432 4572 2513 4619 13.
2555 4572 2633 4619 14.
