3267 5259
596 402 727 468 500
1329 418 1445 459 nist.
1475 418 1581 459 nov.
1612 416 1701 459 siv.
1733 418 1899 459 renos.
1929 418 1983 459 11.
2005 430 2100 469 αι».
2129 418 2330 459 numm.

597 591 771 678 quod
815 591 1169 657 lectoribus
1216 593 1503 677 graviter
1551 592 1970 657 commendat
2013 594 2342 659 Joannem
2389 616 2602 657 rerum
2655 592 2898 657 Christi
2933 615 3100 657 ocu·

594 704 793 770 latum
840 715 1073 769 testem
1127 704 1379 793 loqui1,
1436 708 1561 770 iam
1627 706 1801 769 clare
1862 710 2168 772 enunciat
2229 707 2566 772 consilium
2627 706 3096 792 scriptionis²z

596 818 793 883 edere
842 819 1283 884 authenticum
1332 820 1413 885 de
1445 820 1488 885 J
1493 843 1609 885 esu
1643 818 1898 885 Christo
1945 822 2406 901 testimonium,
2453 830 2524 885 ut
2563 820 2648 883 ad
2697 821 3096 884 societatem

596 970 677 981 --
709 935 993 994 κοινωνίαν
1025 972 1107 980 -
1142 935 1666 997 communionem
1715 935 1941 997 invitet
1987 956 2134 997 cum
2185 935 2355 1019 ips03
2403 956 2551 997 nam
2583 932 2910 1017 gaudium
2943 931 3095 995 red-

600 1044 771 1109 ditur
802 1045 1187 1131 perfectum,
1222 1047 1274 1109 si
1306 1048 1676 1110 communio
1709 1045 1818 1110 illa
1850 1056 2336 1110 consummatur
2359 1050 2401 1110 ³.
2462 1047 2548 1111 Se
2583 1069 2732 1110 cum
2765 1046 2934 1126 λόγῳ
2967 1044 3100 1107 Dei

593 1158 974 1239 ιῦποστσιιτιἈιῷ4
1020 1168 1499 1242 conversatum,
1547 1159 1629 1224 ab
1680 1182 1758 1224 eo
1805 1158 2124 1225 audiisse:
2173 1159 2388 1224 Deum
2439 1182 2582 1223 csse
2627 1158 2880 1241 lucem3
2935 1180 3100 1243 quo-

596 1294 743 1335 cum
790 1274 899 1357 qui
948 1275 1179 1339 sociari
1228 1274 1467 1359 cupiat,
1514 1270 1695 1337 illum
1744 1296 2007 1360 quoque
2054 1274 2122 1336 in
2167 1272 2313 1337 luce
2347 1274 2546 1337 vitam
2595 1294 2826 1358 agere,
2869 1294 3099 1357 neque

592 1382 787 1449 ullam
860 1409 1007 1450 cum
1075 1386 1364 1471 peccatis
1434 1387 1962 1451 communionem
2029 1396 2255 1450 tenere
2326 1393 2584 1471 oportet
2603 1388 2644 1449 ⁵.
2719 1384 3094 1449 Gratulans

596 1552 733 1603 Sunt
756 1569 785 1601 e
812 1554 1124 1616 Veteribus3
1152 1569 1196 1602 e.
1218 1570 1266 1619 g.
1290 1552 1342 1603 S.
1362 1554 1709 1619 Augustinus,
1737 1558 1942 1620 quaest.
1969 1554 2178 1619 Evang.
2195 1554 2262 1603 11.
2279 1571 2328 1619 q.
2349 1554 2432 1615 39,
2451 1556 2496 1603 1.
2523 1552 2619 1602 111.
2635 1552 2688 1609 b,
2711 1554 2833 1601 266.
2871 1552 3098 1602 Cassio·

592 1638 787 1701 dorius,
826 1639 1219 1706 complexiones
1256 1642 1313 1690 in
1350 1641 1451 1707 Ep.
1476 1641 1613 1691 Acta
1648 1641 1748 1707 Ap.
1787 1646 1840 1691 et
1875 1642 2042 1706 Apoc.
2076 1640 2164 1690 ed.
2191 1641 2275 1689 Se.
2299 1640 2496 1689 Mafl'ei.
2521 1640 2667 1689 Flor.
2697 1642 2854 1689 1721.
2893 1656 2952 1704 p.
2983 1642 3102 1689 118.

592 1729 681 1792 qui
718 1726 928 1777 Parthis
966 1743 1083 1777 eam
1119 1729 1429 1793 inscriptam
1468 1728 1668 1779 dicunt.
1717 1728 1904 1779 Fidem
1930 1733 2110 1778 autem
2146 1728 2304 1779 huius
2340 1728 2720 1793 inscriptionis,
2761 1726 3099 1777 addubitant

592 1816 945 1864 recentiorum
984 1814 1095 1865 fere
1132 1830 1343 1865 omnes:
1388 1831 1505 1867 cum
1544 1830 1580 1866 a
1614 1816 1763 1867 nullo
1803 1818 2060 1881 scriptore
2097 1830 2291 1881 graeco
2329 1815 2430 1865 hoc
2465 1815 2680 1864 nomine
2717 1816 2948 1877 citetur3
2999 1828 3101 1862 nec

591 1902 645 1950 in
690 1901 802 1951 ullo
838 1918 961 1952 mss.
1001 1916 1195 1967 graeco
1242 1902 1375 1953 haec
1422 1903 1710 1969 epigraphe
1761 1904 2082 1969 reperiatur3
2134 1919 2234 1953 nec
2281 1908 2404 1953 ante
2448 1902 2501 1951 S.
2535 1903 2902 1967 Augustinum
2953 1901 3101 1950 ullus

590 1990 649 2038 P.
688 1989 745 2038 P.
786 1989 1071 2039 latinorum
1120 1988 1221 2039 hoc
1268 1990 1482 2039 nomine
1532 1995 1737 2056 utatur;
1787 2006 1960 2057 neque
2009 1991 2124 2056 ipse
2175 1990 2396 2040 Praesul
2444 1990 2814 2054 Hipponensis
2866 1989 2998 2037 aliis
3045 1990 3102 2037 in

590 2075 740 2138 locis,
781 2078 932 2141 queis
968 2076 1108 2126 hanc
1146 2076 1369 2126 eandem
1408 2077 1684 2143 epistolam
1722 2078 1922 2141 laudat,
1961 2078 2062 2127 sub
2099 2078 2199 2127 hac
2236 2078 2582 2143 inscriptione
2619 2077 2794 2141 ipsam
2835 2076 3100 2125 adducat.

804 2164 839 2228 ¹)
882 2166 926 2227 1,
956 2168 1106 2213 1—3.
1170 2163 1211 2229 ²)
1253 2168 1298 2226 1,
1326 2167 1374 2214 4.
1439 2163 1480 2230 ³)
1518 2166 1725 2215 Nexum
1763 2169 1924 2230 atque
1961 2180 2298 2230 progressum
2335 2164 2535 2230 primae
2561 2163 2792 2214 Joannis
2826 2163 3100 2229 epistolae

590 2250 861 2299 elucidare
898 2266 1009 2300 rem
1046 2250 1315 2300 difficilem
1353 2266 1497 2311 esse,
1542 2268 1642 2300 nec
1679 2252 1783 2301 nisi
1827 2252 2049 2301 consilio
2096 2252 2260 2301 totius
2297 2247 2602 2317 scriptionis
2639 2251 2780 2299 bene
2819 2266 3100 2316 perpenso

590 2338 843 2401 cognosci
879 2352 1064 2403 posse3
1110 2337 1511 2403 diligentissime
1550 2340 1752 2405 quique
1789 2339 2026 2389 fatentur
2059 2340 2393 2404 interpretes.
2443 2338 2524 2387 Cf.
2559 2338 2623 2386 Ο.
2661 2337 2750 2385 Fr.
2791 2336 3100 2394 b'ritzsche,

590 2424 657 2473 de
696 2425 965 2475 nonnullis
1004 2440 1087 2491 ep.
1122 2425 1319 2474 Joann.
1358 2425 1459 2475 loc.
1496 2424 1697 2475 difficil.
1725 2426 1925 2475 Comm.
1963 2442 2040 2491 pr.
2068 2426 2194 2475 Tur.
2225 2427 2374 2475 1837.
2411 2442 2464 2490 p.
2491 2427 2574 2474 21.
2601 2439 2644 2474 s.
2691 2425 2760 2474 D.
2787 2425 3100 2485 Erdmann,

591 2512 801 2561 Primae
836 2512 1065 2563 ‚Ioannis
1114 2512 1373 2579 epistolae
1420 2518 1788 2579 argumentum
1826 2529 1996 2563 nexus
2033 2518 2088 2562 et
2123 2512 2401 2563 consilium
2441 2512 2559 2562 Ber.
2589 2514 2757 2575 1855„
2797 2514 2898 2577 qui
2935 2512 3098 2561 uber-

590 2599 720 2647 rime
757 2617 808 2665 p.
836 2602 883 2649 2.
912 2614 953 2649 s.
990 2601 1337 2666 interpretum
1374 2600 1556 2650 studia
1591 2605 1835 2650 recenset
1870 2598 2155 2649 definiendi
2181 2614 2374 2649 nexum
2402 2604 2456 2648 et
2485 2598 2764 2649 consilium
2804 2598 3098 2665 epistolae.

591 2686 654 2735 O.
690 2686 749 2738 F.
785 2686 1053 2752 Myrberg,
1090 2703 1276 2738 comm.
1310 2687 1367 2736 in
1402 2704 1484 2754 ep.
1521 2686 1644 2738 Joh.
1679 2702 1756 2753 pr.
1793 2687 1936 2738 Diss.
1973 2703 2122 2751 exeg.
2159 2686 2346 2752 Upsal.
2385 2688 2536 2736 1859.
2572 2702 2624 2751 p.
2663 2688 2743 2735 12.
2771 2702 2817 2737 s.
2869 2686 3004 2735 Chr.
3031 2686 3098 2735 E.

588 2772 877 2836 Luthardt,
926 2773 991 2823 de
1034 2776 1235 2839 primae
1272 2774 1500 2825 Joannis
1548 2774 1810 2839 epistolae
1857 2775 2258 2841 compositione.
2309 2774 2458 2839 Lips.
2499 2774 2648 2824 1860.
2689 2790 2740 2839 p.
2779 2776 2834 2823 4.
2873 2788 2920 2823 s.
2987 2774 3098 2822 Diu

588 2860 919 2925 multumque
954 2862 1335 2926 interpretibus
1370 2862 1509 2912 sedit
1534 2862 1730 2927 opinio,
1769 2860 1969 2911 nullam
2005 2876 2186 2911 veram
2223 2862 2412 2910 seriem
2445 2866 2500 2910 et
2523 2860 2760 2911 ordinem
2801 2860 2860 2909 in
2899 2861 3096 2910 eadem

590 2948 818 3012 epistola
841 2947 1016 2997 locum
1042 2947 1258 2998 habere.
1309 2948 1557 2997 Ceterum
1581 2952 1798 3013 praeter
1822 2948 2092 2997 exordium
2122 2951 2170 3012 1,
2197 2950 2347 2998 1-4.
2374 2952 2427 2996 et
2451 2947 2719 3013 epilogum
2749 2949 2804 3009 ὖ,
2835 2949 3094 3009 18-21.;

590 3034 863 3084 commode
912 3040 1019 3085 tres
1061 3040 1241 3100 partes
1288 3034 1709 3099 distinguuntur:
1761 3037 1808 3095 1,
1843 3038 1998 3096 5-2,
2034 3037 2118 3085 27.
2163 3035 2252 3084 ubi
2297 3048 2504 3084 summa
2547 3032 2846 3099 Religionis
2886 3034 3092 3085 Christi

590 3121 973 3183 consideratur,
1013 3121 1195 3171 habito
1233 3126 1479 3187 respectu
1522 3121 1822 3183 „divinae
1857 3124 2230 3186 veritatis“;
2277 3124 2325 3183 2,
2361 3122 2574 3183 28-4,
2605 3122 2653 3170 6.
2689 3122 2744 3169 in
2785 3136 2896 3186 qua
2933 3128 3094 3187 parte

588 3214 703 3257 tota
746 3211 917 3259 oratio
962 3208 1163 3275 pendet
1206 3210 1274 3259 ab
1322 3208 1446 3259 idea
1498 3208 1798 3271 „divinae
1843 3210 2291 3272 sanctitatis“;
2339 3212 2500 3273 atque
2540 3209 2592 3269 4,
2633 3209 2811 3271 7-5,
2853 3211 2940 3259 17.
2981 3222 3090 3274 qua

589 3297 768 3359 omnia
804 3311 837 3345 a
872 3297 1093 3346 notione
1132 3296 1373 3357 „divini
1412 3297 1680 3346 amoris“
1723 3295 2074 3361 explicantur.
2123 3296 2268 3345 Inter
2297 3311 2480 3345 omnes
2519 3300 2626 3345 tres
2663 3300 2848 3360 partes
2883 3310 3090 3361 magna

590 3388 672 3432 est
706 3384 1079 3433 convenientia
1114 3398 1289 3433 rerum
1328 3387 1381 3432 et
1416 3385 1826 3447 sententiarum3
1867 3382 1962 3433 sed
1999 3388 2054 3433 et
2088 3388 2240 3433 tanta
2275 3383 2522 3443 varietas,
2561 3386 2766 3446 quanta
2803 3398 2948 3448 opus
2989 3388 3088 3444 est,

590 3474 651 3517 ut
696 3484 853 3519 verus
904 3485 1214 3535 progressus
1263 3471 1521 3520 sermonis
1571 3470 1848 3520 efficiatur.
1923 3472 1964 3535 ⁴)
2011 3471 2074 3520 L.
2112 3471 2164 3521 J.
2200 3470 2412 3535 Lange,
2459 3468 2668 3519 dissert.
2713 3468 2780 3519 de
2824 3472 3086 3533 mysterio

589 3556 713 3621 logu
752 3556 1091 3623 hypostatica
1127 3557 1251 3606 Hal.
1290 3558 1439 3607 1711.
1504 3557 1545 3621 ⁵)
1584 3558 1818 3607 Peccata
1855 3558 2068 3607 omnino
2105 3574 2215 3607 non
2249 3562 2376 3608 sunt
2403 3556 2804 3619 committenda,
2844 3564 2898 3605 et
2937 3572 3084 3622 quae

589 3646 969 3707 commisimus,
1016 3643 1316 3695 confitendo
1366 3660 1545 3694 eorum
1585 3646 1826 3695 remissio
1876 3659 1910 3694 a
1959 3644 2167 3695 Christo
2217 3643 2450 3710 petenda
2495 3644 2622 3707 erit3
2672 3644 2766 3708 qui
2813 3646 3084 3709 sanguine

588 3734 802 3798 proprio
838 3736 1065 3797 peccata
1087 3731 1355 3781 hominum
1380 3730 1676 3781 mundavit.
1717 3735 1762 3793 1,
1789 3734 1965 3793 5-2,
1993 3735 2041 3781 2.
2090 3732 2360 3798 Deinceps
2397 3734 2444 3796 2,
2474 3734 2684 3793 12-2,
2711 3732 2796 3781 27.
2835 3733 3086 3797 assignat

589 3824 767 3881 notas,
818 3818 1012 3884 quibus
1057 3818 1441 3884 intelligamus,
1490 3833 1559 3868 an
1596 3818 1652 3868 in
1689 3818 1808 3869 luce
1847 3834 2131 3869 versemur.
2195 3820 2329 3869 Sunt
2365 3818 2490 3869 illae
2533 3818 2908 3868 mandatorum
2951 3818 3084 3867 divi-

588 3921 773 3955 norum
802 3904 1060 3957 custodia.
1110 3906 1263 3955 Haec
1289 3906 1379 3972 qui
1406 3906 1656 3968 custodit,
1695 3910 1840 3956 certe
1865 3907 2040 3957 Deum
2063 3907 2298 3972 perfecte
2324 3910 2483 3955 amat.
2533 3904 2778 3956 Christus
2805 3906 3086 3971 exemplar

588 3998 692 4054 est,
743 3993 885 4057 quod
930 3994 1121 4042 imitari
1168 3993 1440 4043 debemus.
1503 3994 1627 4043 Vita
1673 3992 1876 4054 ethica,
1923 4008 2062 4059 quae
2107 3998 2188 4043 est
2233 3994 2456 4042 imitatio
2505 3991 2729 4055 Christi,
2777 3992 3086 4042 absolvitur

588 4080 825 4129 caritate.
876 4078 1136 4131 Voluntas
1174 4082 1312 4129 enim
1348 4079 1531 4131 divina
1554 4080 1658 4129 illis
1685 4096 1803 4130 cum
1831 4080 1902 4130 ad
1927 4086 2104 4131 castra
2129 4080 2324 4131 Christi
2351 4079 2686 4142 accederent,
2723 4081 2830 4129 iam
2855 4081 3082 4145 cognita

588 4173 692 4231 εει,
742 4166 875 4217 illud
915 4168 1131 4233 inquam
1175 4166 1483 4217 mandatum
1526 4172 1682 4217 vetus
1729 4168 1794 4218 de
1843 4168 2092 4230 caritate,
2140 4182 2268 4217 non
2312 4182 2570 4217 novum:
2619 4168 2776 4231 quia
2817 4166 3080 4232 pridem

588 4255 892 4305 Christus
940 4254 1340 4315 tradiderat,
1391 4259 1446 4304 et
1490 4258 1669 4303 tamen
1717 4270 1913 4305 novum
1963 4256 2090 4321 quia
2138 4255 2334 4305 sensim
2387 4268 2452 4303 ac
2499 4254 2758 4319 paulatim
2805 4253 3080 4318 impletur.

588 4340 834 4391 Nondum
854 4342 993 4391 enim
1012 4342 1265 4391 tenebrae
1286 4356 1503 4407 prorsus
1524 4341 1800 4407 depulsae,
1822 4343 1996 4408 agitur
2013 4357 2158 4391 nunc
2175 4355 2359 4407 pugna
2373 4341 2514 4391 inter
2531 4340 2704 4391 lucem
2727 4346 2780 4390 et
2795 4340 3080 4394 tenebrasz

587 4426 679 4476 sed
701 4429 791 4478 lux
809 4429 975 4492 magis
996 4430 1269 4493 magisque
1288 4430 1468 4479 vincit.
1503 4430 1715 4494 Expers
1741 4430 1993 4492 caritatis,
2023 4444 2090 4478 ne
2119 4429 2504 4478 communionis
2530 4428 2740 4493 quidem
2765 4426 2906 4477 illius
2929 4442 3080 4492 quae

588 4521 669 4563 est
694 4530 811 4564 cum
838 4515 971 4578 Deo,
997 4517 1262 4581 particeps
1294 4514 1399 4564 fiet.
1449 4515 1529 4565 cf.
1556 4518 1623 4565 Η.
1652 4516 1712 4566 A.
1743 4516 1944 4578 Schott,
1971 4532 2156 4567 comm.
2185 4514 2251 4565 de
2275 4516 2488 4565 Joanne
2512 4515 2611 4580 Ap.
2639 4514 2910 4565 doctrinae
2937 4528 3078 4562 suae

586 4603 873 4651 novitatem
900 4604 1099 4668 pariter
1118 4618 1183 4652 ac
1201 4608 1519 4654 vetustatem
1540 4604 1846 4655 vindicante
1871 4604 1912 4653 Ι.
1929 4606 1977 4666 2,
1995 4606 2179 4653 7-15.
2203 4604 2260 4653 in
2281 4602 2479 4669 Opusc.
2495 4602 2616 4653 Jen.
2635 4602 2784 4653 1818.
2805 4601 2871 4662 11,
2889 4602 3017 4650 265.
3031 4618 3075 4651 s.
