3267 5259
1176 439 1325 481 coam
1350 438 1541 481 nomini.
2483 429 2606 493 109

168 618 364 672 rentur.
434 607 763 688 Quoniam
814 633 974 676 vero
1034 611 1275 676 adiecit
1328 635 1552 677 secum
1608 636 1722 679 eos
1769 615 1863 678 ire
1927 636 2060 678 non
2103 636 2326 700 posse,
2371 615 2606 679 Petrus

168 724 407 785 animose
448 723 810 809 respondit,
850 746 920 788 se
968 734 1230 811 praesto
1281 748 1425 789 esse
1455 724 1563 790 vel
1597 725 1684 790 ad
1716 748 2045 791 carcerem
2079 725 2184 791 vel
2214 725 2300 790 ad
2329 736 2606 791 mortem

168 842 381 898 euntem
422 836 629 921 sequi.
708 835 812 901 Ita
854 838 1204 903 iactantem
1254 837 1547 903 Christus
1602 840 1956 925 redarguit,
2001 838 2390 925 praedicens
2435 840 2606 905 futu-

166 968 291 1026 rum,
330 956 397 1011 ut
424 968 503 1011 ea
544 948 695 1034 ipsa
738 958 933 1014 nocte
970 959 1123 1015 ante
1163 949 1525 1015 secundum
1555 951 1710 1036 galli
1742 961 2026 1035 cantum,
2059 974 2128 1015 se
2166 950 2346 1017 illum
2389 974 2604 1035 nosse,

165 1068 241 1121 ter
296 1070 557 1144 negaret
579 1064 619 1125 ¹.
708 1060 897 1141 Quae
960 1084 1111 1127 cum
1168 1062 1437 1128 Petrum
1504 1073 1571 1128 et
1632 1075 1887 1130 ceteros
1906 1114 1923 1148 ,
1987 1066 2096 1151 qui
2158 1063 2392 1129 eadem
2453 1086 2602 1128 cum

168 1169 319 1234 Petro
358 1171 855 1257 pollicebantur,
887 1175 1321 1240 vehementer·
1342 1176 1826 1263 perturbarent,
1857 1176 2182 1241 Dominus
2216 1178 2507 1242 oratione
2537 1178 2606 1240 in

168 1282 381 1368 longum
421 1296 765 1372 protracta
795 1309 909 1352 eos
942 1287 1317 1353 consolatus
1363 1299 1483 1373 est,
1527 1288 1942 1375 firmavitque
1990 1298 2220 1354 contra
2261 1290 2606 1355 imminens

168 1396 489 1461 scandalum
536 1398 793 1465 Crucis.

324 1608 563 1675 Diqressio
616 1610 663 1663 I.
726 1612 882 1663 Ratio
940 1612 1132 1664 ordinis
1196 1612 1254 1665 in
1306 1613 1577 1665 narranda
1639 1613 1948 1665 institutione
2008 1614 2062 1667 S.
2111 1614 2162 1667 S.
2229 1613 2594 1667 Eucharistiae.

168 1690 227 1739 De
265 1694 435 1757 pedum
494 1695 702 1746 lotione
748 1696 938 1762 reliqui
985 1697 1367 1763 Evangelistae
1416 1703 1623 1761 tacent,
1674 1699 1768 1749 sed
1815 1698 1921 1748 huc
1969 1703 2213 1765 spectare
2262 1698 2524 1765 quaedam
2571 1712 2607 1749 a

170 1776 285 1827 Luca
312 1780 387 1842 22,
411 1782 636 1833 24-31,
679 1783 849 1833 relata
884 1784 949 1833 de
981 1786 1323 1835 contentione
1365 1786 1503 1835 inter
1537 1784 1823 1852 Apostolos
1861 1785 2075 1851 quidam
2112 1787 2425 1852 interpretes
2463 1786 2604 1835 affir-

166 1872 287 1914 mant.
328 1864 425 1916 Sed
459 1870 683 1934 gravius
722 1874 803 1919 est
838 1868 955 1931 hoc,
995 1870 1138 1937 quod
1176 1870 1228 1921 S.
1257 1870 1309 1921 S.
1336 1872 1437 1921 Ev.
1462 1871 1768 1921 Matthaeus
1795 1876 1848 1920 et
1870 1870 2086 1921 Marcus
2122 1872 2605 1922 manifestationem

165 1952 393 2014 proditoris
440 1957 795 2020 praemittunt
839 1958 1161 2007 institutioni
1208 1958 1609 2020 Eucharistiae,
1661 1957 1840 2008 Lucas
1895 1958 2168 2023 querelam
2217 1958 2284 2008 de
2332 1958 2603 2023 proditore

166 2037 295 2087 eidem
324 2044 605 2107 postponit,
632 2043 876 2094 Joannes
900 2044 1097 2110 pedum
1135 2044 1323 2094 lotioni
1359 2045 1598 2095 eamdem
1634 2045 1870 2111 proxime
1898 2049 1951 2094 et
1974 2044 2276 2094 immediate
2313 2044 2602 2110 subiungit.

166 2124 225 2173 De
244 2128 419 2177 ratione
455 2122 752 2189 ἀκολουθίας
788 2136 895 2181 tres
923 2136 1071 2182 ortae
1097 2135 1224 2181 sunt
1246 2133 1559 2182 sententiae.
1613 2146 1663 2181 a.
1691 2130 1919 2192 Quidam
1945 2136 2190 2181 statuunt
2211 2148 2252 2181 s.
2272 2130 2602 2181 Matthaeum

166 2217 205 2259 et
230 2228 263 2261 s.
284 2212 503 2265 Marcum
538 2222 751 2267 rectum
772 2217 859 2267 hic
894 2220 1132 2269 tenuisse
1174 2218 1440 2280 ordinem3
1477 2235 1519 2268 s.
1544 2218 1752 2267 Lucam
1787 2234 1914 2267 vero
1951 2218 2395 2283 recapitulatione
2432 2234 2602 2269 usum.

165 2298 241 2346 Alii
281 2300 325 2349 b.
358 2308 537 2351 contra
574 2308 797 2353 sumunt
830 2318 872 2354 s.
899 2303 1105 2354 Lucam
1150 2310 1351 2354 certum
1388 2305 1625 2355 tenuisse
1675 2304 1927 2355 ordinem.
2000 2304 2169 2354 Tertii
2221 2308 2275 2355 et
2321 2306 2459 2355 inter
2508 2320 2600 2355 eos

164 2382 501 2451 maguntinus,
522 2389 559 2439 1.
580 2390 669 2438 ΠΙ
694 2389 762 2439 de
786 2405 932 2441 cons.
950 2390 1161 2457 Evang.
1183 2405 1227 2441 c.
1249 2393 1297 2441 3.
1311 2392 1372 2441 T.
1388 2390 1488 2453 111,
1502 2391 1554 2441 b.
1572 2392 1746 2441 100.s.
1773 2390 2002 2441 mediam
2027 2392 2181 2457 quasi
2207 2390 2601 2456 amplectuntur

166 2475 437 2536 sententiam,
474 2476 803 2542 traduntque
842 2476 1108 2528 Christum
1145 2476 1355 2528 duabus
1393 2477 1658 2528 distinctis
1689 2476 1895 2527 vicibus
1934 2476 2130 2528 dixisse
2159 2493 2329 2537 „unus
2356 2493 2421 2527 ex
2444 2477 2598 2527 vobis

162 2570 223 2603 me
258 2559 463 2625 tradet“;
510 2563 684 2613 semel
730 2564 935 2613 scilicet
971 2569 1095 2614 ante
1130 2564 1504 2614 EucharistIae
1548 2565 1961 2625 institutionem,
2010 2568 2063 2613 et
2107 2564 2225 2613 vice
2263 2562 2432 2613 altera
2477 2568 2600 2629 post

162 2642 286 2694 illam.
333 2647 779 2715 Distinguendum
824 2652 1037 2701 omnino
1084 2656 1163 2701 est
1208 2652 1346 2701 inter
1394 2651 1698 2717 generalem
1753 2651 2039 2717 proditoris
2092 2651 2592 2713 manifestationem,

164 2742 267 2791 quse
288 2732 649 2787 Eucharistiae
683 2739 1068 2787 institutionem
1099 2739 1410 2803 praecessit,
1439 2742 1494 2789 et
1516 2738 1820 2804 specialem,
1847 2753 1985 2803 quae
2011 2741 2198 2789 secuta
2220 2738 2336 2787 fuit.
2389 2736 2600 2787 Eadem

164 2822 223 2865 est
254 2824 491 2873 sententia
534 2824 843 2888 Euthymii,
881 2826 936 2874 in
984 2824 1172 2875 Matth.
1212 2827 1295 2888 26,
1336 2826 1419 2875 21.
1455 2842 1507 2891 p.
1548 2827 1700 2876 1004.
1771 2825 1940 2875 Nobis
1980 2840 2193 2890 quoque
2241 2823 2375 2873 haec
2415 2825 2594 2889 opinio

164 2917 317 2955 summe
354 2910 648 2973 probabilis
692 2910 927 2974 videtur,
976 2916 1138 2978 atque
1177 2910 1373 2963 Christi
1419 2910 1485 2961 de
1530 2912 1801 2977 proditore
1837 2912 1892 2960 in
1941 2912 2082 2960 viam
2127 2910 2432 2960 reducendo
2470 2927 2594 2961 con-

166 2988 305 3041 formis
348 2994 708 3047 sollicitudini.
781 2996 1267 3049 Manifestationem
1304 2998 1589 3065 specialem
1639 3002 1764 3064 post
1797 2996 2170 3049 Eucharistiae
2216 2998 2600 3049 institutionem

164 3073 311 3128 heum
342 3082 455 3131 ideo
501 3084 747 3135 dicimus.
796 3085 933 3135 Nam
971 3100 1019 3135 a.
1056 3100 1195 3152 quae
1233 3086 1299 3135 de
1337 3100 1403 3135 ea
1438 3084 1854 3135 denunciatione
1891 3100 1932 3134 s.
1959 3084 2138 3134 Lucas
2175 3090 2372 3147 narrat,
2412 3084 2598 3136 eadem

164 3169 255 3211 sunt
282 3182 479 3231 prorsus
517 3188 643 3219 cum
677 3170 814 3233 illis,
854 3187 991 3236 quae
1029 3172 1095 3222 de
1131 3172 1252 3237 ipsa
1285 3173 1527 3223 Joannes
1571 3176 1962 3221 commemorat.
2023 3171 2146 3221 Jam
2183 3187 2311 3221 vero
2350 3188 2389 3221 s.
2415 3172 2596 3222 Lucas

165 3244 509 3316 descriptionem
548 3257 697 3307 illius
736 3257 1161 3307 denunciationis
1198 3258 1573 3308 Eucharistiae
1610 3259 1932 3308 institutioni
1967 3258 2256 3322 subiungit,
2285 3272 2409 3323 ergo
2437 3258 2597 3307 etiam

164 3340 343 3388 narratio
376 3357 415 3391 s.
437 3342 671 3392 ,loannis
702 3345 780 3405 13,
808 3346 890 3394 21.
917 3346 999 3393 22.
1031 3360 1138 3393 non
1164 3349 1342 3409 potest
1377 3344 1556 3393 divelli
1594 3360 1628 3395 a
1663 3361 1712 3393 v.
1739 3346 1841 3405 23„
1879 3344 1935 3393 in
1974 3359 2078 3409 quo
2119 3343 2400 3393 manifeste
2438 3343 2596 3393 datur

164 3416 288 3483 locus,
319 3427 401 3475 ubi
436 3430 816 3479 Eucharistiae
850 3431 1112 3480 institutio
1150 3432 1249 3479 erit
1284 3432 1581 3481 inserenda.
1632 3432 1683 3481 b.
1712 3430 1767 3479 Si
1802 3430 2044 3480 Christus
2079 3429 2255 3479 verbis
2293 3434 2400 3478 tam
2437 3429 2597 3479 elaris

164 3514 201 3553 et
218 3514 475 3577 perspicuis
500 3516 885 3567 denunciasset
908 3516 1245 3583 proditorem,
1272 3523 1558 3583 antequam
1588 3518 1984 3568 Eucharistiam
2009 3517 2323 3577 institueret,
2350 3514 2593 3581 Apostoli

164 3596 307 3647 animis
347 3603 448 3651 suis
495 3602 843 3653 vehementer
889 3604 1208 3670 perturbati,
1256 3621 1364 3654 non
1411 3604 1766 3655 attendissent
1811 3604 1881 3653 ad
1925 3618 2068 3653 nova
2115 3608 2167 3653 et
2211 3602 2458 3653 sublimia
2503 3603 2599 3653 illa

166 3686 386 3749 mysteria,
438 3704 579 3755 quae
640 3692 697 3739 in
749 3690 1107 3741 Eucharistici
1168 3690 1498 3741 Sacramenti
1551 3692 1881 3742 institutione
1941 3692 2070 3757 ipsis
2132 3690 2420 3741 traditurus
2481 3694 2599 3741 erat

167 3762 369 3822 Christus.
392 3774 519 3826 Ideo
558 3775 613 3825 d.
636 3776 921 3842 Augustini
952 3776 1183 3842 amplexi
1212 3779 1530 3828 sententiam
1556 3778 1906 3828 affirmamus:
1944 3776 2132 3826 lotioni
2163 3777 2358 3843 pedum
2383 3775 2594 3827 Eucha-

166 3851 301 3905 fissfiae
329 3860 713 3913 institutionem
746 3864 1120 3914 immediate
1158 3880 1275 3915 esse
1313 3864 1766 3931 subiungendum,
1805 3863 2090 3930 proditoris
2126 3878 2253 3913 vero
2289 3864 2595 3913 manifesta·

168 3938 319 3993 tionem
366 3950 651 4014 specialem
700 3950 757 4000 in
811 3952 947 4001 serie
994 3950 1334 4002 historiarum
1381 3968 1498 4003 esse
1543 3950 1982 4017 postponendam.
2061 3949 2242 3999 Verba
2295 3966 2335 4000 s.
2369 3949 2597 3999 Joannis

170 4024 225 4078 13,
244 4030 311 4079 21.
340 4037 483 4086 ταῦτα
516 4034 669 4087 εἰπὼν
706 4032 733 4086 ὃ
767 4034 973 4101 Ἰησοῦς,
1010 4054 1129 4089 cum
1166 4038 1300 4089 haec
1337 4038 1572 4102 dixisset,
1610 4039 1906 4105 respiciunt
1937 4036 2008 4087 ad
2034 4052 2114 4099 ea,
2144 4038 2361 4103 quaein
2398 4035 2595 4101 pedum

168 4106 317 4167 lotione
348 4126 396 4171 et
426 4122 809 4175 Eucharistiae
845 4126 1177 4175 institutione
1213 4125 1373 4175 Jesus
1411 4124 1559 4175 dixit.

320 4204 454 4258 Inter
500 4216 825 4276 argumenta
870 4226 1077 4275 eorum,
1128 4212 1219 4277 qui
1265 4212 1466 4278 primae
1521 4212 1818 4262 sententiae
1874 4210 2193 4273 adhaerent,
2245 4208 2461 4258 unicum
2515 4211 2598 4259 est

170 4282 341 4342 alienia,
372 4296 640 4360 ponderis,
680 4296 887 4348 scilicet
918 4298 1051 4369 quod
1082 4317 1185 4352 mm
1208 4300 1271 4351 sit
1293 4299 1554 4352 verisimile
1578 4300 1772 4353 Judam
1787 4298 2092 4369 proditorem
2114 4296 2186 4349 ad
2218 4295 2598 4349 &achar-{stiam

174 4422 519 4449 Ἀ..

329 4511 361 4579 ¹)
392 4514 575 4568 naeth.
612 4518 701 4579 26,
734 4518 821 4566 31.
855 4531 899 4569 s.
944 4514 1109 4567 Marc.
1147 4519 1228 4579 14,
1265 4518 1347 4567 27.
1384 4532 1427 4569 s.
1474 4516 1607 4567 Luc.
1636 4518 1720 4579 22,
1745 4518 1830 4567 83.
1856 4530 1898 4567 s.
1919 4542 1986 4553 --
2007 4514 2077 4565 ad
2101 4532 2152 4581 q.
2177 4530 2228 4567 ν.
2251 4514 2343 4566 Fr.
2364 4512 2417 4563 S.
2443 4512 2596 4565 Win-

170 4592 342 4665 terim,
364 4602 483 4655 diss.
504 4605 563 4655 in
588 4618 785 4654 comm.
810 4600 970 4653 theol.
994 4602 1324 4667 Velthusenss
1349 4604 1415 4666 V,
1444 4606 1559 4655 104.
1584 4620 1627 4655 s.
1653 4630 1722 4641 ——
1745 4603 1944 4653 Joann.
1971 4604 2053 4667 13,
2080 4604 2164 4653 36.
2188 4618 2232 4653 s.
