3267 5259
1138 462 1422 507 chronotaxis
1449 462 1719 515 Apostolica.
2531 449 2675 501 XCV

213 642 452 701 videmus
480 663 534 701 a.
573 646 669 701 67.
702 648 832 701 tum
862 644 1046 717 vulgo
1075 644 1397 720 receptior,
1449 648 1576 702 tum
1613 643 1995 704 verisimilior
2032 649 2304 721 apparet-3
2356 646 2495 723 quia
2522 647 2677 703 nihil

211 748 441 823 reperire
469 753 584 818 est,
633 748 786 825 quod
834 748 1086 806 alicuius
1117 750 1396 806 momenti
1426 750 1522 819 sit,
1572 754 1748 826 atque
1794 748 1935 806 huic
1966 768 2120 806 anno
2150 749 2512 807 contrarium
2558 769 2677 807 esse

211 852 457 908 videatur
485 850 518 909 ¹.
609 852 910 927 Epocham
971 852 1176 909 mortis
1237 853 1612 928 Apostolo
1631 872 1794 911 rum
1852 852 1918 909 in
1978 872 2131 910 anno
2190 853 2451 927 vulgaris
2510 872 2676 910 acrae

211 954 446 1013 LXVII.
477 954 758 1027 incidere,
805 976 983 1034 quam
1014 958 1277 1013 omnium
1307 957 1564 1013 maxime
1607 956 1965 1031 probabilem
2004 975 2300 1013 censemus
2342 962 2400 1013 et
2440 962 2677 1032 propter

209 1066 484 1136 sequentes
535 1078 738 1117 causas
792 1060 1172 1117 defendimus.
1244 1080 1297 1117 a.
1347 1060 1404 1117 S.
1445 1060 1632 1117 Amb
1650 1056 1975 1131 rosius²‚
2031 1065 2268 1117 narrat:
2324 1061 2563 1117 Pet-rum
2616 1066 2677 1117 et

209 1162 433 1219 Paulum
463 1164 728 1221 doctores
757 1163 1224 1221 Christianorum
1255 1169 1485 1221 necatos
1515 1184 1550 1221 a
1579 1165 1837 1233 Nerone;
1872 1168 2177 1242 postquam
2209 1166 2258 1221 is
2298 1165 2673 1235 ,Judaeorum

209 1438 322 1487 Ven.
363 1440 508 1489 1573.
546 1456 598 1503 p.
627 1440 750 1489 310.
787 1439 854 1488 D.
893 1440 1243 1499 Petavius,
1285 1439 1350 1489 de
1389 1439 1630 1489 doctrina
1666 1440 1986 1505 'l'emporum
2022 1440 2115 1503 XI,
2155 1441 2234 1488 14.
2273 1439 2341 1501 ΙΙ,
2372 1441 2486 1489 178.
2524 1440 2575 1490 J.
2611 1438 2674 1489 G.

209 1524 422 1587 Frank,
464 1542 516 1574 n.
555 1530 692 1591 syst.
733 1525 926 1575 Chron.
967 1526 1110 1576 fund.
1149 1544 1198 1591 p.
1231 1527 1345 1576 175.
1383 1526 1436 1575 ,1.
1463 1526 1522 1575 Ρ.
1549 1526 1604 1573 M
1614 1532 1873 1589 ynster,
1912 1526 1977 1575 de
2012 1526 2211 1575 ultimis
2250 1528 2403 1576 annis
2440 1528 2673 1575 muneris

209 1612 472 1675 Apostolici
509 1627 542 1661 a
577 1612 756 1662 Paulo
801 1614 934 1678 gesti
971 1613 1104 1678 disq.
1141 1614 1317 1662 Havn.
1347 1614 1496 1662 1815.
1521 1629 1572 1677 p.
1600 1614 1648 1661 9.
1676 1629 1717 1663 s.
1744 1612 1825 1661 68.
1854 1629 1894 1662 s.
1942 1612 2012 1661 H.
2039 1613 2099 1661 Α.
2136 1612 2393 1675 Schott,
2432 1614 2670 1663 Erorter.

209 1713 248 1745 e.
279 1714 336 1745 w,
374 1697 550 1747 chron.
585 1699 652 1748 P.
691 1699 727 1747 i.
765 1698 815 1748 d.
851 1698 914 1747 L.
951 1698 1002 1749 d.
1038 1699 1101 1748 A.
1137 1699 1356 1749 Paulus.
1405 1716 1455 1763 p.
1506 1700 1620 1747 143.
1669 1715 1710 1748 s.
1766 1698 1855 1747 Fr.
1902 1699 1965 1747 X.
2004 1699 2343 1749 patritius
2390 1698 2441 1748 S.
2488 1699 2555 1761 ,1.,
2607 1700 2673 1749 de

209 1784 487 1851 Evangeliis
523 1785 568 1834 Ι.
609 1788 660 1847 1,
698 1787 748 1835 2.
773 1802 824 1835 n.
851 1787 934 1835 30.
967 1800 1011 1835 s.
1049 1803 1100 1850 p.
1125 1788 1209 1835 41.
1249 1802 1290 1836 s.
1327 1785 1378 1835 J.
1403 1784 1686 1846 Buchcr,
1728 1784 1978 1835 Cbronol.
2019 1785 2068 1833 d.
2102 1786 2167 1835 N.
2193 1786 2254 1834 T.
2290 1802 2341 1851 p.
2370 1789 2485 1835 131.
2513 1802 2554 1835 ι.
2606 1785 2670 1835 G.

211 1870 477 1934 Ginella‚
513 1873 580 1921 de
621 1872 768 1922 auth.
807 1888 888 1937 ep.
927 1888 969 1921 s.
1008 1872 1164 1922 Pauli
1199 1873 1406 1923 Pastor.
1445 1889 1495 1937 p.
1538 1874 1654 1922 131.
1704 1873 1770 1921 D.
1808 1872 2232 1931 Bartolinus,
2282 1886 2443 1936 sopra
2478 1871 2667 1922 l'anno

207 1956 398 2007 vall.
433 1957 554 2007 dell'
589 1973 689 2009 era
723 1958 939 2023 volgare
989 1974 1047 2010 se
1092 1958 1238 2009 fosse
1276 1958 1399 2023 quel
1444 1958 1530 2008 del
1575 1958 1811 2008 martirio
1862 1958 1945 2007 dei
1992 1958 2209 2024 gloriosi
2248 1959 2483 2024 Principi
2530 1958 2672 2023 degli

207 2042 421 2108 Apostoli
457 2046 642 2096 Pietro
681 2051 736 2095 et
769 2045 937 2095 Paolo
975 2045 1088 2094 obs.
1127 2050 1251 2095 stor.
1281 2044 1460 2095 chron.
1497 2044 1650 2095 Rom.
1692 2046 1843 2095 1866.
1882 2061 1931 2109 p.
1960 2046 2007 2095 6.
2034 2058 2075 2094 s.

389 2130 430 2195 ²)
467 2131 610 2182 Illud
651 2132 862 2197 quidem
899 2133 1054 2182 nobis
1093 2132 1371 2181 obiicient:
1409 2132 1702 2181 Eusebium
1740 2132 1795 2180 in
1832 2131 2095 2180 Chronico
2134 2129 2217 2180 etl.
2250 2130 2499 2180 Vallarsii
2531 2130 2674 2193 VIII,

209 2218 308 2265 673.
343 2233 618 2269 recensere
657 2234 842 2269 necem
873 2218 1250 2284 Apostolorum
1275 2219 1417 2267 Petri
1455 2224 1509 2267 et
1538 2218 1694 2267 Pauli
1732 2218 2021 2283 proxime
2061 2222 2209 2266 ante
2248 2216 2677 2266 rebellionem

206 2303 522 2367 Judaeorum,
551 2319 717 2371 quam
743 2320 807 2354 ex
831 2305 1070 2369 Josepho
1108 2309 1320 2354 constat
1342 2320 1390 2354 a.
1417 2318 1496 2354 ae.
1525 2321 1572 2353 v.
1600 2306 1685 2354 66.
1724 2305 1980 2353 evenisse.
2032 2303 2268 2353 Eusebio
2306 2302 2503 2367 dicunt,
2532 2303 2676 2353 favet

211 2389 440 2455 Sulpitius
471 2390 542 2453 8.,
581 2392 725 2441 nist.
751 2408 794 2441 s.
834 2390 904 2453 Π,
930 2392 1014 2441 41.
1040 2392 1124 2441 42.
1151 2408 1202 2456 p.
1237 2393 1357 2441 355.
1395 2391 1663 2441 scribens:
1714 2391 1881 2449 „Tum
1917 2389 2117 2439 Paulus
2156 2404 2221 2439 ac
2258 2390 2446 2439 Petrus
2484 2390 2674 2454 capitis

208 2475 444 2541 damnati3
484 2492 713 2543 quorum
749 2479 842 2527 uni
879 2478 1057 2526 cervix
1093 2476 1274 2543 gladio
1313 2477 1543 2538 desecta,
1581 2477 1775 2526 Petrus
1798 2477 1853 2525 in
1880 2492 2092 2525 crucem
2117 2475 2364 2526 sublatus
2391 2481 2485 2525 est.
2532 2476 2675 2525 Dum

207 2560 322 2611 haec
344 2564 538 2613 Romae
558 2568 820 2629 geruntur
844 2564 877 2614 J
883 2563 1038 2613 udaei
1059 2564 1320 2629 praesidis
1341 2565 1422 2613 sui
1444 2564 1591 2613 Festi
1613 2562 1760 2612 Flori
1778 2563 2000 2611 iniurias
2021 2577 2127 2610 non
2145 2562 2393 2623 ferentes,
2414 2561 2675 2612 rebellare

209 2654 522 2712 coeperunt.“
574 2650 698 2699 Hoc
724 2656 901 2699 autem
938 2649 1192 2713 secund0‚
1233 2652 1545 2700 continuant
1581 2649 1755 2709 iidem,
1794 2648 2187 2714 perpendamus
2212 2648 2491 2711 Neronem,
2526 2648 2675 2698 iuxta

209 2736 434 2785 unanime
465 2737 802 2802 antiquitatis
829 2736 1201 2799 testimonium,
1240 2752 1357 2786 cum
1385 2738 1576 2787 Petrus
1603 2742 1657 2785 et
1681 2735 1879 2785 Paulus
1906 2735 2067 2784 occisi
2094 2739 2233 2798 sunt,
2264 2735 2466 2784 Romae
2493 2735 2674 2785 fuisse.

209 2821 268 2868 At
287 2837 404 2871 vero
427 2836 570 2873 anno
597 2823 683 2873 67.
721 2822 986 2872 Neronem
1023 2824 1080 2871 in
1119 2822 1398 2873 Graeciam
1423 2824 1709 2888 navigasse
1735 2821 1987 2871 discimus
2014 2838 2079 2871 ex
2104 2822 2279 2871 Dione
2306 2821 2510 2884 Cassi0,
2536 2822 2675 2872 Hist-

207 2922 319 2956 rom.
338 2910 417 2971 63,
439 2910 487 2959 8.
526 2910 611 2959 ed.
633 2909 866 2959 Fabricii
891 2910 1039 2959 1752.
1077 2908 1146 2972 ΙΙ,
1173 2911 1322 2959 1031.
1371 2909 1506 2958 Cum
1534 2911 1639 2957 iam
1666 2912 1807 2959 esset
1843 2912 2127 2958 autumnus
2154 2906 2329 2957 adhuc
2353 2909 2409 2957 in
2448 2908 2675 2958 Graecia

209 2997 628 3059 commorabatur,
653 3000 730 3045 uti
756 3001 936 3047 narrat
958 2997 994 3046 J
999 2996 1248 3061 oscphus,
1282 2997 1346 3047 de
1373 2996 1514 3045 bello
1541 2996 1640 3044 111.
1672 2997 1751 3056 10,
1780 2998 1858 3044 10.
1886 3011 1935 3059 p.
1963 2996 2110 3057 260.;
2138 2993 2280 3059 quod
2307 2994 2517 3059 quidem
2550 3010 2671 3043 cum

209 3080 360 3131 Dione
381 3082 416 3132 l.
435 3100 481 3133 c.
509 3100 560 3133 n.
585 3086 668 3133 17.
688 3101 738 3148 p.
766 3086 914 3133 1038.
942 3085 1210 3133 convenit.
1235 3085 1382 3133 Ecce
1409 3088 1586 3133 autem
1607 3081 1775 3131 hocce
1802 3081 1940 3130 bene
1967 3097 2200 3145 expenso
2220 3081 2446 3131 Neronis
2473 3081 2675 3131 reditus

210 3172 316 3216 ante
335 3173 642 3219 autumnum
670 3184 718 3219 a.
740 3170 822 3218 67.
844 3169 1148 3219 nullatenus
1168 3171 1333 3219 statui
1360 3174 1559 3235 potcst3
1582 3167 1773 3233 quodsi
1792 3169 1885 3230 ita,
1910 3167 2143 3237 validum
2167 3169 2397 3217 occurrit
2420 3168 2675 3218 adversus

211 3266 251 3301 s.
275 3256 350 3303 67.
385 3258 790 3320 argumentum?
841 3255 1032 3321 Itaque
1059 3271 1178 3305 cum
1204 3258 1502 3306 sententiae
1529 3256 1594 3305 de
1623 3269 1771 3313 anno,
1792 3256 1875 3303 64.
1902 3254 2041 3303 iuste
2068 3259 2383 3320 opponatur,
2408 3254 2676 3303 Neronem

209 3339 258 3387 in
280 3340 600 3392 Christianos
638 3343 846 3391 saevire
881 3358 989 3393 non
1028 3344 1236 3407 cepisse
1273 3348 1398 3393 ante
1434 3342 1756 3403 incendium,
1795 3340 1935 3405 quod
1962 3342 2163 3390 Romae
2200 3356 2381 3389 mense
2418 3340 2564 3389 Julio
2592 3342 2675 3389 64.

210 3426 397 3487 accidit,
423 3429 662 3493 opinioni
687 3444 814 3477 vero
840 3428 906 3476 de
932 3443 1074 3478 auno
1101 3432 1184 3478 65.
1211 3428 1390 3479 nullus
1417 3432 1743 3478 vetustorum
1770 3428 2087 3491 scriptorum
2111 3427 2319 3490 faveat3
2348 3454 2406 3463 —
2428 3426 2673 3475 Orosium

211 3510 540 3563 Historiarum
566 3514 686 3574 VII,
717 3515 762 3563 7.
802 3513 882 3563 cd.
911 3514 1018 3579 sig.
1057 3515 1415 3581 Havercamp.
1453 3513 1625 3579 Lugd.
1654 3514 1841 3563 Batav.
1872 3514 2021 3563 1738.
2059 3529 2109 3577 p.
2136 3514 2260 3561 473:
2292 3512 2673 3561 hallucinatum

221 3612 324 3647 cum
373 3606 578 3650 narrat:
637 3600 920 3650 effusum
973 3600 1440 3665 Apostolorum
1495 3601 1879 3665 sanguinem
1934 3598 2155 3648 duram
2206 3597 2406 3647 ultam
2465 3598 2676 3647 fuisse

211 3681 333 3733 luem
367 3700 414 3735 a.
451 3688 564 3750 65.;
623 3685 1007 3737 demonstravit
1049 3686 1371 3751 Pogginius,
1423 3687 1489 3736 dc
1534 3702 1663 3737 rom.
1702 3686 1752 3736 d.
1789 3686 1934 3735 Petri
1981 3686 2169 3734 itinere
2217 3690 2271 3733 et
2322 3684 2673 3750 Episcopatu.

211 3768 337 3820 Flor.
374 3774 522 3823 1741.
565 3790 618 3839 p.
657 3774 773 3823 380.
801 3800 867 3809 —-
893 3788 1003 3823 una
1038 3772 1214 3823 adhuc
1250 3780 1494 3839 superest
1529 3772 1582 3822 S.
1607 3770 1895 3838 Epiphanii
1928 3771 2142 3821 traditio
2180 3770 2326 3821 haer.
2363 3771 2584 3832 XXVII,
2624 3772 2672 3821 6.

212 3870 258 3919 p.
281 3858 387 3908 107.
450 3859 561 3919 „Ac
597 3859 711 3909 fieri
751 3875 880 3911 sane
917 3862 1090 3925 potuit
1126 3864 1187 3910 ut
1221 3860 1446 3926 primum
1484 3858 1758 3908 Clemente
1797 3860 2101 3919 constitum,
2142 3874 2261 3907 cum
2284 3859 2348 3908 iis
2381 3857 2673 3922 defugeret,

211 3949 378 4005 postea
411 3946 548 3995 Lino
588 3945 846 4010 Cletoque
883 3950 1108 4007 mortuo,
1157 3947 1248 4011 qui
1287 3948 1366 3995 12.
1415 3961 1675 3995 annorum
1722 3946 1897 4011 spatio
1946 3944 2253 4009 singillatim
2289 3944 2675 4009 Episcopatum

212 4028 533 4082 obtinuerunt
575 4036 699 4099 post
742 4032 1114 4097 Apostolorum
1153 4033 1299 4082 Petri
1346 4032 1609 4097 Paulique
1654 4047 1863 4093 necem,
1916 4046 2055 4097 quae
2100 4032 2155 4080 in
2202 4046 2401 4079 annum
2447 4028 2675 4078 Neronis

211 4114 317 4165 XII.
351 4118 583 4181 incurrit,
621 4124 734 4170 tum
769 4118 980 4169 demum
1016 4118 1390 4169 Pontificatum
1428 4132 1708 4184 capessere
1745 4119 1815 4168 sit
1850 4122 2119 4167 coactus.“
2171 4116 2277 4166 Sed
2306 4119 2673 4181 argumentum

211 4198 352 4263 istud,
388 4220 480 4255 cur
517 4221 656 4256 anno
694 4206 778 4256 66.
817 4219 859 4255 s.
885 4222 926 4255 s.
953 4206 1144 4255 Petrus
1176 4210 1230 4255 et
1265 4205 1467 4255 Paulus
1503 4206 1754 4270 martyrio
1793 4204 2143 4254 consummati
2181 4202 2529 4263 affirmantur,
2566 4216 2675 4251 non

216 4290 373 4352 magni
405 4292 656 4356 ponderis
694 4296 800 4342 est:
839 4308 956 4341 cum
993 4291 1143 4341 nullo
1167 4292 1421 4342 Veterum
1458 4292 1761 4341 testimonio
1796 4291 2049 4341 traditum
2083 4289 2359 4351 habeatur,
2398 4288 2673 4355 Principes

215 4372 569 4438 Apostolorum
605 4379 910 4429 interfectos
947 4378 1207 4428 Nerone
1243 4378 1307 4427 in
1343 4376 1518 4428 Urbe
1555 4380 2009 4427 commorante.
2059 4376 2101 4440 ²)
2130 4377 2212 4425 De
2249 4374 2457 4425 excidio
2483 4374 2674 4425 Hiero-

217 4460 542 4525 solymitanae
587 4464 750 4515 Urbis
795 4464 831 4514 l.
867 4464 938 4514 11.
977 4492 1042 4501 —-
1082 4480 1216 4529 quos
1261 4464 1426 4515 libros
1475 4462 1722 4515 Pontifici
1764 4462 2153 4513 Mediolanensi
2190 4463 2389 4529 primus
2440 4464 2673 4512 omnium

217 4544 476 4613 adscripsit
513 4550 571 4600 C.
609 4551 898 4611 Cot-tesius,
937 4556 1088 4601 tract.
1117 4550 1236 4600 adv.
1263 4566 1436 4616 persv.
1461 4569 1513 4618 p.
1541 4552 1659 4601 327.
1684 4550 1884 4615 aliique
1910 4549 1961 4599 d.
1986 4567 2035 4616 q.
2062 4565 2111 4600 V.
2138 4566 2188 4616 p.
2215 4552 2334 4601 310.
2363 4552 2409 4599 1.
2436 4578 2501 4587 -
2528 4549 2675 4615 apud

217 4630 271 4680 A.
303 4632 649 4701 Gallandium,
686 4636 937 4687 Biblioth.
977 4638 1094 4687 Vct.
1133 4638 1274 4687 Patr.
1315 4639 1478 4703 antiq.
1518 4637 1708 4703 Script.
1746 4636 1895 4687 Eccl.
1932 4636 2053 4701 vn,
2089 4639 2204 4687 700.
