3267 5259
1159 422 1271 465 nnn
1296 423 1419 465 saun
1444 424 1682 465 convenio.
2533 412 2663 479 333

186 594 459 658 iniunxit
505 593 817 675 Christus,
863 605 935 658 ut
981 594 1211 659 urbem
1258 594 1522 678 subiret,
1568 594 1658 659 ibi
1705 595 1927 660 divina
1970 595 2278 660 mandata
2309 595 2664 662 auditurus.

186 704 239 767 Ε
281 715 454 770 terra
500 708 695 791 igitur
739 729 1030 793 surgens,
1078 730 1147 771 se
1197 709 1494 794 quamvis
1541 706 1745 772 oculis
1800 709 2038 793 apertis
2084 709 2297 792 sciret,
2346 712 2663 775 coecitate

188 840 564 903 percussum
590 820 823 903 sensit3
859 842 1060 905 quare
1086 842 1284 885 manu
1308 820 1630 885 sociorum
1657 820 2014 906 prehensus
2037 819 2438 886 Damascum
2465 822 2665 887 dedu-

190 932 365 1011 citur,
410 930 603 997 isthic
642 932 925 997 triduum
956 934 1211 998 ieiunus
1252 934 1318 996 in
1350 931 1545 997 domo
1580 934 1918 998 cuiusdam
1949 933 2166 999 Judae
2195 936 2450 999 mansit.
2499 934 2666 999 Cum

186 1042 485 1129 precibus
533 1053 599 1107 et
627 1045 878 1109 ieiuniis
910 1044 1183 1109 assiduis
1212 1054 1483 1109 vacaret
1514 1044 1770 1127 SauluS,
1819 1048 2120 1131 apparuit
2160 1048 2220 1111 ei
2249 1049 2350 1110 vir
2372 1046 2664 1111 Ananias

185 1158 439 1220 nomine
468 1160 507 1239 ¹,
570 1156 681 1243 qui
740 1158 863 1243 ipsi
921 1156 1303 1243 imponebat
1361 1180 1629 1241 manus,
1691 1169 1762 1223 ut
1831 1159 2045 1223 visum
2089 1158 2432 1245 reciperet.
2521 1159 2664 1224 Nec

186 1270 405 1333 visioni
453 1268 661 1333 defuit
707 1280 998 1335 eventus.
1046 1270 1269 1356 Lapso
1316 1268 1528 1335 triduo
1559 1269 1884 1335 Dominus
1919 1270 2246 1337 Ananiam
2283 1270 2666 1357 discipulum

185 1380 355 1463 Jesu,
396 1380 667 1445 Saulum
685 1384 713 1427 ²
742 1384 1115 1465 convenire,
1146 1383 1597 1469 impositisque
1628 1382 1719 1446 illi
1748 1383 2048 1447 manibus
2079 1383 2287 1447 visum
2318 1385 2660 1449 restituere

184 1493 530 1558 mandavit.
594 1492 790 1573 Quod
838 1496 1033 1559 etiam
1080 1495 1236 1559 fecit
1266 1494 1556 1560 Ananias
1591 1494 1992 1581 Saulumque
2037 1495 2361 1581 baptismo
2409 1497 2600 1560 tinxit
2619 1500 2662 1559 ³.

184 1605 269 1669 Ut
310 1628 497 1671 sacro
531 1606 713 1671 fonte
744 1608 985 1672 tinctus
1018 1618 1116 1672 est
1134 1612 1177 1691 ⁴,
1225 1631 1380 1673 vere
1414 1609 1802 1691 Θεοδίδακτος,
1851 1631 2020 1694 quae
2052 1618 2203 1673 ante
2237 1608 2666 1675 exhorruerat

185 1716 339 1781 Jesu
384 1718 699 1804 dogmata
744 1742 869 1784 ceu
914 1720 1135 1785 divina
1178 1721 1245 1785 in
1276 1720 1680 1785 Judaeorum
1714 1722 2065 1806 synagogis
2095 1721 2480 1806 praedicare
2515 1745 2662 1788 coe-

186 1832 290 1915 pit,
334 1854 581 1917 magno
629 1855 777 1897 cum
825 1832 1254 1917 audientium,
1318 1842 1673 1919 tantaeque
1732 1834 2106 1897 mutationis
2171 1856 2438 1935 causam
2482 1835 2663 1919 igno-

184 1945 451 2009 rantium
506 1956 773 2032 stupore
794 1950 835 2011 ⁵.

378 2140 637 2207 Diyressio
674 2138 745 2191 ad
776 2139 1007 2209 epistolae
1045 2138 1161 2189 Gal.
1203 2142 1249 2202 1,
1291 2142 1401 2189 12.:
1454 2158 1638 2209 „neque
1681 2141 1816 2191 enim
1860 2158 1945 2207 eqo
1992 2139 2056 2191 ab
2091 2140 2283 2193 hancine
2318 2141 2486 2209 accepi
2518 2140 2662 2200 illud,

186 2249 247 2259 -
280 2225 614 2293 Evanqelium
648 2252 717 2262 —-
750 2244 905 2295 neque
940 2226 1111 2289 didici,
1148 2227 1233 2279 sed
1268 2245 1361 2295 per
1402 2226 1747 2279 revelationem
1789 2227 1909 2279 Jesu
1950 2226 2178 2278 Clau-istis
2251 2226 2664 2277 Vexatissimum

188 2310 458 2361 incidimus
496 2313 553 2361 in
590 2310 769 2361 locum
804 2318 1022 2379 propter
1056 2312 1247 2363 verba:
1286 2310 1384 2375 ,,δι’
1425 2306 1775 2380 ἀποκαλύψεως
1809 2308 1966 2376 Ἰησοῦ
1993 2311 2255 2380 Χριστοῦ.“
2305 2311 2439 2362 0011.
2465 2312 2664 2379 Ephcs.

186 2398 229 2457 3,
265 2398 311 2446 3.
348 2399 640 2459 Quaeritur
677 2398 743 2449 de
781 2398 1025 2449 Genitivo
1068 2398 1231 2460 „Jesu
1268 2398 1527 2449 Christi?“
1589 2400 1666 2449 Ut
1699 2414 1810 2449 rem
1845 2400 2032 2465 paucis
2071 2399 2336 2450 dicamus:
2387 2400 2664 2449 Genitivus

184 2482 307 2532 Jesu
344 2484 545 2537 Christi
582 2490 663 2535 est
698 2485 938 2548 subiecti,
976 2502 1069 2537 seu
1108 2487 1359 2537 auctoris.
1395 2485 1459 2534 In
1499 2500 1742 2535 sermone
1777 2500 1969 2550 graeco
2006 2484 2036 2549 ἡ
2075 2479 2392 2553 ἀποκάλυψις,
2431 2486 2497 2535 ab
2539 2480 2659 2547 ἀπο,-

184 2567 405 2621 καλῦπτω
430 2600 501 2608 —-
534 2572 587 2622 in
626 2573 803 2622 futuro
842 2567 1141 2641 ἀποκαλύψω
1168 2602 1233 2610 -
1258 2578 1439 2638 retego
1468 2572 1610 2639 quod
1636 2573 1887 2635 velatum,
1915 2579 2224 2637 coopertum
2252 2578 2347 2635 est,
2383 2572 2660 2622 velaminis

186 2659 521 2709 remotionem
558 2658 839 2724 significat.
880 2659 1015 2709 Coll.
1052 2660 1218 2709 Lxx.
1256 2660 1411 2710 Num.
1449 2662 1498 2723 4,
1537 2661 1584 2709 5.
1621 2659 1664 2709 1.
1703 2660 1832 2725 Reg.
1871 2661 1954 2721 20,
1993 2660 2076 2709 30.
2137 2658 2454 2725 Metaphora
2489 2664 2661 2709 sumta

186 2756 215 2790 a
260 2744 439 2807 rebus,
498 2760 637 2811 quae
684 2745 803 2795 velo
854 2761 1094 2811 oppanso
1132 2752 1323 2809 tectae,
1371 2750 1573 2795 remoto
1611 2746 1732 2796 velo
1772 2745 2112 2811 deteguntur3
2169 2740 2466 2813 ἀποκάλυψις
2503 2747 2660 2811 igitur

184 2830 427 2881 translate
453 2837 551 2894 est,
580 2834 655 2881 rei
680 2839 896 2898 opertae
922 2834 1227 2899 patefactio.
1260 2834 1471 2898 Lingua
1493 2833 1558 2881 N.
1579 2834 1641 2881 T.
1669 2838 1721 2883 et
1746 2832 2112 2882 ecclesiastica
2134 2832 2424 2897 significat:
2451 2833 2659 2883 institu-

184 2917 367 2966 tionem
407 2918 473 2967 de
510 2920 673 2969 rebus
713 2920 905 2970 divinis
944 2920 1012 2969 ad
1050 2920 1275 2969 salutem
1312 2919 1707 2984 spectantibus;
1752 2934 1890 2984 quae
1927 2920 2118 2984 partim
2166 2918 2376 2969 Christo
2415 2919 2662 2968 tribuitur

185 3006 394 3066 auctori,
432 3004 624 3055 Matth.
651 3009 735 3067 11,
762 3009 843 3055 27.
882 3006 1015 3056 Luc.
1042 3010 1091 3067 2,
1118 3009 1201 3056 32.
1224 3007 1431 3071 «partim
1467 3006 1854 3071 praedicationi
1881 3005 1945 3054 de
1973 3004 2182 3054 Christo
2222 3021 2318 3055 seu
2343 3005 2658 3071 Evangelio,

184 3088 323 3139 Rom.
346 3094 390 3153 1,
416 3094 495 3141 17.
529 3094 609 3154 16,
631 3094 731 3155 25„
768 3094 961 3158 partim
986 3092 1103 3142 Deo
1129 3092 1286 3142 modo
1313 3091 1638 3157 simpliciter,
1671 3091 1857 3141 Matth.
1883 3092 1961 3155 16,
1984 3093 2064 3141 17.
2104 3090 2220 3141 Gal.
2243 3092 2284 3153 Ι,
2308 3094 2388 3141 16.
2426 3091 2657 3157 Philipp.

186 3178 228 3237 3,
266 3179 342 3225 15.
378 3178 539 3229 modo
580 3180 654 3227 ita
688 3184 749 3228 ut
784 3179 933 3229 Deus
978 3195 1075 3244 per
1112 3178 1379 3229 Christum
1423 3179 1698 3227 veritatem
1743 3178 2050 3243 patefacere
2096 3178 2304 3227 dicatur
2351 3178 2657 3241 exaltatum,

186 3265 397 3313 maxime
434 3281 532 3331 per
569 3266 795 3330 Spiritus
834 3264 885 3315 S.
925 3266 1219 3316 efficaciam
1256 3264 1442 3315 Matth.
1485 3268 1563 3327 11,
1603 3267 1687 3313 25.
1727 3264 1858 3314 Coll.
1897 3264 2062 3329 Apoc.
2102 3267 2148 3327 1,
2187 3269 2231 3314 1.
2269 3264 2312 3313 Ι.
2353 3263 2472 3313 Cor.
2500 3267 2548 3325 2,
2581 3266 2659 3315 10.

186 3350 371 3413 Ephes.
410 3354 458 3413 3,
499 3354 547 3401 3.
588 3351 753 3402 Cuius
791 3354 1043 3417 postremi
1080 3354 1289 3418 generis
1326 3352 1587 3401 institutio
1628 3352 1694 3399 ab
1733 3350 1854 3399 aliis
1889 3351 2060 3400 modis
2095 3351 2443 3400 institutionis
2475 3350 2657 3423 distin-

185 3437 399 3495 guenda.
437 3438 721 3488 Obiectum
749 3433 1099 3506 ἀποκαλύψεως
1124 3438 1345 3503 proinde
1375 3442 1455 3487 est
1482 3438 1834 3486 universae
1863 3436 2206 3485 doctrinae
2234 3436 2660 3487 Christianae

385 3728 423 3791 ¹)
450 3728 619 3777 Juxta
642 3732 678 3777 t.
700 3744 748 3777 0.
777 3722 862 3786 „iv
884 3720 1144 3793 ὁράματι.“
1192 3726 1307 3775 Act.
1330 3728 1379 3787 9,
1402 3728 1482 3775 10.
1540 3724 1579 3789 2)
1616 3724 1680 3774 In
1705 3725 1824 3774 vico
1849 3730 1996 3774 recto
2022 3724 2366 3775 habitantem.
2424 3722 2467 3789 ³)
2499 3725 2658 3776 Initio

187 3812 387 3876 quidem
412 3814 647 3864 officium
673 3812 898 3879 periculi
918 3818 1063 3863 metu
1080 3816 1363 3877 superatus
1381 3812 1638 3872 Ananias,
1663 3811 2064 3876 tergiversando
2091 3810 2361 3875 amolitur3
2388 3810 2660 3875 productis

186 3898 457 3951 multorum
482 3901 816 3963 testimoniis,
844 3900 1039 3965 quibus
1068 3904 1293 3949 noverat
1326 3894 1503 3947 illatas
1528 3898 1696 3947 fuisse
1731 3898 1954 3947 iniurias
1979 3912 2140 3947 manu
2167 3896 2331 3958 Sauli,
2369 3912 2436 3945 ne
2469 3897 2662 3947 frustra

186 3986 279 4035 sibi
324 3988 511 4037 timere
560 3987 821 4037 videatur.
881 3986 1204 4051 Expugnato
1252 3986 1463 4047 timore,
1512 3984 1603 4033 ubi
1649 3982 1870 4033 Saulum
1917 3983 2238 4033 destinatum
2281 3984 2533 4047 cognovit
2567 3999 2662 4047 per

188 4070 469 4136 Christum,
528 4074 597 4123 ad
648 4074 819 4123 multa
870 4072 1107 4139 gerenda
1158 4076 1319 4137 atque
1374 4071 1658 4121 toleranda
1708 4086 1804 4136 pro
1859 4069 2142 4119 Ecclesiae
2197 4084 2390 4131 causa;
2447 4069 2662 4119 tandem

187 4162 403 4211 accessit
456 4160 527 4211 ad
576 4160 813 4222 Saulum,
870 4159 1065 4209 blande
1114 4174 1235 4209 eum
1285 4158 1652 4223 compellavit,
1699 4161 1754 4207 et
1799 4156 2126 4221 provinciam
2178 4155 2280 4204 sibi
2329 4157 2662 4207 commissam

188 4244 402 4296 edocuit.
450 4246 619 4297 Manu
646 4252 821 4297 autem
848 4247 1011 4311 capiti
1035 4244 1179 4295 illius
1204 4245 1466 4310 imposita,
1508 4244 1772 4310 quaedam
1805 4241 1972 4293 veluti
1998 4256 2305 4307 squammae
2332 4257 2396 4291 ex
2424 4240 2663 4291 eiusdem

189 4332 345 4383 oculis
393 4333 637 4399 dilapsae
684 4338 833 4395 sunt,
884 4338 1165 4382 revocatus
1214 4330 1283 4381 ad
1329 4330 1505 4381 lucem
1550 4332 1728 4381 statim
1778 4329 2099 4393 baptismum
2146 4330 2395 4394 suscepit.
2469 4327 2660 4394 Epulis

188 4418 405 4471 refectus
441 4419 653 4483 Saulus,
694 4419 997 4470 debilitatae
1034 4418 1217 4467 inedia
1250 4418 1390 4467 vires
1428 4417 1780 4482 recuperavit.
1845 4415 1887 4480 ⁴)
1919 4414 2044 4465 Mox
2072 4414 2300 4480 quidem,
2334 4414 2485 4465 nulla
2509 4429 2660 4481 prae-

190 4504 397 4557 cedente
433 4507 669 4557 humana
704 4506 1063 4569 institutione,
1110 4519 1145 4555 a
1187 4504 1397 4554 Christo
1442 4504 1745 4555 immediate
1794 4516 1860 4552 ea
1902 4516 2040 4568 quae
2079 4503 2346 4569 pertinent
2389 4502 2459 4553 ad
2494 4506 2662 4553 totam

191 4588 473 4643 doctrinam
510 4592 875 4659 evangelicam
912 4592 1221 4657 plenissime
1259 4590 1494 4641 edoctus.
1570 4592 1611 4655 ⁵)
1649 4591 1928 4655 Leguntur
1964 4588 2098 4639 haec
2132 4588 2249 4639 Act.
2288 4592 2338 4653 9,
2366 4591 2550 4641 1—21.
