3267 5259
509 426 637 489 314
1268 438 1326 477 n«.
1356 437 1547 477 sontibus
1574 437 1736 477 metor.
1771 437 1825 477 D.
1857 436 1908 477 u.
1937 436 1981 476 .1.
2011 436 2058 475 e.
2089 448 2238 477 comm.

511 624 569 676 et
599 618 871 675 dictionis
901 638 1110 691 genum
1164 618 1279 675 tale
1311 618 1613 688 nimirum,
1648 618 1819 695 quale
1847 618 2080 692 Josephi
2117 637 2234 673 esse
2261 616 2430 675 solet.
2457 614 2474 653 ¹
2517 617 2780 675 Tandem
2815 634 2856 671 ε.
2885 618 2994 673 sal-

509 742 585 781 vo
614 724 723 781 hoc
751 722 1089 780 testimonio
1116 742 1233 781 non
1264 727 1351 780 est
1380 742 1623 792 necesse,
1673 726 1740 779 ut
1771 722 1963 779 nescio
2006 721 2148 798 quid
2192 720 2256 779 in
2287 720 2499 781 Flavio
2542 720 2905 796 χριπιανικὲν
2950 739 2998 775 ·.·.

512 846 907 901 agnoscamus.
971 822 1239 885 Dicendo
1279 828 1314 885 J
1328 846 1521 885 esum
1562 847 1708 883 esse
1748 825 2146 895 Christum,
2197 846 2312 883 non
2345 824 2668 882 declaravit
2709 825 2998 900 propriam

510 932 878 1002 sententiam,
922 932 1018 988 sed
1056 931 1475 1007 discipulorum
1504 933 1629 988 eius
1660 936 1836 1007 atque
1867 928 2234 987 asseclarum.
2297 929 2503 1005 Neque
2532 928 2833 1001 singulare
2863 929 2997 1006 quid

512 1037 689 1093 habe-t
732 1035 1007 1094 Flavium
1060 1036 1297 1093 nomine
1342 1036 1561 1093 Christi
1593 1034 1956 1093 Salvatorem
2001 1032 2319 1108 adpo-nasse.
2337 1078 2350 1103 ‚
2407 1032 2550 1110 quia
2597 1033 2794 1089 eodem
2839 1034 3000 1089 Jesus

512 1142 900 1198 communiter
930 1145 1101 1199 notus
1132 1146 1260 1198 erat
1280 1136 1323 1197 ².
1392 1144 1591 1217 Aeque
1621 1159 1756 1196 eum
1795 1139 1943 1195 bene
1974 1138 2273 1195 Christum
2304 1155 2516 1195 vocare
2561 1142 2818 1212 poterat,
2869 1138 3000 1193 licei⁴

511 1245 783 1301 Messiam
830 1264 946 1302 non
996 1246 1267 1313 haberet3
1315 1264 1493 1323 quam
1539 1244 1769 1301 Pilatus
1821 1247 1883 1300 in
1932 1242 2312 1317 inscriptione
2365 1242 2556 1298 crucis
2608 1262 2742 1299 eum
2791 1242 3001 1316 Regem

511 1349 547 1405 J
552 1351 865 1406 udaoorum
898 1350 1221 1425 adpellavit
1241 1347 1283 1407 ²3.

720 1455 935 1511 Nostra
959 1450 1217 1531 ἐπίκρισις
1239 1456 1382 1512 hanc
1404 1460 1556 1512 eet-0:
1588 1460 1712 1511 tota
1741 1454 2138 1511 controversia
2169 1453 2238 1507 de
2264 1452 2600 1509 testimonio
2629 1451 2742 1523 ,τοῦ
2769 1446 2998 1521 ἑλληνί-

514 1558 697 1626 ζοντος
728 1555 1005 1633 Ἐβραίου“
1050 1558 1263 1629 Flavii,
1314 1559 1498 1631 magis
1529 1556 2063 1626 historico-critica,
2111 1575 2288 1633 qnam
2327 1556 3004 1629 theologico-dogmatica

514 1668 617 1720 est.
666 1663 797 1720 Non
830 1664 1139 1721 admodum
1170 1665 1499 1737 indigemus
1529 1664 1638 1719 hoc
1669 1664 2042 1729 monimentO,
2077 1680 2206 1717 cum
2241 1660 2565 1719 Divinitati
2596 1660 2737 1717 Jesu
2763 1659 3000 1723 Christi,

514 1786 661 1844 qnae
692 1767 1031 1825 certissimis
1061 1774 1119 1825 et
1163 1768 1517 1826 firmissimis
1548 1767 1766 1824 nititur
1796 1766 2158 1839 argumentis
2189 1765 2342 1822 nihil
2374 1766 2617 1834 decedit,
2653 1764 2828 1822 etiam
2859 1765 2910 1821 si
2943 1771 3000 1819 ut

513 1872 875 1947 suppositum
906 1872 1258 1929 reiioiamus.
1294 1872 1461 1930 Unde
1492 1892 1610 1930 non
1643 1877 1726 1929 est
1761 1872 2014 1929 nimium
2047 1870 2304 1928 taxanda
2333 1890 2535 1926 eornm
2579 1870 2789 1943 agendi
2835 1869 3002 1937 ratic,

514 1978 613 2053 qui
648 1976 880 2034 malunt·
908 1978 1017 2034 hoc
1046 1984 1389 2051 argumento
1422 1997 1538 2035 non
1568 1979 1690 2039 uti:
1741 1996 1813 2034 ne
1853 1975 2105 2033 infirmis
2148 1976 2328 2032 armis
2375 1994 2635 2049 pugnare
2665 1974 2998 2040 videantur,

516 2082 617 2139 ubi
670 2081 1033 2139 validissima
1080 2101 1197 2139 nou
1247 2083 1475 2140 desunt.
1552 2081 1686 2139 Non
1733 2088 1929 2138 tamen
1985 2080 2361 2155 adprobanda
2403 2084 2488 2136 eet
2535 2078 3004 2135 adversariorum

514 2186 695 2255 crisie,
745 2186 847 2263 qui
879 2188 1077 2243 omnia
1106 2188 1463 2264 conquirunt
1510 2190 1860 2259 argumenta
1876 2229 1891 2256 ,
1945 2186 2159 2263 quibus
2202 2188 2471 2239 veterum
2513 2181 3007 2239 monimentorum

514 2290 689 2347 fldem
735 2289 1088 2347 convellant.
1164 2290 1275 2351 Qui
1330 2289 1581 2367 denique
1641 2309 1746 2365 pro
1797 2289 2107 2346 authentia
2159 2294 2456 2362 pugnant,
2514 2291 2750 2361 praeter
2796 2292 3008 2343 ceteras

514 2394 789 2466 ratioiieS‚
818 2395 1073 2467 gaudent
1100 2396 1474 2470 possession&
1508 2395 1663 2452 unde
1688 2393 1986 2451 deturbari
2017 2411 2128 2449 non
2155 2396 2414 2466 possunt,
2449 2392 2565 2447 nisi
2597 2388 2801 2447 solidis
2831 2389 3006 2446 ratio-

520 2501 721 2556 nibus:
757 2519 1006 2576 quarum
1032 2502 1217 2557 vicem
1252 2504 1545 2574 praesta-re
1577 2518 1692 2556 non
1726 2497 1928 2556 vale-nt
1955 2516 2072 2567 eae,
2107 2515 2254 2573 quae
2285 2496 2428 2551 huic
2457 2494 2580 2551 loco
2611 2500 3004 2570 opponuntur.

520 2704 761 2754 tradidit:
798 2710 859 2753 ut
884 2705 1137 2754 Romanis
1165 2710 1219 2753 et
1244 2704 1464 2754 Graecis
1491 2704 1670 2753 omnia
1701 2704 1845 2753 facta
1869 2703 2096 2752 alicuius
2134 2701 2383 2751 momenti
2422 2704 2716 2749 enarraret.
2769 2698 2853 2748 cf.
2879 2713 3008 2763 quae

520 2791 793 2841 Burmann
830 2785 1055 2859 ἀνονυμεί
1090 2793 1353 2857 exposuit,
1394 2793 1448 2839 in
1485 2790 1708 2841 Miscell.
1737 2790 1944 2839 observ.
1973 2792 2026 2838 in
2053 2794 2298 2837 auctores
2337 2792 2442 2837 vet.
2478 2792 2532 2835 et·
2557 2790 2760 2835 rece-nt.
2798 2784 3007 2835 Amstel.

524 2880 672 2928 1733.
710 2878 781 2927 11.
810 2879 858 2939 3,
886 2880 1003 2928 378.
1052 2878 1417 2928 Eichfltadtiue
1458 2893 1670 2943 qnoque
1699 2893 1794 2942 pro
1821 2876 2049 2926 adversa
2071 2880 2224 2941 parte
2249 2874 2505 2923 acerrime
2541 2887 2796 2939 pugnans
2835 2886 3010 2937 opusc.

518 2964 769 3013 Flaviani
807 2964 873 3013 de
910 2964 961 3014 J.
999 2963 1057 3014 O.
1094 2966 1237 3015 Test.
1282 2960 1523 3025 αὖθεντία,
1571 2978 1677 3029 quo
1714 2965 1829 3013 iure
1865 2979 2036 3028 nuper
2073 2977 2253 3011 rursus
2297 2962 2520 3010 defensa
2555 2961 2641 3009 sit.
2705 2962 2770 3020 Q.
2807 2976 2858 3008 u.
2893 2959 3008 3008 Jen.

528 3053 678 3101 1841.
716 3051 947 3100 admittit
986 3051 1309 3116 „Josephum
1348 3051 1489 3101 haud
1528 3051 1689 3100 dubie
1726 3051 1780 3099 in
1817 3049 2204 3113 Archacologia
2240 3047 2430 3097 fecisse
2467 3048 2794 3096 mentionem
2833 3046 3005 3095 Jesn:

522 3156 571 3203 p.
602 3140 683 3188 19.
724 3138 784 3187 V.
813 3154 857 3186 e.
884 3138 952 3187 H.
980 3138 1278 3199 Ewaldum,
1307 3138 1497 3187 Gesch.
1522 3138 1763 3187 Christus
1789 3152 1841 3185 u.
1869 3153 1908 3186 s.
1935 3137 2066 3185 Zeit.
2102 3135 2244 3185 Gott.
2274 3136 2424 3183 1855.
2453 3150 2503 3198 p.
2533 3134 2651 3183 104.
2691 3148 2733 3181 ε.
2763 3133 2832 3181 Η.
2859 3134 3008 3181 Pare-

520 3231 655 3287 tum,
696 3226 751 3274 in
788 3226 1055 3290 Herzogs,
1094 3226 1155 3274 R.
1190 3225 1256 3273 E.
1294 3225 1409 3287 VII,
1447 3226 1531 3275 28.
1578 3224 1642 3273 Α.
1669 3224 1823 3284 Otto,
1883 3222 1977 3271 das
2029 3222 2286 3285 Zeugniss
2335 3220 2429 3269 des
2475 3219 2702 3270 Flavius
2739 3218 3008 3283 Josephus

522 3311 655 3361 iiber
692 3311 949 3361 Christus.
998 3312 1196 3360 Mainz.
1226 3314 1377 3361 1864.
1416 3328 1466 3376 p.
1497 3314 1611 3361 173.
1639 3326 1682 3360 s.

732 3399 769 3461 ¹)
808 3399 1207 3448 Demonstravit
1244 3398 1471 3447 Critieus
1518 3396 1762 3462 anglicus
1807 3395 1866 3445 C.
1903 3396 2161 3455 Daubuz‚
2209 3410 2306 3460 pro
2345 3394 2537 3443 testim.
2577 3392 2756 3443 Flavii
2794 3391 3008 3457 Josephi

525 3484 589 3533 de
614 3484 665 3534 J.
695 3484 752 3533 C.
779 3484 951 3533 Lond.
981 3486 1149 3547 1706„
1186 3500 1297 3549 rep.
1336 3486 1389 3533 in
1428 3484 1809 3548 H'avereampii
1847 3482 1930 3532 ed.
1957 3498 2042 3547 op.
2069 3482 2104 3531 1.
2131 3481 2204 3531 11.
2241 3499 2292 3546 p.
2319 3482 2436 3531 216.
2464 3497 2524 3541 8.,
2563 3495 2598 3531 a
2623 3481 2836 3529 nemine
2873 3478 3010 3544 quod

520 3571 751 3621 sciamus
788 3570 1017 3621 hucdum
1056 3571 1344 3633 refutatum
1383 3576 1436 3620 et
1472 3571 1639 3620 verba
1675 3575 1729 3619 et
1762 3568 1985 3633 phrases
2023 3573 2077 3618 et
2109 3563 2287 3625 λέξεως
2323 3566 2525 3635 χρῶτα,
2571 3568 2617 3616 si
2667 3582 2790 3616 cum
2827 3567 3009 3615 ceteris

524 3657 746 3723 Josephi
792 3658 1002 3723 seriptis
1050 3654 1417 3719 conferantur,
1464 3662 1522 3707 ut
1560 3670 1797 3722 purpura
1844 3655 1915 3704 ad
1954 3669 2245 3721 purpuram
2291 3653 2492 3703 collata
2539 3670 2598 3703 se
2643 3660 2830 3703 mutuo
2867 3652 3006 3702 illus—

522 3750 679 3795 trare.
716 3745 947 3795 Daubuz
984 3750 1149 3794 totam
1188 3744 1373 3794 sedulo
1398 3743 1758 3809 percurrendo
1795 3742 2117 3807 periocham,
2155 3740 2394 3805 singulas
2431 3756 2596 3791 voces
2627 3746 2682 3789 et
2717 3740 3008 3791 locutiones

524 3832 855 3897 comparavit
878 3847 997 3880 cum
1024 3832 1245 3895 paribus
1278 3831 1459 3881 verbis
1486 3835 1539 3879 et
1562 3828 1836 3895 parallelis
1873 3826 2472 3892 circumsciiptionibu33
2511 3832 2573 3875 ut
2593 3826 2720 3877 inde
2743 3827 3008 3877 elucescat

524 3933 683 3983 quam
708 3918 969 3984 genuinus
994 3918 1065 3967 ait
1086 3917 1313 3982 Josephi
1338 3918 1512 3967 foetus
1542 3918 1600 3965 V.
1630 3933 1676 3965 e.
1701 3916 2008 3977 Burmanni,
2041 3914 2150 3964 iud.
2177 3914 2209 3963 1.
2237 3931 2279 3964 s.
2306 3931 2352 3963 c.
2377 3931 2429 3980 p.
2457 3916 2574 3964 377.
2639 3914 2681 3979 ²)
2709 3914 3006 3974 Tillemont,

520 4006 660 4055 Hist.
688 4004 737 4054 d.
766 4020 961 4069 emper.
997 4003 1039 4053 Ι.
1066 4004 1197 4053 V‘en.
1229 4005 1375 4053 1732.
1403 4010 1501 4053 art.
1527 4006 1611 4053 81.
1647 4020 1698 4068 p.
1725 4005 1845 4053 582.
1871 4017 1912 4051 fl.
1958 4001 2018 4051 C.
2043 4000 2333 4063 Rauscher‚
2361 4000 2556 4051 Gesch.
2583 4000 2634 4050 d.
2661 4000 2770 4051 chr.
2796 4000 3006 4049 Kirche.

522 4091 662 4141 Sulz.
702 4093 851 4142 1829.
888 4089 931 4151 1,
971 4092 1085 4140 107.
1122 4092 1171 4139 8.
1246 4090 1285 4156 ³)
1323 4090 1387 4140 V.
1413 4107 1464 4156 p.
1495 4092 1609 4140 145.
1639 4106 1680 4139 s.
1709 4116 1772 4125 —-
1800 4090 1866 4138 D.
1900 4087 2317 4153 Papebrochius,
2355 4088 2416 4137 A.
2453 4087 2507 4136 S.
2545 4087 2615 4136 ad
2655 4087 2704 4135 d.
2741 4089 2822 4137 24.
2859 4086 3008 4136 Junii

520 4178 611 4238 lv,
660 4180 777 4249 696.
836 4178 1087 4243 opinatur
1134 4177 1407 4237 „fortassis
1456 4192 1519 4226 eo
1569 4177 1794 4241 scripta,
1852 4180 1912 4225 ut
1958 4175 2079 4224 libri
2129 4175 2374 4240 quamvis
2423 4174 2624 4224 conditi
2671 4176 2726 4223 in
2773 4174 3006 4223 favorem

520 4264 767 4314 iudaicae
816 4266 987 4329 gentis
1025 4266 1185 4313 etiam
1222 4278 1256 4313 a
1292 4262 1609 4314 Christianis
1645 4263 2056 4327 reciperentur.“
2121 4260 2201 4310 cf.
2235 4262 2532 4325 Langen,
2575 4260 2672 4311 der
2707 4260 2777 4309 th.
2815 4259 3006 4308 Stanti-

522 4350 693 4415 punkt
729 4350 823 4401 des
859 4350 1081 4400 Flavius
1117 4350 1385 4415 Josephus
1424 4351 1478 4399 in
1515 4350 1651 4399 Ann.
1690 4349 1826 4399 Tiib.
1865 4347 2226 4410 Quartalschr.
2256 4350 2404 4399 1865.
2442 4365 2495 4413 p.
2521 4350 2606 4397 51.
2631 4362 2673 4397 s.

1555 4560 1748 4567 .-.----
1814 4562 1823 4566 -
1901 4562 1965 4569 —.
