3267 5259
986 440 1037 481 D.
1066 440 1247 482 Joannis
1274 442 1327 482 Α.
1355 442 1547 482 extrema
1574 442 1670 482 fata
1701 443 1748 483 et
1774 442 1957 492 scripta.
2579 428 2700 492 511

219 615 533 680 Interpretis
560 614 791 666 officium
818 616 910 665 diu
933 617 989 665 in
1007 615 1257 666 Ecclesia
1279 615 1613 681 perdura-sse,
1641 618 1793 667 testis
1819 622 1902 667 est
1919 615 1973 666 S.
1992 616 2344 682 Epiphanius,
2369 618 2592 682 exposit.
2619 616 2709 667 fid.

220 701 355 752 cath.
380 718 435 751 n.
463 704 547 751 21.
572 703 616 765 Ι,
646 704 793 753 1104.
824 702 1035 753 ordines
1062 703 1456 753 ecclesiasticos
1482 718 1794 753 recensens:
1831 707 1955 769 post
1987 704 2278 755 exorcistas
2304 705 2380 753 ait
2413 709 2710 769 sequuntur

220 784 579 856 „Eppnvturoew
614 790 949 854 interpretes.
987 789 1117 839 Fuit
1158 790 1225 839 in
1262 789 1361 838 his
1399 790 1706 840 omnibus
1743 790 1936 840 donis
1971 792 2172 855 pariter
2209 790 2526 853 coeleste,
2565 792 2712 856 quod

218 875 587 940 perhiberetur
612 877 827 925 veritati
844 877 1129 941 Evangelii
1154 903 1221 913 —-
1242 879 1481 941 quamvis
1506 877 1619 927 suis
1644 879 1808 942 signis
1835 879 1962 927 satis
1987 876 2260 927 luculento
2280 906 2346 914 —
2372 877 2709 928 documen-

218 970 368 1026 tum3
412 978 519 1028 quo
556 962 799 1013 infideles
835 964 1073 1029 percussi
1111 964 1345 1013 animum
1382 964 1721 1014 adverterent
1757 964 1826 1014 ad
1863 964 2236 1029 cognoscenda
2259 966 2514 1029 mysteria
2537 966 2708 1031 Regni

220 1048 523 1098 Coelorum.
562 1050 829 1110 Quocirca
861 1066 983 1100 cum
1020 1050 1144 1100 olim
1170 1050 1366 1101 ‚Iudaei
1405 1055 1459 1101 et
1483 1049 1724 1100 Gentiles
1761 1051 1830 1100 ad
1863 1050 2126 1101 Christum
2165 1051 2476 1101 traducendi
2514 1058 2707 1114 essent,

220 1141 271 1185 et
303 1135 591 1185 Ecclesiae
630 1137 984 1202 aggregandi3
1025 1136 1251 1202 Spiritus
1291 1136 1343 1187 S.
1382 1136 1516 1186 haec
1553 1152 1654 1187 sua
1689 1137 1872 1187 divina
1908 1137 2227 1187 charismata
2263 1139 2480 1203 copiose
2517 1138 2707 1204 largie-

217 1223 403 1273 batur:
443 1226 656 1273 tametsi
694 1225 853 1274 etiam
892 1225 1127 1290 sequiori
1162 1202 1401 1288 tempoie
1439 1239 1547 1273 non
1586 1226 1800 1274 omnino
1835 1225 2094 1275 defecisse
2133 1227 2509 1290 acceperimus.
2535 1254 2600 1261 —
2628 1225 2710 1276 Cf.

221 1325 359 1375 quae
417 1310 484 1360 de
536 1310 589 1359 S.
646 1311 700 1361 S.
751 1310 1059 1374 Pachomi0,
1114 1312 1415 1372 Dominico,
1466 1312 1749 1361 Vincentio
1802 1311 2062 1373 Ferrerio‚
2113 1312 2342 1362 Antonio
2391 1312 2458 1362 (16
2506 1313 2709 1375 Padua,

216 1398 513 1447 Francisco
562 1398 795 1447 Xaverio
850 1398 1077 1463 aliisque
1126 1402 1309 1449 narrat
1345 1397 1396 1448 J.
1437 1397 1649 1459 Gerres,
1701 1398 1786 1449 die
1825 1398 2126 1449 christliche
2173 1398 2390 1463 Mystik.
2445 1401 2709 1465 Regensb.

222 1486 371 1533 1837.
412 1485 481 1546 11,
513 1486 627 1534 191.
655 1502 695 1534 s.
745 1484 808 1533 L.
837 1502 881 1534 e.
908 1484 1186 1535 Benedicti
1215 1485 1375 1547 XIV.,
1413 1484 1478 1533 de
1516 1484 1567 1533 S.
1607 1485 1676 1534 D.
1713 1485 1907 1535 Beatif.
1944 1485 2042 1534 ΙΙΙ.
2082 1487 2165 1547 48,
2206 1488 2252 1535 6.
2293 1488 2338 1535 7.
2379 1489 2460 1536 11.
2495 1515 2560 1523 -
2599 1488 2711 1537 Nec

218 1571 467 1621 voluerat
502 1573 651 1621 Deus
689 1571 1065 1624 charismatum
1116 1572 1327 1622 illorum
1376 1588 1530 1622 usum
1578 1572 1762 1622 afflatu
1811 1572 2041 1637 quodam
2089 1579 2364 1638 perpetuo,
2404 1588 2438 1622 a
2475 1590 2577 1639 quo
2617 1590 2710 1640 per

220 1660 399 1709 omnia
434 1659 499 1707 iis
535 1658 763 1723 praediti
800 1659 1170 1724 dirigerentur,
1222 1660 1366 1709 intra
1412 1659 1509 1708 hos
1560 1658 1751 1709 limites
1803 1664 2075 1723 coercet-<33
2130 1663 2191 1709 ut
2223 1660 2326 1709 hac
2363 1660 2522 1709 etiam
2561 1661 2613 1710 in
2651 1677 2708 1711 re

221 1744 472 1793 electioni
511 1745 561 1793 h.
601 1760 645 1793 6.
682 1746 864 1795 virtuti
905 1745 1058 1796 locus
1096 1750 1253 1807 esset,
1294 1747 1533 1811 quamvis
1570 1746 1636 1795 iis
1674 1745 1882 1810 aliquos
1919 1747 2180 1796 abusuros
2226 1753 2424 1809 nosset,
2477 1747 2621 1813 quod
2659 1752 2712 1797 et

218 1846 407 1879 revera
444 1832 682 1896 contigit.
731 1831 887 1882 Unde
926 1831 978 1880 S.
1016 1831 1173 1881 Pauli
1212 1832 1597 1881 admonitiones
1635 1837 1688 1881 et
1726 1833 2103 1897 castigationes
2141 1838 2300 1883 natae
2337 1839 2476 1897 sunt,
2516 1834 2710 1899 quihus

220 1917 458 1983 alioquin
496 1934 649 1968 secus
686 1934 794 1968 non
830 1919 1186 1984 indiguissent
1223 1918 1530 1969 Christiani.
1594 1918 1710 1967 Iino
1749 1918 1801 1968 S.
1840 1920 2079 1969 Joannes
2117 1920 2158 1969 I.
2195 1922 2247 1983 4,
2289 1923 2334 1969 1.
2375 1936 2416 1971 s.
2467 1919 2710 1988 κριτήριον

218 2005 598 2071 suppeditavit,
627 2021 731 2070 quo
755 2007 893 2055 veri
922 2012 1067 2055 certo
1095 2021 1129 2055 a
1151 2006 1345 2056 falsis
1372 2006 1678 2056 doctoribus
1699 2006 1939 2071 dignosci
1957 2011 2220 2072 poterant.
2248 2006 2381 2057 Cum
2409 2008 2546 2057 enim
2565 2007 2710 2057 haud

222 2106 434 2154 omnes,
472 2093 563 2157 qui
600 2093 785 2157 gratiis
810 2094 974 2158 gratis
1001 2092 1141 2143 datis
1165 2092 1523 2155 abundarent,
1563 2093 1690 2143 boni
1727 2094 2038 2156 existerent,
2075 2110 2260 2144 verum
2299 2096 2458 2144 etiam
2483 2095 2710 2161 pseudo·

220 2178 467 2229 doctores
504 2180 561 2228 in
596 2179 850 2229 mundum
887 2180 1156 2244 venirent3
1196 2180 1385 2229 exinde
1422 2180 1717 2231 necessitas
1750 2180 2025 2245 poscebat,
2063 2186 2123 2230 ut
2154 2178 2474 2249 γνωρίσματα
2508 2183 2619 2231 veri
2658 2188 2711 2231 et

218 2265 340 2314 falsi
365 2265 599 2316 doctoris
625 2266 1045 2332 delinearentur3
1084 2283 1307 2332 quorum
1344 2268 1539 2317 intuitu
1575 2266 1663 2315 vel
1700 2266 1768 2316 ad
1794 2266 2138 2332 sequendum,
2175 2267 2262 2317 vel
2299 2268 2366 2317 ad
2401 2268 2710 2335 fugiendum

218 2352 359 2402 hunc
384 2353 471 2403 vel
493 2352 644 2403 illum
669 2354 957 2417 doctorem,
994 2354 1203 2420 providi
1230 2354 1413 2403 fideles
1439 2354 1866 2404 admonerentur.
1905 2355 2100 2404 Verum
2127 2354 2260 2405 haec
2285 2356 2332 2406 si
2369 2356 2595 2422 amplius
2621 2372 2710 2406 ex-

220 2446 549 2505 ponerentur
572 2455 671 2491 nos
696 2442 765 2491 ab
788 2442 1030 2491 instituto
1057 2446 1240 2491 nostro
1266 2441 1607 2503 abducerent,
1638 2455 1803 2507 quare
1831 2456 1896 2491 ea
1920 2440 2145 2504 finimus,
2173 2448 2334 2507 atque
2360 2442 2430 2492 ad
2453 2444 2710 2493 donorum

220 2534 628 2579 memoratorum
664 2528 957 2594 pleniorem
1004 2530 1359 2595 cognitionem
1405 2527 1561 2594 plura
1606 2529 1744 2579 scire
1791 2534 2012 2579 aventes
2058 2529 2284 2579 lectores
2334 2530 2709 2594 amandamus3

220 2620 333 2665 tum
370 2615 441 2665 ad
478 2630 545 2665 ea
580 2630 717 2681 quae
755 2616 825 2665 ad
860 2616 999 2665 Acta
1035 2621 1088 2666 et
1124 2616 1397 2681 Epistolas
1443 2617 1772 2681 scripserunt
1819 2617 2202 2666 commentaria
2245 2618 2344 2665 viri
2383 2617 2550 2681 docti,
2598 2622 2711 2666 tum

220 2716 359 2767 quae
396 2702 453 2751 in
490 2702 856 2767 peculiaribus
901 2702 1049 2753 libris
1098 2702 1199 2753 hac
1246 2702 1311 2751 de
1348 2718 1405 2753 re
1445 2702 1705 2752 dixerunt.
1763 2702 1900 2751 Sunt
1945 2708 2146 2753 autem:
2191 2703 2242 2753 J.
2284 2702 2342 2752 C.
2383 2703 2708 2766 Santorozzi,

221 2790 455 2854 cogitata
500 2790 764 2854 quaedam
804 2790 869 2839 de
907 2790 1171 2855 stupendo
1222 2789 1523 2855 linguarum
1572 2789 1845 2839 miraculo·
1883 2789 2056 2839 Marb.
2097 2791 2248 2839 1718.
2297 2790 2362 2839 N.
2397 2792 2604 2853 Nonne,
2644 2790 2710 2840 de

221 2874 375 2926 donis
402 2875 628 2941 Spiritus
656 2875 707 2925 S.
736 2877 1171 2927 extraordinariis
1202 2877 1257 2927 in
1283 2875 1555 2942 Apostolis
1583 2880 1638 2925 et
1660 2874 1958 2941 Prophetis.
1984 2877 2156 2925 Brem.
2187 2878 2338 2927 1753.
2363 2879 2412 2926 4.
2466 2876 2529 2926 G.
2556 2878 2708 2940 Less,

222 2962 287 3011 (16
326 2962 481 3013 donis
521 2964 749 3028 Spiritus
788 2964 842 3014 S.
880 2964 1215 3014 miraculosis
1242 2980 1428 3013 comm.
1458 2964 1600 3013 Gott.
1632 2964 1781 3013 1766.
1831 2964 1882 3012 J.
1908 2963 1969 3013 A.
1995 2964 2226 3026 Ernesti,
2255 2964 2324 3014 ad
2348 2964 2390 3014 Ι.
2419 2963 2540 3015 Cor.
2567 2965 2709 3016 XIV.

223 3049 287 3098 de
324 3049 467 3099 dono
507 3049 824 3115 linguarum,
861 3053 917 3101 in
954 3067 1136 3117 opusc.
1175 3050 1323 3116 Lips.
1354 3052 1504 3100 1773.
1538 3067 1589 3115 p.
1616 3050 1734 3099 478.
1761 3064 1803 3099 s.
1850 3049 1903 3099 J.
1929 3050 1982 3099 J.
2010 3048 2318 3113 Griesbach,
2357 3068 2542 3102 comm.
2569 3052 2640 3102 ad
2675 3052 2708 3101 l.

222 3136 376 3185 Pauli
403 3136 445 3186 I.
474 3136 595 3187 Cor.
626 3140 706 3199 12,
737 3142 782 3189 1.
810 3154 852 3187 e.
878 3140 934 3187 in
960 3153 1143 3203 opusc.
1170 3138 1238 3200 11,
1270 3140 1383 3187 169.
1412 3154 1453 3187 s.
1503 3136 1724 3199 Bardili,
1751 3138 1886 3202 sign.
1911 3139 2062 3203 prim.
2087 3155 2140 3188 ν.
2165 3137 2413 3206 προφήτης
2450 3155 2569 3189 cum
2594 3155 2646 3188 n.
2672 3144 2710 3189 t.

224 3222 409 3288 interp.
438 3223 480 3273 1.
509 3223 628 3274 Cor.
656 3240 701 3273 c.
732 3225 813 3273 14.
840 3224 982 3274 Gott.
1012 3226 1162 3273 1786.
1211 3224 1282 3273 Μ.
1310 3225 1524 3285 Weber,
1563 3224 1629 3273 (16
1662 3224 1814 3273 donis
1849 3224 2214 3275 Ecclesiarum
2254 3231 2424 3290 apost.
2463 3226 2708 3291 spiritua-

224 3308 384 3360 libus.
410 3310 453 3359 Ι.
481 3309 601 3359 Cor.
628 3311 968 3360 XII—XIV.
996 3326 1267 3360 commem.
1292 3312 1331 3357 V
1337 3311 1463 3359 iteb.
1489 3312 1639 3359 1792.
1667 3313 1713 3359 3.
1739 3310 1782 3359 I.
1808 3311 1876 3360 11.
1931 3310 1992 3360 G.
2021 3312 2079 3360 C.
2108 3312 2272 3373 Storr,
2299 3313 2449 3362 notit.
2475 3311 2596 3361 hist.
2625 3328 2708 3378 ep.

226 3396 379 3446 Pauli
405 3396 474 3446 ad
502 3396 623 3447 Cor.
651 3398 871 3463 interpr.
896 3399 1143 3447 servient.
1168 3400 1225 3446 in
1251 3413 1434 3463 opusc.
1462 3397 1599 3445 Tub.
1630 3399 1780 3447 1797.
1818 3397 1886 3459 11,
1915 3400 2030 3447 290.
2059 3415 2101 3447 s.
2140 3398 2238 3447 111.
2267 3401 2416 3450 1800.
2443 3416 2494 3465 p.
2525 3401 2639 3449 171.
2667 3414 2708 3449 s.

222 3486 337 3534 277.
358 3501 401 3535 s.
440 3484 493 3533 J.
512 3484 573 3533 A.
596 3484 859 3545 Noesselt,
887 3484 1121 3549 prolusio
1149 3486 1201 3534 iu
1230 3484 1263 3534 l.
1289 3484 1445 3534 Pauli
1472 3484 1512 3533 1.
1536 3484 1659 3533 Cor.
1683 3486 1764 3544 12,
1785 3486 1834 3533 4.
1857 3500 1916 3547 s.,
1945 3485 2090 3550 apud
2113 3486 2254 3547 Pott,
2281 3484 2494 3551 Sylloge
2521 3502 2708 3536 comm.

222 3570 380 3620 theol.
406 3570 633 3621 Helmst.
662 3574 811 3621 1805.
840 3571 929 3633 VI,
961 3574 1075 3621 131.
1103 3589 1143 3622 s.
1193 3572 1245 3622 J.
1272 3572 1333 3620 A.
1365 3572 1428 3621 G.
1458 3572 1657 3635 Meyer,
1698 3571 1764 3620 de
1801 3572 2120 3622 charismate
2157 3573 2255 3621 τῶν
2279 3569 2528 3640 γλωσσῶν
2555 3575 2708 3623 cuius

226 3672 401 3722 praes.
426 3657 545 3707 Act.
572 3661 619 3706 2.
648 3664 703 3707 et
725 3660 766 3706 I.
796 3658 917 3707 Cor.
947 3660 1027 3709 14.
1056 3660 1251 3707 mentio
1275 3658 1351 3707 fit.
1377 3674 1562 3707 comm.
1602 3658 1853 3707 Hannov.
1884 3661 2032 3707 1797.
2081 3660 2143 3708 A.
2172 3658 2524 3720 Christianse,
2564 3675 2708 3724 spec.

224 3744 337 3793 exh.
378 3745 574 3795 vindic.
610 3744 883 3795 facultatis
908 3745 1177 3810 Apostolis
1201 3746 1253 3794 ,1.
1286 3745 1343 3794 C.
1382 3744 1505 3793 olim
1543 3745 1700 3794 datae
1738 3746 2030 3810 peregrinis
2066 3745 2319 3809 loquendi
2357 3746 2708 3795 sermonibus.

221 3830 365 3880 Trai.
397 3833 549 3881 1801.
598 3833 660 3880 F.
686 3832 749 3881 A.
774 3832 950 3893 Klein,
978 3832 1043 3881 de
1069 3832 1103 3881 1.
1130 3832 1164 3881 f.
1190 3829 1442 3899 γλώσσαις
1468 3828 1651 3881 λαλεῖν.
1677 3832 1798 3882 Jen.
1830 3834 1979 3881 1816.
2030 3832 2081 3881 ,1.
2107 3832 2197 3882 Fr.
2223 3831 2459 3892 Milville,
2496 3833 2610 3882 obs.
2638 3832 2709 3882 th.

225 3932 375 3982 exeg.
402 3918 467 3967 de
496 3918 637 3967 dono
664 3918 963 3983 linguarum
989 3921 1044 3968 in
1070 3920 1132 3967 N.
1160 3920 1221 3969 T.
1249 3935 1518 3968 commem.
1544 3919 1671 3968 Bas.
1702 3920 1850 3967 1816.
1899 3919 1950 3968 ,1.
1979 3918 2305 3981 Schulthess,
2333 3918 2397 3969 de
2423 3918 2708 3970 charisma-

221 4004 365 4053 tibus
392 4003 621 4069 Spiritus
648 4004 699 4053 S.
726 4004 873 4070 Lips.
904 4007 1054 4055 1818.
1103 4005 1155 4054 ,1.
1182 4006 1249 4054 H.
1276 4005 1631 4067 Thomander,
1661 4006 1726 4055 de
1753 4006 1905 4055 donis
1931 4005 2156 4070 Spiritus
2185 4006 2238 4055 S.
2264 4006 2306 4055 1.
2334 4006 2454 4055 Cor.
2485 4010 2565 4068 12,
2593 4010 2640 4057 8.
2667 4022 2708 4057 s.

220 4106 495 4140 commem.
532 4092 703 4141 Lond.
732 4090 889 4141 Goth.
922 4092 1071 4142 1828.
1120 4092 1208 4141 Fr.
1246 4092 1432 4153 Bleek,
1472 4092 1526 4141 in
1563 4091 1742 4141 annal.
1782 4092 1930 4142 Stud.
1973 4109 2024 4141 n.
2061 4093 2254 4143 Kritik.
2297 4096 2448 4144 1829.
2485 4096 2534 4143 3.
2575 4109 2616 4142 s.
2656 4098 2712 4143 et

224 4180 374 4228 1830.
403 4194 455 4242 p.
483 4179 567 4227 45.
594 4192 637 4227 s.
682 4178 1002 4240 Olshausen,
1030 4179 1101 4230 ib.
1132 4182 1281 4229 1829.
1304 4197 1353 4245 p.
1374 4182 1491 4229 538.
1518 4181 1667 4229 1830.
1689 4196 1741 4244 p.
1763 4182 1846 4229 64.
1867 4194 1908 4228 s.
1939 4182 2088 4229 1831.
2116 4198 2166 4244 p.
2192 4182 2310 4229 566.
2333 4197 2373 4230 s.
2401 4181 2708 4244 Anonymus

219 4265 275 4313 in
298 4266 435 4314 Tiib.
464 4264 828 4325 Quartalschr.
860 4267 1007 4315 1831.
1030 4282 1081 4330 p.
1102 4268 1185 4315 43.
1207 4282 1249 4315 s.
1294 4267 1471 4329 Mack‚
1498 4267 1568 4315 ib.
1594 4269 1742 4315 1835.
1763 4282 1814 4331 p.
1838 4267 1919 4315 73.
1940 4282 1981 4315 s.
2033 4266 2099 4315 D.
2127 4266 2336 4329 Schulz,
2366 4267 2450 4316 die
2477 4266 2709 4319 Geistes-

220 4352 397 4416 gaben
424 4351 520 4401 der
545 4356 722 4402 ersten
748 4352 1008 4402 Christen.
1036 4352 1201 4402 Brosl.
1234 4355 1383 4403 1836.
1434 4353 1612 4417 Kling,
1639 4355 1694 4403 in
1719 4353 1896 4403 annal.
1925 4352 2074 4403 stud.
2101 4370 2152 4403 u.
2178 4354 2312 4403 Krit.
2343 4356 2491 4405 1839.
2519 4372 2568 4419 p.
2590 4356 2708 4405 476.

220 4453 261 4488 s.
311 4438 589 4501 WVieseler,
627 4439 699 4488 ib.
742 4440 891 4489 1838.
926 4457 977 4505 p.
1015 4442 1131 4489 703.
1168 4458 1209 4491 s.
1259 4440 1523 4503 Neander‚
1552 4440 1744 4489 Gesch.
1772 4441 1822 4489 d.
1848 4442 2046 4491 Pflanz.
2077 4442 2119 4503 1,
2157 4444 2204 4491 9.
2241 4456 2282 4490 s.
2320 4444 2434 4491 179.
2467 4456 2509 4491 s.
2555 4442 2616 4492 F.
2643 4443 2708 4492 X.

218 4526 520 4591 Dieringer,
561 4525 769 4590 System
809 4526 903 4575 der
938 4526 1087 4591 gottl.
1127 4525 1335 4576 Thaten
1373 4528 1465 4577 des
1506 4527 1946 4578 Christenthums.
1985 4530 2182 4579 Mainz.
2222 4530 2372 4579 1841.
2406 4529 2475 4591 11,
2511 4532 2630 4579 393.
2667 4546 2708 4580 s.

220 4610 457 4675 Oswald,
484 4613 539 4661 in
565 4612 617 4661 k.
642 4613 913 4677 Magaz.-f.
943 4613 1099 4663 Wiss.
1126 4630 1177 4663 u.
1203 4614 1407 4663 Leben.
1433 4614 1629 4665 Miinst.
1662 4616 1810 4664 1846.
1837 4615 1905 4677 11,
1933 4618 2048 4667 209.
2077 4633 2118 4667 s.
2171 4615 2232 4665 G.
2259 4616 2498 4678 Kollner,
2525 4617 2558 4667 1.
2587 4634 2627 4667 s.
2661 4632 2708 4667 c.
