3267 5259
609 426 696 489 34
1282 437 1398 479 met.
1426 437 1539 479 Rev.
1570 436 1658 478 div.
1691 437 1742 478 Ἡ.
1767 437 1816 477 Τ.
1845 436 2012 479 Pei-iod.
2043 437 2079 477 1.
2101 448 2193 487 cap.
2224 436 2422 487 primum.

608 612 853 674 affirmat,
891 612 1145 662 adversus
1182 612 1573 677 Eutychianam
1610 611 1896 662 haeresim:
1937 610 2172 675 „Sensus
2209 612 2454 677 corporei
2507 611 2766 677 vigebant
2817 612 2936 661 sine
2989 610 3100 675 lege

608 700 841 763 peceati3
880 704 933 749 et
968 700 1167 749 veritas
1204 699 1542 750 affectionum
1571 698 1671 749 sub
1709 699 2068 749 moderamine
2105 699 2334 749 Deitatis
2361 704 2415 747 et
2437 698 2646 759 mentis,
2672 712 2776 746 nec
2799 696 3101 747 tentabatur

608 785 892 847 illecebris,
921 800 1021 835 nec
1050 786 1277 835 cedebat
1310 786 1571 836 iniuriis.“
1606 786 1692 835 Ex
1721 802 1826 851 quo
1856 788 1972 835 iure
1997 785 2224 835 infertur
2252 784 2517 834 Christum
2556 785 2802 848 quamvis
2829 798 2864 832 a
2889 783 3100 831 diabolo

608 874 877 937 appetitus
912 874 1006 934 sit,
1044 871 1225 921 itidem
1262 876 1323 921 ut
1356 871 1597 923 homines
1634 872 1752 934 alii,
1790 888 1898 922 non
1937 888 2000 922 eo
2037 876 2216 921 tamen
2251 871 2409 921 modo
2447 886 2564 921 esse
2611 874 2890 919 tentatum.
2951 868 3101 929 Quod

606 960 781 1023 ipsum
804 959 883 1009 sic
908 958 1181 1007 elucidant
1204 974 1246 1007 s.
1272 974 1316 1008 s.
1334 958 1395 1007 P.
1414 958 1476 1007 P.
1502 974 1543 1009 s.
1566 958 1855 1024 Gregorius
1878 958 1969 1019 M„
1995 958 2128 1007 Mor.
2153 957 2189 1007 l.
2215 958 2380 1007 XXV.
2405 958 2460 1005 in
2487 972 2532 1005 c.
2557 958 2644 1007 24.
2669 956 2720 1005 b.
2747 956 2872 1007 Job.
2900 972 2946 1005 c.
2973 956 3036 1003 V.
3061 972 3099 1003 s.

607 1062 659 1110 p.
687 1046 803 1095 790.
830 1044 951 1094 coll.
977 1044 1115 1093 hom.
1143 1044 1285 1093 XVI.
1311 1045 1368 1093 in
1391 1044 1599 1109 Evang.
1634 1043 1826 1094 Matth.
1850 1046 1909 1106 4,
1945 1046 1994 1093 2.
2027 1060 2080 1109 p.
2108 1046 2260 1117 1492.
2295 1050 2350 1093 et
2374 1060 2415 1094 s.
2441 1043 2684 1093 Joannes
2715 1043 3099 1103 Damascenus,

608 1132 674 1181 de
712 1129 816 1180 fide
854 1130 1060 1181 orthod.
1086 1131 1187 1193 111,
1214 1132 1299 1181 20.
1324 1148 1374 1193 p.
1402 1132 1519 1181 244.
1570 1130 1828 1181 Homines
1867 1131 2066 1191 dicunt,
2105 1130 2476 1195 undecumque
2511 1130 2724 1191 tentari,
2761 1129 2908 1178 intus
2947 1127 3098 1188 affici,

606 1222 661 1267 et
694 1217 941 1267 immissis
978 1217 1391 1281 cogitationibus
1428 1231 1491 1266 ac
1526 1217 1758 1267 motibus
1793 1218 1970 1282 urgeri
2007 1217 2166 1266 etiam
2202 1217 2400 1266 invitos
2431 1230 2495 1265 ac
2519 1220 2900 1280 repugnantes.
2951 1214 3096 1264 Rom.

609 1305 655 1365 7,
686 1306 768 1353 13.
826 1303 893 1352 In
927 1303 1062 1353 Jesu
1097 1318 1223 1353 vero
1264 1302 1484 1353 nullus
1534 1303 1817 1354 interior
1859 1307 2092 1365 motus,
2131 1304 2416 1369 appetitus,
2455 1302 2672 1364 exstitit,
2712 1316 2888 1367 neque
2925 1314 3102 1366 pugna

608 1390 988 1455 cogitationum
1027 1389 1234 1455 aliqua3
1282 1390 1377 1439 sed
1414 1390 1745 1439 extrinsecus
1789 1389 2018 1454 appulsa
2061 1390 2242 1439 suasio
2279 1394 2334 1439 et
2371 1388 2604 1439 hortatio
2652 1388 2929 1438 daemonis
2974 1386 3100 1435 nihil

607 1478 749 1526 intus
785 1490 945 1542 agere
982 1477 1169 1539 potuit.
1224 1475 1471 1525 Daemon
1506 1492 1614 1525 non
1653 1476 1906 1541 cognovit
1943 1474 2141 1527 Christi
2175 1476 2558 1525 humanitatem
2596 1475 2814 1540 propria
2847 1488 3099 1539 persona·

606 1563 755 1613 litate
803 1576 1012 1623 carere,
1052 1567 1106 1611 et
1140 1578 1261 1611 cum
1306 1562 1486 1611 divino
1533 1563 1810 1628 supposito
1857 1563 2194 1611 coniunctam
2233 1578 2376 1625 esse;
2423 1561 2653 1627 ideoque
2699 1562 2998 1611 tentatione
3034 1574 3100 1609 an

607 1649 766 1699 Jesus
810 1647 953 1697 filius
996 1648 1101 1697 Dei
1146 1652 1289 1697 esset
1332 1649 1644 1698 incarnatus
1699 1648 1980 1713 explorare
2035 1648 2288 1698 decrevit.
2363 1648 2496 1697 Cum
2551 1663 2651 1697 nec
2705 1648 2762 1697 in
2813 1646 3102 1713 phantasia

605 1736 848 1797 Domini,
886 1750 1061 1799 neque
1108 1736 1164 1784 in
1208 1750 1431 1799 corpore
1488 1734 1692 1799 aliquid
1747 1738 1931 1800 posset
1977 1733 2214 1796 efficere,
2264 1740 2642 1799 externamque
2695 1748 2934 1799 pugnam
2987 1748 3100 1783 esse

607 1826 901 1886 oporteret,
940 1822 1269 1871 extrinsecus
1306 1820 1574 1871 Christum
1610 1820 1828 1871 adortus
1876 1826 1972 1871 est.
2025 1822 2100 1871 Ut
2136 1822 2278 1871 enim
2313 1821 2534 1887 pulchre
2571 1822 2758 1871 scribit
2795 1819 3098 1880 Caietanus,

606 1923 790 1957 comm.
825 1910 882 1957 in
913 1906 1100 1957 Matth.
1136 1923 1181 1957 c.
1214 1909 1264 1957 4.
1324 1908 1628 1969 „Universa
1665 1922 1804 1973 quae
1850 1907 2168 1957 describitur
2211 1908 2434 1957 tentatio
2479 1907 2609 1957 foris
2651 1907 2754 1957 fuit
2787 1923 2898 1956 non
2935 1908 3098 1968 intns3

606 2009 729 2044 narn
764 1996 1027 2060 integram
1063 1994 1443 2059 perfectionem
1478 1994 1613 2044 Jesu
1651 1994 1948 2044 dedecebat
1983 1994 2182 2044 habere
2227 1995 2370 2043 intra
2414 1995 2768 2059 cogitationes
2805 1998 2900 2043 aut
2937 1992 3097 2058 phan-

604 2082 773 2131 tasiae
810 2080 897 2130 vel
926 2096 1115 2131 sensus
1142 2084 1316 2131 motus
1346 2080 1601 2131 adversus
1639 2082 1900 2145 spiritum,
1939 2080 2229 2130 exteriores
2267 2084 2446 2129 autem
2483 2080 2760 2130 suasiones
2790 2079 2858 2129 ad
2887 2079 3098 2137 malum,

607 2168 791 2217 audire
821 2182 930 2217 non
950 2166 1211 2227 dedecuit,
1236 2171 1297 2215 ut
1318 2166 1441 2217 illas
1464 2167 1754 2216 vinceret.“
1793 2166 1875 2216 ed.
1901 2167 2022 2217 Par.
2048 2183 2101 2232 p.
2129 2168 2210 2217 19.
2250 2165 2356 2216 Sed
2381 2172 2436 2215 et
2459 2182 2525 2215 ex
2557 2167 2640 2227 iis,
2670 2180 2810 2231 quae
2840 2165 3098 2215 hactenus

610 2254 675 2303 de
714 2253 913 2304 Christi
948 2252 1174 2303 hominis
1212 2247 1549 2321 ἀναμαρτησίᾳ
1584 2252 1858 2317 disputata
1893 2259 2030 2315 sunt,
2069 2253 2395 2303 validissime
2441 2253 2768 2302 construitur
2805 2251 3098 2316 argumenti

606 2356 801 2406 genus,
848 2356 953 2405 quo
1005 2338 1245 2389 Christus
1292 2338 1447 2389 homo
1506 2340 1763 2403 probatur
1807 2340 2086 2390 divinitate
2130 2341 2250 2402 ipsa
2291 2343 2508 2389 sanctus
2545 2338 2726 2388 fuisse.
2791 2337 2930 2387 Cum
2965 2339 3098 2387 enim

606 2431 815 2477 constet
867 2440 1076 2475 omnem
1136 2429 1433 2475 creaturam
1488 2440 1552 2473 ex
1608 2441 1666 2475 se
1721 2430 1776 2475 et
1829 2432 2020 2476 natura
2073 2440 2173 2476 sua
2231 2442 2347 2475 esse
2409 2424 2764 2490 peccabilem,
2823 2424 3094 2489 solumque

606 2513 781 2563 Deum
818 2528 936 2563 esse
973 2506 1322 2579 ἀναμάρτητον,
1360 2511 1599 2576 sequitur
1638 2516 1834 2561 statum
1867 2514 1953 2575 τῆς
1997 2507 2382 2581 ἀναμαρτησίας,
2442 2512 2957 2577 impeccantiae,
2995 2526 3094 2559 non

607 2600 823 2649 aliunde
867 2614 1028 2665 quam
1073 2614 1139 2648 ex
1173 2599 1470 2647 Divinitate
1516 2597 1807 2662 proficisci3
1853 2598 2098 2664 adeoque
2143 2600 2212 2659 si,
2253 2604 2312 2647 ut
2346 2612 2534 2647 revera
2568 2598 3008 2658 monstravimus,
3045 2598 3092 2643 in

606 2686 841 2736 humana
876 2685 1073 2735 Christi
1108 2689 1302 2735 natura
1338 2684 1555 2746 exstitit,
1580 2700 1800 2735 necesse
1839 2691 1922 2735 est
1949 2702 2066 2735 eum
2096 2702 2160 2734 ex
2189 2685 2280 2735 illo
2321 2685 2614 2734 divinitatis
2649 2685 2800 2734 fonte
2835 2700 3093 2733 manasse.

610 2770 733 2821 Sive
789 2772 1029 2821 Christus
1084 2772 1281 2821 idcirco
1336 2776 1419 2821 est
1471 2764 1831 2838 ἀναμάρτητος,
1879 2773 2007 2836 quia
2059 2772 2206 2821 Deus
2262 2776 2367 2831 est,
2413 2772 2626 2836 Deique
2681 2770 2840 2821 filius.
2912 2772 3093 2835 Itaque

610 2858 887 2907 enuntiata
912 2858 980 2907 ab
1006 2857 1255 2908 Ecclesia
1278 2856 1545 2907 doctrina:
1575 2856 1842 2907 Christum
1869 2862 1974 2906 tam
2021 2863 2167 2907 certo
2193 2858 2392 2907 factum
2417 2873 2536 2907 esse
2575 2850 2734 2918 „2oeth
2755 2854 2912 2907 πάντα
2935 2850 3094 2924 ὅμοιον

607 2942 724 3012 ἡμῖν
762 2940 919 3012 χωρὶς
946 2938 1234 3011 &papi-{aest
1255 2958 1415 3010 quam
1441 2944 1684 2993 omuibus
1710 2951 1852 2993 certe
1880 2946 2182 2995 nominibus
2205 2950 2450 2993 naturam
2487 2944 2773 2993 humanam
2808 2946 3092 3006 accepisse,

607 3029 673 3079 de
687 3029 789 3079 fide
804 3036 898 3079 est.
912 3030 1059 3079 Aevo
1074 3029 1216 3094 quod
1229 3028 1413 3079 dicunt
1424 3030 1469 3079 T
1481 3030 1514 3079 h
1527 3046 1555 3079 e
1568 3029 1671 3080 olo
1682 3031 1744 3095 gi
1757 3044 1828 3079 ae
1842 3030 1876 3079 S
1889 3030 1962 3079 ch
1974 3030 2114 3081 olas
2129 3033 2174 3080 ti
2186 3048 2216 3080 c
2228 3046 2316 3092 ae,
2334 3030 2528 3096 dogma
2541 3030 2608 3079 de
2621 3030 2756 3079 Jesu
2772 3024 3092 3097 ἀναμαρτήτῳ

609 3132 769 3182 quam
814 3117 1041 3166 maxime
1086 3114 1309 3166 solerter
1354 3120 1663 3177 tractatum,
1712 3116 1872 3182 idque
1917 3133 2028 3167 non
2061 3122 2266 3167 tautum
2305 3132 2338 3167 a
2376 3116 2691 3182 Theologis,
2729 3116 2824 3167 scd
2869 3118 3032 3165 etiam
3066 3129 3096 3163 a

605 3204 779 3270 poetis
826 3204 965 3253 inter
1007 3218 1139 3268 quos
1175 3203 1425 3265 Dantius,
1464 3208 1519 3253 et
1554 3202 1828 3253 Otsriedus
1865 3203 2420 3268 Weiszeuburgensis,
2459 3203 2550 3269 qui
2588 3219 2708 3253 eum
2753 3208 2917 3253 vocat
2951 3202 3096 3261 „ther

608 3290 871 3341 suntiloso
903 3292 1081 3339 manst‘
1142 3289 1322 3339 Etiam
1358 3294 1595 3355 tempore
1638 3306 1680 3339 s.
1717 3290 1858 3339 xvl.
1893 3290 2344 3355 sequentibusque
2391 3289 2535 3355 apud
2578 3290 2726 3354 ipsos
2773 3288 3096 3339 acatholicos

604 3378 802 3427 mansit
836 3378 1029 3443 dogma
1066 3376 1166 3425 hoc
1200 3378 1472 3427 intactum.
1510 3404 1576 3412 —
1616 3375 1723 3425 Sed
1769 3376 1834 3425 de
1859 3376 1960 3425 hac
2007 3391 2063 3424 re
2109 3376 2264 3441 plura
2317 3375 2736 3441 suppeditabunt
2787 3376 3096 3441 praesertim

610 3463 997 3515 eruditissimus
1022 3462 1089 3511 D.
1115 3464 1391 3523 Petavius‚
1428 3463 1495 3511 de
1520 3463 1700 3528 Pelag.
1741 3468 1794 3511 et
1831 3462 2024 3527 Semip.
2053 3462 2196 3511 haer.
2223 3479 2266 3511 c.
2295 3463 2384 3511 vl.
2409 3464 2466 3511 in
2491 3478 2576 3527 op.
2604 3461 2670 3510 de
2696 3461 2882 3513 Theol.
2907 3462 3094 3526 Dogm.

609 3550 692 3598 ed.
744 3550 833 3599 Fr.
868 3550 929 3599 A.
976 3549 1282 3599 Zachariae.
1328 3549 1439 3611 111,
1492 3552 1609 3599 319.
1645 3565 1688 3599 s.
1726 3550 1793 3598 de
1853 3549 2227 3599 lucarnatione
2263 3549 2298 3598 l.
2333 3548 2426 3598 XI.
2462 3566 2506 3597 c.
2543 3549 2607 3597 X.
2643 3553 2698 3597 et
2729 3549 2821 3597 XI.
2848 3549 2914 3609 V,
2947 3550 3034 3597 27.
3057 3564 3094 3596 s.

606 3634 678 3684 M.
712 3636 979 3697 W'alther,
1018 3636 1085 3685 de
1123 3636 1317 3687 Christi
1354 3635 1582 3685 hominis
1621 3630 1958 3703 ἀναμαρτησία
1993 3651 2032 3685 s.
2057 3634 2522 3701 impeccabilitate.
2549 3634 2687 3683 Tiib.
2725 3636 2875 3684 1717.
2903 3650 2953 3699 p.
2980 3636 3030 3682 4.
3056 3650 3094 3683 s.

606 3722 771 3783 Idem,
798 3721 865 3771 de
891 3722 1317 3773 dissimilitudine
1343 3728 1489 3773 ortus
1514 3723 1680 3772 nostri
1710 3727 1762 3770 et
1787 3721 1982 3771 Christi
2010 3721 2251 3782 hominis,
2277 3722 2330 3770 in
2357 3722 2482 3772 diss.
2503 3721 2663 3770 theol.
2685 3722 2769 3769 ed.
2794 3721 3094 3771 Hoffmann.

607 3809 755 3858 Witt.
784 3810 935 3858 1753.
955 3826 1006 3874 p.
1022 3810 1139 3858 207.
1161 3825 1201 3859 s.
1224 3809 1447 3871 Hoevel,
1474 3809 1609 3873 disp.
1630 3808 1698 3857 de
1723 3802 2061 3875 ἀναμαρτησία
2079 3806 2291 3857 Christi.
2316 3807 2439 3857 Hal.
2470 3809 2619 3858 1749.
2640 3834 2707 3843 --
2734 3806 2961 3857 Saeculo
2989 3808 3096 3855 sere

606 3896 789 3945 xvm
805 3900 951 3945 mota
970 3900 1157 3945 contra
1179 3896 1581 3946 Revelationem
1606 3896 1806 3959 ingenti
1832 3910 2030 3959 pugna,
2049 3894 2344 3956 Reimarus,
2369 3910 2478 3943 von
2501 3894 2621 3944 dem
2647 3894 2840 3943 Zweck
2861 3894 2896 3942 J
2899 3910 2995 3943 esu
3015 3893 3094 3943 ed.

605 3984 661 4033 in
686 3983 869 4048 fragm.
897 3982 1279 4047 Guelpherbyt.
1302 3982 1479 4032 Berol.
1512 3984 1662 4032 1788.
1693 3998 1744 4046 p.
1773 3984 1854 4031 10.
1880 3997 1922 4031 s.
1949 3982 2032 4031 66.
2060 3997 2100 4031 s.
2129 3974 2488 4047 ἅναμαρτησίαν
2513 3980 2580 4029 D.
2608 3981 2671 4029 N.
2699 3980 2752 4030 J.
2782 3980 2840 4029 C.
2865 3980 3097 4044 negavit.

605 4070 773 4119 Nimis
799 4074 977 4119 autem
996 4069 1213 4135 longum
1230 4069 1369 4118 soret
1394 4083 1643 4118 enarrare
1671 4067 1800 4133 quid
1823 4068 2228 4129 Rationalistae,
2249 4066 2555 4129 Illuminati,
2575 4067 3096 4132 Encyclopaedistae

606 4156 805 4221 aliique
837 4156 906 4206 ad
940 4154 1357 4221 impugnandam
1394 4159 1447 4204 et
1481 4154 1911 4205 labefactandam
1949 4153 2152 4203 hancce
2189 4152 2485 4202 doctrinam
2521 4152 2842 4205 effutierant.
2899 4152 3098 4201 Contra

607 4258 741 4307 quos
779 4244 1043 4293 calamum
1079 4243 1361 4293 strinxere:
1408 4242 1676 4291 Erbstein.
1713 4240 1775 4290 G.
1804 4256 1855 4290 u.
1903 4240 1952 4289 (1.
1995 4240 2086 4289 Fr.
2113 4239 2180 4289 ob
2209 4239 2304 4289 der
2326 4239 2545 4289 Erloser
2577 4240 2844 4305 siindigen
2879 4239 3094 4287 konnte.

604 4328 852 4379 Meissen.
890 4330 1039 4379 1787.
1072 4328 1169 4378 Ph.
1202 4330 1265 4379 A.
1302 4326 1535 4393 Stapfer,
1572 4328 1633 4376 V.
1663 4343 1707 4377 e.
1733 4327 1876 4376 Bew,
1903 4326 1952 4376 d.
1979 4342 2027 4391 g.
2055 4325 2309 4391 Sendung
2339 4326 2391 4375 J.
2427 4340 2476 4375 a.
2501 4342 2543 4377 s.
2571 4324 2730 4375 Char.
2756 4326 2915 4375 Bern.
2944 4326 3094 4375 1797.

606 4412 678 4461 Μ.
704 4414 916 4477 Weber,
942 4415 1081 4465 doct.
1108 4416 1162 4465 b.
1186 4414 1253 4464 de
1273 4420 1381 4463 nat.
1409 4430 1552 4479 corp.
1582 4412 1704 4463 Chr.
1724 4412 1848 4463 Hal.
1879 4414 2027 4463 1825.
2055 4430 2107 4477 p.
2134 4414 2180 4461 9.
2209 4428 2250 4461 s.
2287 4412 2378 4461 Fr.
2403 4427 2438 4460 a
2459 4412 2660 4476 Meyer,
2687 4427 2800 4461 war
2823 4412 2983 4462 Jesus
3007 4411 3097 4459 der

608 4498 789 4549 Sunde
798 4500 961 4565 fahig,
976 4502 1033 4550 in
1044 4500 1249 4550 Blattf.
1269 4500 1391 4551 heb.
1406 4486 1587 4549 warh.
1609 4501 1730 4550 coll.
1758 4516 1864 4549 sec.
1885 4499 2024 4549 Berl.
2039 4500 2252 4564 1831.p.
2270 4499 2382 4549 198.
2395 4514 2437 4549 s.
2459 4498 2521 4547 G.
2534 4497 2788 4561 Menken,
2801 4498 3096 4549 Homnub.

608 4585 703 4637 (las
718 4586 811 4635 IX.
824 4601 876 4635 u.
887 4586 952 4636 X.
970 4586 1100 4653 Cap.
1122 4587 1433 4637 desBriefes
1454 4601 1523 4636 an
1543 4587 1628 4637 die
1640 4586 2084 4636 Hebraer.Brem.
2098 4586 2250 4636 1831.
2265 4586 2362 4635 177
2377 4601 2418 4635 s.
2437 4584 2522 4634 Al.
2543 4582 2884 4647 Schweitzer,
2901 4586 2958 4635 in
2977 4598 3096 4633 ann.
