3267 5259
538 380 667 445 344
1274 391 1389 433 am.
1420 391 1525 433 nav.
1557 390 1648 433 cuv.
1677 389 1850 432 Parios.
1879 389 1936 431 11.
1955 400 2051 441 esp.
2077 388 2280 441 prinum.

538 565 988 648 Quamobrem
1032 564 1276 630 Paulus
1338 564 1610 631 Orosius
1627 614 1646 648 ,
1709 564 1790 629 de
1845 564 2184 629 Romanae
2229 562 2574 628 Ecclesiae
2635 564 2838 628 initiis
2897 563 3032 627 iure

538 681 904 765 meritoque
936 678 1201 743 scribit¹
1231 677 1555 762 ,Tiberius
1588 677 1920 758 Claudius,
1967 676 2050 741 ab
2082 676 2387 762 Augusto
2425 686 2716 761 quartus,
2755 698 3032 762 regnum

540 793 817 879 adeptus
882 802 1014 875 est3
1074 792 1441 877 mansitque
1502 793 1569 855 in
1633 814 1710 855 eo
1775 813 1981 855 annos
2040 790 2228 854 XIV.
2289 788 2584 855 Exordio
2649 792 2840 875 regni
2903 791 3034 853 eius

539 906 794 989 Petrus,
839 903 1196 991 Apostolus
1242 904 1325 968 D.
1357 902 1438 969 N.
1475 904 1539 969 J.
1574 903 1717 987 Ch„
1763 903 2041 968 Romam
2071 904 2254 967 venit
2283 913 2350 968 et
2380 901 2740 967 salutarem
2789 904 3034 966 cunctis

476 1042 483 1051 ·
543 1017 961 1083 credentibus
1006 1017 1203 1082 fidem
1249 1016 1426 1081 fideli
1468 1016 1676 1083 verbo
1725 1017 1982 1099 docuit,
2043 1016 2647 1103 potentissimisque
2691 1014 3034 1079 virtutibus

542 1129 950 1217 approbavit.
1011 1130 1233 1216 Atque
1282 1130 1433 1193 exin
1480 1129 1828 1194 Christiani
1873 1129 2122 1194 Romae
2171 1151 2312 1193 0880
2361 1139 2752 1215 coeperunt.
2824 1126 3032 1191 Sensit

546 1242 672 1308 hoc
720 1241 1027 1307 collatum
1070 1242 1226 1307 fidei
1272 1264 1428 1307 suae
1474 1241 1689 1307 Roma
1731 1241 2127 1307 beneficium
2147 1244 2214 1305 ².‘

754 1354 904 1419 Non
949 1357 1015 1419 in
1061 1354 1433 1420 Palaestina
1478 1354 1720 1437 solum,
1785 1354 1902 1419 sed
1947 1354 2197 1420 Roma-e
2261 1356 2458 1419 etiam
2503 1352 2734 1419 turba-s
2781 1352 3032 1419 assidue

542 1466 909 1533 miscebant
953 1467 1221 1550 Judaei3
1278 1467 1477 1554 idque
1525 1490 1726 1533 causa
1769 1468 1892 1531 fuit
1935 1476 2206 1554 propter
2251 1489 2448 1552 quam
2492 1468 2681 1531 iussit
2727 1464 3034 1530 Claudius

546 1602 823 1646 omnes
870 1580 952 1645 ab
998 1580 1178 1645 Urbe
1227 1579 1513 1645 exulare.
1591 1579 1759 1644 Cum
1804 1580 2040 1645 Petrus
2084 1579 2378 1645 Judaeus
2441 1590 2644 1661 esset,
2713 1590 2782 1643 et
2833 1580 3036 1665 ipsum

546 1693 807 1759 exulem
868 1694 1105 1759 abiisse
1168 1693 1479 1759 credibile
1542 1704 1666 1758 est:
1745 1693 1922 1779 quod
1994 1692 2232 1757 ethnici
2292 1694 2475 1758 initio
2539 1692 2741 1756 fidem
2805 1690 3038 1757 Christi

544 1808 745 1872 veluti
790 1806 1143 1893 quamdam
1188 1806 1231 1871 J
1237 1806 1593 1872 udaeorum
1641 1817 1917 1888 sectam,
1983 1805 2268 1891 ideoque
2315 1828 2365 1870 8.
2396 1805 2670 1870 Petrum
2715 1803 3036 1869 Judaeum

548 1919 923 2003 habuerint3
968 1920 1181 1985 Roma
1224 1920 1446 2005 pulsus
1476 1920 1795 2005 Princeps
1823 1918 2291 2006 Apostolorum
2319 1917 2820 2003 Hierosolymas
2863 1939 3038 2003 repe-

548 2034 677 2117 tiit3
726 2032 1166 2098 Orientalibus
1212 2032 1483 2119 aliisque
1512 2032 1830 2097 Ecclesiis
1860 2040 2124 2118 praesto
2159 2031 2414 2096 futurus
2434 2034 2480 2095 ³.
2529 2030 2804 2096 Interea
2839 2030 3038 2094 Hero-

550 2145 667 2211 des
710 2146 1011 2232 Agrippa
1072 2144 1470 2229 Caesareae,
1541 2168 1690 2210 cum
1749 2146 1816 2209 in
1876 2154 2058 2209 veste
2123 2143 2471 2230 splendida
2527 2166 2650 2230 pro
2725 2145 3036 2208 concione

550 2258 861 2345 populum
922 2257 1259 2345 alloquens
1319 2257 1601 2323 honores
1662 2256 1784 2323 soli
1827 2258 1974 2323 Deo
2039 2256 2295 2322 debitos
2351 2253 2472 2321 sibi
2530 2255 2829 2341 impendi
2877 2257 3036 2336 sinit,

550 2373 765 2436 statim
812 2370 894 2436 ab
943 2370 1177 2457 angelo
1224 2394 1575 2458 percussus
1622 2380 1748 2455 est3
1797 2394 1832 2435 e
1867 2394 1995 2457 quo
2043 2393 2279 2457 corpus
2323 2370 2460 2434 eius
2499 2371 2593 2435 ita
2627 2372 3036 2456 computruit,

550 2495 623 2549 ut
666 2493 875 2550 totum
920 2486 988 2550 in
1031 2507 1291 2549 vermes
1338 2483 1569 2566 abiret,
1615 2483 1920 2569 indignus
1963 2486 2096 2548 iam
2140 2483 2510 2549 hominibus
2557 2505 2636 2547 ac
2669 2481 3038 2547 viventibus

552 2599 985 2679 annumerari,
1033 2600 1143 2683 qui
1186 2598 1371 2661 Deus
1419 2620 1562 2662 esse
1607 2597 1994 2663 voluisseti*¹

759 2774 1025 2842 Diffi-ossio,
1063 2774 1123 2825 de
1144 2774 1321 2825 itinere
1342 2774 1503 2843 primo
1539 2793 1573 2826 s.
1600 2774 1745 2825 Petri
1767 2776 1998 2827 Romano
2034 2774 2259 2825 Veterum
2289 2773 2581 2825 testimonia.
2627 2772 2802 2823 Juvat
2837 2775 3034 2837 specta-

552 2858 659 2910 bile
698 2860 928 2920 testium,
965 2860 1105 2910 inter
1142 2875 1275 2925 quos
1313 2860 1479 2925 aliqui
1515 2860 1814 2925 gravissimi
1852 2860 2202 2925 reperiuntur,
2243 2874 2434 2924 agmen
2463 2858 2783 2923 producere,
2823 2874 3036 2925 quorum

554 2961 707 2996 nemo
765 2947 1005 3011 quintum
1062 2962 1219 2997 aerae
1276 2946 1610 2997 Christianae
1667 2946 1939 2997 saeculum
1993 2947 2342 3012 superaverit.
2425 2946 2512 2995 Ex
2571 2946 2812 2995 secundo
2865 2947 3037 3010 itaque

555 3032 771 3083 saeculo
810 3032 1155 3083 advocandus
1192 3034 1427 3083 occurrit
1462 3035 1690 3099 scriptor
1727 3034 1868 3083 omni
1907 3033 2116 3098 quidem
2155 3034 2466 3097 exceptione
2502 3033 2676 3082 maior
2719 3030 2774 3081 S.
2801 3032 3038 3083 Justinus

554 3118 983 3185 Martyr,·Apol.
1020 3119 1063 3183 Ι,
1098 3122 1181 3169 26.
1220 3138 1270 3185 p.
1306 3121 1390 3171 67.
1438 3136 1557 3170 011111
1594 3120 1794 3185 Tryph.
1831 3136 1880 3169 11.
1921 3122 2034 3169 120.
2073 3136 2126 3185 p.
2163 3120 2282 3169 407.
2333 3117 2384 3168 S.
2421 3118 2706 3181 Irenaeus,
2745 3119 2868 3169 adv,
2900 3118 3036 3167 11801.

555 3206 597 3269 Ῑ,
634 3208 717 3256 23.
754 3222 805 3271 p.
841 3208 957 3255 237.
1008 3206 1389 3269 Tertullianus,
1428 3206 1569 3271 apol.
1605 3223 1655 3255 11.
1697 3208 1776 3256 13.
1816 3223 1867 3271 p.
1907 3207 1986 3256 76.
2035 3206 2321 3268 Arnobius,
2359 3206 2480 3255 81111.
2516 3210 2626 3255 nat.
2658 3205 2731 3269 11,
2761 3208 2844 3255 12.
2880 3223 2930 3271 p.
2962 3206 3036 3254 63.

555 3293 849 3345 Arnobium
886 3294 1086 3359 excipit
1119 3294 1407 3355 Eusebius,
1445 3294 1584 3345 Hist.
1624 3293 1755 3343 0001.
1793 3293 1865 3354 ΙΙ,
1904 3295 1984 3343 14.
2021 3310 2074 3359 p.
2111 3296 2192 3342 52.
2234 3296 2288 3342 et
2323 3294 2416 3357 qui
2453 3293 2502 3341 ei
2541 3294 2888 3343 consentiunt
2921 3293 3038 3342 scri-

558 3384 737 3445 ptores
785 3382 989 3447 primae
1034 3386 1196 3431 notae
1246 3380 1297 3430 S.
1344 3381 1574 3447 Cyrillus
1622 3382 1789 3443 Hier„
1842 3378 2044 3430 catech.
2095 3380 2186 3441 VI,
2233 3382 2312 3429 15.
2363 3396 2414 3445 p.
2460 3382 2544 3430 96.
2619 3379 2671 3429 S.
2719 3380 3037 3437 Ambrosius,

558 3468 815 3517 Hexaem.
839 3468 932 3530 IV,
960 3470 1008 3517 8.
1034 3484 1085 3533 p.
1116 3470 1229 3517 100.
1281 3467 1333 3517 S.
1360 3468 1715 3533 Epiphanius,
1745 3468 1889 3517 haer.
1917 3466 2059 3528 XXI,
2087 3469 2136 3517 5.
2174 3483 2226 3532 p.
2253 3469 2337 3517 59.
2382 3465 2436 3515 S.
2461 3465 2496 3516 J
2501 3480 2704 3516 oannes
2733 3466 3038 3532 chrysosto-

559 3568 700 3615 mus,
754 3554 809 3603 in
858 3555 944 3604 Ps.
988 3556 1073 3604 48.
1124 3571 1175 3604 n.
1220 3556 1266 3604 6.
1322 3555 1385 3615 V,
1431 3556 1548 3603 213.
1618 3552 1671 3604 S.
1715 3554 2097 3619 Hieronymus,
2155 3553 2221 3603 de
2276 3553 2456 3617 script.
2501 3553 2634 3602 eccl.
2678 3566 2723 3602 c.
2771 3556 2819 3602 1.
2869 3570 2921 3619 p.
2965 3554 3038 3602 18.

561 3640 613 3691 S.
648 3640 1005 3705 Augustinus,
1052 3656 1134 3707 ep.
1174 3640 1241 3690 ad
1280 3640 1634 3700 Casulanum,
1673 3640 1918 3703 XXXVI,
1957 3641 2004 3689 9.
2052 3640 2130 3701 ΙΙ,
2172 3641 2252 3690 76.
2314 3638 2710 3701 Theodoretus‚
2759 3639 2904 3689 haer.
2939 3639 3038 3688 sah.

560 3742 729 3793 comp.
755 3727 797 3789 1,
827 3731 872 3777 1.
909 3726 1003 3789 IV,
1030 3742 1079 3776 a.
1107 3744 1157 3793 p.
1184 3728 1301 3777 287.
1348 3728 1399 3777 S.
1427 3728 1690 3777 Maximus
1729 3742 1811 3791 ep.
1839 3727 2016 3788 Tama,
2055 3726 2233 3777 homil.
2272 3726 2492 3775 LXXII.
2532 3726 2598 3775 de
2635 3732 2747 3776 nat.
2783 3741 2869 3792 ap.
2907 3726 3038 3775 Petri

562 3818 616 3863 et
649 3814 806 3863 Pauli
842 3814 905 3863 V.
942 3830 993 3879 p.
1032 3816 1149 3864 232.
1210 3813 1453 3878 Segetem
1500 3813 1718 3863 claudat
1765 3813 2024 3879 Sulpitius
2061 3812 2314 3874 Severus,
2354 3812 2474 3861 hist.
2513 3828 2554 3861 8.
2603 3812 2685 3875 Π,
2723 3814 2807 3863 41.
2845 3830 2896 3878 p.
2931 3814 3038 3861 353.

561 3902 636 3953 Ut
672 3905 849 3950 autem
896 3907 1105 3966 tempus
1152 3916 1257 3966 quo
1306 3902 1529 3965 primum
1568 3914 1607 3949 s.
1636 3901 1826 3949 Petrus
1865 3900 2084 3966 Romam
2123 3900 2294 3960 venit,
2339 3900 2508 3964 magis
2547 3904 2722 3949 ratum
2759 3898 2868 3960 fiat,
2907 3900 3038 3948 testi-

561 3990 794 4039 monium
838 3987 1046 4037 adferre
1082 3989 1231 4037 iuvat
1280 3987 1331 4036 S.
1368 3986 1565 4037 Leonis
1604 3988 1682 4049 Ρ.,
1721 4002 1873 4037 serm.
1910 3986 1951 4035 I.
1991 3988 2046 4035 in
2081 3991 2190 4036 nat.
2227 3986 2410 4051 Apost.
2447 3986 2596 4034 Petri
2633 3991 2688 4035 et
2725 3985 2880 4035 Pauli
2917 4000 2960 4034 c.
2995 3987 3038 4033 4.

561 4076 603 4137 1,
642 4076 741 4137 84„
792 4090 947 4140 quem
994 4075 1405 4124 eruditissimum
1452 4074 1722 4123 doctorem
1761 4073 2040 4123 Ecclesiae
2081 4086 2210 4122 suae
2246 4071 2512 4121 Historias
2549 4073 2856 4136 ignorasse,
2893 4086 3040 4121 nemo

776 4233 813 4297 ¹)
851 4232 933 4282 Ad
970 4247 1018 4282 a.
1056 4232 1121 4283 U.
1161 4249 1206 4283 0.
1247 4233 1361 4281 795.
1438 4230 1479 4296 ²)
1518 4232 1799 4281 Historiar.
1846 4232 1964 4291 VII,
2005 4234 2053 4281 6.
2099 4230 2182 4280 ed.
2225 4229 2279 4279 S.
2313 4228 2670 4293 Havercamp.
2717 4228 2890 4295 Lugd.
2927 4228 3038 4277 Bat.

568 4322 718 4370 1738.
766 4338 817 4385 p.
854 4322 973 4370 466.
1014 4321 1059 4369 7.
1136 4320 1176 4384 ³)
1225 4320 1423 4385 Utpote
1474 4319 1708 4367 omniurn
1757 4322 1945 4383 caput,
1995 4322 2181 4382 utpote
2226 4315 2317 4365 ille
2361 4315 2681 4380 Apostolus,
2728 4317 2816 4365 cui
2861 4316 3042 4365 docere

567 4422 747 4458 omnes
785 4412 1027 4471 pastores
1064 4411 1119 4455 et
1153 4411 1338 4471 gentes
1374 4404 1684 4454 mandatum
1709 4404 1902 4455 fuerat.
1967 4405 2008 4469 ⁴)
2035 4404 2150 4453 Act.
2181 4406 2261 4463 12,
2290 4404 2511 4453 19—23.
2560 4402 2848 4468 Josephus,
2873 4403 3042 4465 Antiq.

565 4492 709 4543 XIX.
749 4495 796 4556 8,
832 4496 880 4542 2.
928 4510 979 4558 p.
1018 4494 1135 4543 951.
1196 4492 1381 4558 Regno
1428 4491 1544 4541 eius
1592 4490 1900 4557 praeficitur
1951 4506 1984 4541 8
2034 4489 2258 4540 Claudio
2309 4488 2537 4553 Cuspius
2589 4488 2773 4538 Padus
2817 4502 3041 4555 praeses.

566 4578 854 4644 Josephus,
891 4578 964 4628 ib.
992 4580 1039 4640 9,
1068 4582 1115 4628 2.
1154 4594 1205 4643 p.
1234 4580 1351 4628 952.
