3267 5259
920 482 1144 524 Secundus
1171 482 1390 533 praeconii
1418 482 1624 524 coelestis
1652 494 1809 524 annus.
2525 472 2603 537 61

157 662 525 719 Hebraeorum
569 661 726 736 Lege
757 668 1204 721 commemorata
1232 663 1320 721 ita
1350 663 1797 734 commendavit,
1847 668 1915 721 ut
1944 663 2229 741 quidquid
2260 684 2335 721 ex
2366 684 2612 740 persona

155 784 244 821 sua
281 764 509 841 insuper
553 764 909 844 loqueretur,
957 768 1052 825 vel
1085 769 1157 825 ad
1187 768 1612 843 expositionem
1644 768 2055 845 requirendam
2099 768 2339 839 valeret,
2387 769 2437 826 si
2468 770 2611 847 quid

157 870 246 925 illa
281 872 510 927 obscure
553 872 871 946 posuisset,
925 872 1022 930 vel
1067 874 1138 929 ad
1183 872 1372 930 tutius
1416 874 1897 944 conservandum,
1945 874 2097 950 quod
2142 872 2249 930 illa
2292 872 2609 931 voluisset.‘

157 973 438 1051 Reliquum
475 982 581 1045 est,
619 981 689 1033 ut
717 994 1083 1053 quaeramus,
1131 976 1275 1053 quid
1320 976 1558 1035 divinus
1588 976 1861 1035 Salvator
1904 977 1973 1034 de
2016 976 2171 1050 Lege
2200 977 2612 1035 caerimoniali

159 1078 440 1135 censuerit?
483 1082 649 1137 Ante
691 1080 890 1137 omnia
917 1100 1233 1153 monemus,
1282 1081 1496 1156 Legem
1526 1080 2009 1138 caerimonialem
2054 1084 2126 1139 ad
2172 1086 2399 1157 tempus
2444 1083 2611 1139 dum-

161 1186 298 1238 taxat
341 1183 530 1239 datam
575 1182 774 1255 fuisse,
831 1190 891 1243 et
933 1185 1041 1243 uni
1070 1186 1306 1263 quidem
1337 1185 1500 1259 genti
1529 1185 1761 1257 electae,
1810 1187 2061 1263 adeoque
2106 1187 2177 1243 ad
2209 1186 2615 1244 oeconomiam

161 1306 310 1363 usque
349 1287 502 1344 Novi
562 1288 924 1347 Testamenti
989 1294 1222 1347 tantum
1267 1291 1625 1365 perdurasse.
1702 1289 1809 1346 Sin
1852 1296 2171 1367 quaeratur
2222 1310 2301 1347 an
2347 1290 2615 1347 Christus

162 1390 341 1463 Legem
356 1390 840 1451 caerimonialem
862 1398 1254 1468 transgressus
1277 1394 1476 1465 fuerit,
1498 1396 1905 1470 respondemus
1930 1416 2063 1453 eum
2084 1414 2385 1473 nunquam
2401 1394 2615 1469 Legem

161 1494 614 1553 Caeremonialem
665 1496 939 1556 violasse:
1002 1498 1220 1576 quippe
1249 1504 1317 1557 ut
1348 1499 1659 1575 Apostolus
1690 1498 1835 1557 dicit
1880 1498 2196 1573 ,γενόμενον
2239 1496 2340 1555 ὑπὸ
2384 1497 2570 1572 νόμουι
2595 1497 2614 1536 ¹

163 1602 348 1655 frictum
375 1602 480 1657 sub
509 1600 686 1675 Lege.
733 1602 815 1659 Ut
845 1608 1154 1675 taceamus,
1188 1623 1335 1681 quae
1365 1604 1434 1661 de
1464 1622 1530 1660 eo
1560 1604 1787 1661 infante
1816 1603 1973 1661 facta
2000 1600 2165 1661 sint²
2205 1603 2369 1661 festis
2414 1604 2615 1662 diebus

161 1702 560 1781 Hierosolymas
607 1706 1036 1782 proficiscitur3
1105 1708 1448 1766 didrachma
1489 1708 1701 1778 solvit;
1767 1728 1909 1785 quos
1954 1728 1987 1764 a
2030 1708 2196 1783 lepra
2239 1712 2611 1784 purgaverat,

162 1807 295 1864 iubet
324 1811 639 1867 sacerdotes
672 1811 852 1883 adire,
887 1816 946 1869 et
976 1812 1186 1870 offerre
1215 1811 1586 1871 sacrificium.
1635 1811 1917 1875 Quamvis
1949 1817 2145 1869 autem
2172 1811 2387 1886 Legem
2419 1812 2615 1870 Caeri-

161 1912 436 1969 monialem
481 1933 600 1971 non
647 1915 896 1989 migret,
958 1917 1185 1993 saepius
1244 1922 1440 1974 tamen
1486 1918 1683 1987 docet,
1754 1916 1913 1974 inter
1956 1916 2517 1973 Caerimonialia
2560 1921 2619 1973 et

163 2016 429 2075 Moralia
471 2026 786 2096 praecepta
814 2021 1292 2095 distinguendum
1337 2042 1474 2079 esse.
1524 2021 1726 2079 Aliam
1756 2041 1873 2077 esse
1906 2020 2192 2078 rationem
2244 2019 2617 2077 moralium

165 2130 564 2198 praeceptorum
588 2121 631 2195 3,
683 2124 860 2182 aliam
907 2123 1661 2183 caerimonialium4.
1710 2126 1843 2182 Non
1887 2126 2265 2203 exaequanda
2308 2145 2427 2181 esse
2470 2142 2617 2201 quae

165 2232 276 2282 sunt
318 2226 456 2285 iuris
485 2228 732 2304 positivi
764 2234 822 2287 et
851 2230 1193 2305 temporarii
1237 2236 1486 2301 tantum,
1535 2234 1595 2287 et
1655 2227 1760 2286 illa
1804 2247 1951 2306 quae
1980 2234 2120 2286 sunt
2148 2228 2296 2286 iuris
2328 2227 2617 2285 naturalis

165 2335 210 2383 et
244 2332 448 2389 aeterni
467 2328 510 2390 5.
558 2333 956 2392 Caerimonias
986 2353 1212 2413 quoque
1242 2334 1445 2394 divino
1475 2334 1691 2409 spiritu
1722 2354 1841 2390 esse
1870 2332 2159 2409 impletas,
2207 2352 2393 2410 neque
2422 2338 2619 2390 tamen

165 2432 236 2488 ita
273 2437 628 2509 necessarias,
679 2442 750 2495 ut
791 2440 866 2498 ab
910 2439 1036 2516 ipso
1079 2439 1297 2515 spiritu
1340 2458 1456 2497 non
1501 2438 1723 2513 possint
1772 2437 2011 2509 secerni,
2060 2442 2118 2494 et
2162 2436 2323 2494 salvo
2367 2436 2471 2494 illo
2516 2437 2617 2493 ab·

166 2539 349 2609 rogari.
401 2540 634 2599 Revera
679 2543 1059 2601 caerimonias
1103 2543 1382 2620 spiritum
1425 2542 1570 2617 legis
1613 2562 1733 2600 non
1779 2543 2113 2613 coercuisse,
2161 2542 2259 2599 sed
2302 2560 2431 2598 eam
2473 2539 2615 2612 vim,

165 2659 314 2715 quam
353 2651 582 2703 sanctus
629 2646 848 2705 Paulus
892 2647 1036 2721 Legi
1083 2648 1322 2719 tribuit,
1385 2653 1522 2705 ante
1583 2648 1773 2706 oculos
1828 2646 2081 2723 posuisse
2100 2690 2113 2717 ,
2176 2664 2296 2703 non
2338 2649 2427 2702 est
2470 2645 2621 2723 quod

167 2746 462 2807 dubitemus
479 2748 522 2808 ⁶.
617 2752 872 2810 Interim
930 2772 1190 2810 summus
1243 2752 1310 2809 in
1367 2754 1478 2809 hac
1535 2772 1600 2809 re
1646 2754 1859 2822 doctor,
1917 2751 1975 2808 S.
2025 2750 2394 2825 Augustinus
2412 2746 2451 2821 ⁷,
2502 2749 2621 2807 tria

165 2860 393 2925 tempora
442 2854 508 2912 in
553 2856 925 2914 caerimoniis
981 2857 1406 2915 demonstravit
1451 2858 1818 2913 secernenda.
1910 2856 2108 2913 Unum
2153 2860 2333 2913 ante
2399 2852 2619 2912 Christi

168 2958 551 3032 passionem,
605 2960 672 3018 in
702 2980 814 3039 quo
848 2960 1057 3035 legales
1082 2960 1466 3019 caerimoniae
1497 2966 1669 3019 erant
1699 2962 1772 3017 ad
1802 2960 1991 3019 vitam
2020 2960 2253 3035 piorum
2283 2958 2618 3028 ordinatae3

167 3056 384 3118 alterum
433 3070 592 3140 post
645 3070 920 3141 tempus
970 3065 1362 3140 Evangelii
1415 3066 1481 3122 in
1527 3065 1831 3139 publicum
1862 3063 2171 3138 divulgati,
2213 3083 2327 3141 quo
2364 3069 2623 3137 tempore

171 3159 350 3235 legales
379 3166 512 3225 illae
543 3168 934 3227 caerimoniae
964 3175 1228 3227 mortuae
1259 3170 1573 3227 censendae
1603 3174 1759 3239 sunt,
1795 3168 2139 3244 praesertim
2168 3187 2319 3245 quae
2349 3168 2421 3224 ad
2466 3186 2619 3225 com-

169 3264 506 3344 plementum,
542 3272 970 3351 veritatemque
1002 3274 1064 3330 in
1097 3272 1328 3331 Christo
1368 3272 1879 3349 praefigurandam
1912 3272 2306 3347 pertinebant.
2354 3270 2624 3329 Tertium

171 3369 384 3448 denique
406 3374 822 3434 intermedium
845 3382 1091 3453 tempus,
1119 3378 1271 3455 quod
1295 3377 1585 3453 pertinuit
1623 3396 1659 3433 a
1704 3376 2036 3452 passione
2088 3374 2307 3432 Christi
2340 3376 2423 3431 ad
2470 3394 2619 3449 pro-

171 3475 646 3549 mulgationem
685 3500 906 3559 usque
935 3480 1357 3555 Evangelii;
1391 3480 1458 3538 in
1479 3481 1586 3538 hoc
1608 3480 1769 3537 enim
1794 3486 2051 3555 tempore
2073 3480 2312 3536 fuerant
2341 3480 2625 3556 quaedam

171 3585 398 3638 mortuae
456 3582 670 3658 legales
727 3586 1138 3657 caerimoniae,
1205 3584 1344 3662 quia
1404 3604 1590 3662 neque
1652 3584 1779 3643 vim
1839 3582 2022 3640 ullam
2080 3583 2378 3641 habebant
2444 3583 2618 3659 ipsae,

171 3700 328 3758 neque
383 3688 452 3743 ad
511 3690 978 3747 observationem
1038 3690 1300 3763 ipsarum
1367 3690 1679 3746 tenebatur
1722 3688 2029 3766 quisquam
2046 3732 2059 3759 ‚
2122 3689 2219 3745 sed
2266 3691 2462 3744 tamen
2508 3706 2623 3744 non

171 3787 412 3847 continuo
454 3792 700 3850 fuerunt
743 3794 1116 3869 perniciosae,
1179 3793 1320 3872 quia
1362 3812 1468 3870 pro
1513 3793 1741 3851 ratione
1793 3792 2099 3850 hominum
2144 3792 2215 3849 ad
2260 3796 2488 3867 tempus
2533 3812 2623 3848 sa-

175 3888 367 3961 pientia
407 3894 611 3955 divina
654 3898 1051 3956 dissimulatae
1095 3902 1232 3955 sunt
1251 3896 1291 3954 8.

357 4132 390 4197 ¹)
413 4134 530 4185 Gal.
551 4139 600 4198 4,
621 4139 670 4186 4.
693 4154 738 4186 c.
757 4137 944 4187 Matth.
967 4138 1015 4197 3,
1041 4140 1120 4187 16.
1165 4136 1206 4201 2)
1233 4137 1298 4185 V.
1317 4136 1386 4186 H.
1413 4138 1476 4185 N.
1497 4137 1558 4185 T.
1579 4153 1628 4202 p.
1652 4138 1734 4185 10.
1759 4138 1838 4185 11.
1863 4138 1943 4185 15.
1964 4138 2047 4185 23.
2074 4136 2158 4183 42.
2180 4136 2260 4183 62.
2285 4135 2366 4183 72.
2406 4132 2447 4195 ³)
2475 4133 2627 4193 Quae

175 4228 226 4262 ex
249 4232 299 4265 se.
320 4226 370 4270 et
397 4228 591 4274 natura
614 4239 712 4274 sua
736 4224 1092 4285 intrinsecam,
1120 4227 1181 4272 ut
1201 4224 1278 4272 ita
1301 4223 1447 4288 loqui
1471 4222 1649 4285 liceat,
1675 4223 1877 4271 habent
1900 4222 2208 4271 bonitatem.
2236 4221 2277 4283 ⁴)
2307 4220 2459 4280 Quae
2484 4218 2629 4267 bona

179 4312 280 4353 sunt
309 4324 407 4357 non
439 4326 502 4359 ex
537 4326 596 4360 se
633 4325 740 4375 qua
769 4311 926 4369 talia,
953 4310 1047 4360 sed
1073 4310 1202 4374 quia
1233 4314 1524 4375 praecepta
1545 4313 1769 4358 tantum.
1820 4306 1861 4373 ⁶)
1886 4309 1950 4356 V.
1976 4307 2043 4357 H.
2069 4307 2134 4355 R.
2161 4306 2227 4355 D.
2253 4306 2317 4355 V.
2344 4306 2406 4354 T.
2430 4322 2483 4370 p.
2511 4307 2625 4355 144.

181 4393 273 4440 162.
318 4394 356 4459 6)
393 4394 470 4445 cf.
495 4396 646 4446 Rom.
675 4399 721 4459 7,
751 4398 796 4446 7.
837 4397 1004 4446 Hebr.
1032 4399 1112 4459 10,
1149 4397 1194 4445 1.
1246 4395 1288 4459 ⁷)
1313 4396 1485 4460 Epist.
1512 4394 1783 4443 LXXXII.
1811 4394 1879 4443 ad
1905 4410 1947 4443 s.
1972 4392 2374 4457 Hieronymum.
2400 4408 2451 4441 n.
2481 4393 2560 4442 14.
2588 4408 2627 4443 s.

180 4474 235 4535 Π,
268 4482 370 4531 194.
429 4482 470 4547 ⁸)
507 4484 642 4535 Nam
686 4485 1003 4549 quicumque
1047 4498 1110 4532 ex
1147 4482 1374 4531 Judaeis
1417 4482 1719 4531 transibant
1754 4480 1823 4529 ad
1864 4480 2158 4541 Christum,
2196 4484 2445 4545 poterant
2485 4478 2629 4528 licite

181 4562 428 4617 observare
452 4570 652 4635 legales
685 4570 806 4619 illas
841 4571 1217 4629 caerimonias,
1245 4568 1401 4617 modo
1427 4584 1574 4633 spem
1601 4569 1657 4616 in
1683 4568 1760 4617 eis
1786 4582 1893 4617 non
1927 4566 2277 4629 collocarent,
2305 4580 2503 4631 easque
2526 4566 2631 4615 sibi

183 4657 475 4705 necessarias
524 4672 638 4707 esse
681 4656 749 4705 ad
800 4656 1022 4707 salutem
1074 4656 1486 4719 arbitrarentur3
1535 4658 1791 4718 tanquam
1840 4654 1886 4703 si
1936 4653 2139 4718 absque
2188 4652 2451 4717 legalibus
2498 4650 2631 4701 fides
