3267 5259
618 414 747 481 334
1112 462 1120 469 .
1356 430 1475 473 nist.
1504 430 1611 473 Bov-
1640 428 1729 473 div.
1759 430 1927 473 Pei-iod.
1956 428 2014 472 11.
2033 440 2126 481 cap.
2155 429 2354 482 primum.

618 607 803 653 recta
840 604 1163 669 cognitio,
1208 608 1263 654 et
1296 618 1437 671 quae
1472 602 1739 655 interdum
1777 604 2098 671 quibusdam
2143 604 2368 670 contigit
2411 603 2667 655 revelatio
2711 604 2986 670 singularis
3016 604 3074 653 ad

618 688 807 741 salutis
848 692 1100 741 veritates
1141 691 1437 758 pertinens3
1486 695 1547 741 ut
1588 692 1798 741 animus
1847 692 1902 740 vi
1944 692 2136 741 eximia
2178 690 2500 757 percellatur
2547 696 2982 757 convertaturque
3016 690 3072 741 ad

616 776 792 826 Deum
816 777 1161 827 institutionis
1185 776 1487 827 Auctorem.
1524 778 1567 827 Ι.
1589 776 1711 828 Cor.
1739 780 1820 840 14,
1842 779 1891 828 6.
1915 780 2000 827 26.
2021 780 2104 828 30.
2139 777 2213 827 11.
2241 780 2322 840 12,
2345 780 2426 828 17.
2465 778 2616 838 Quae
2641 777 2692 828 h.
2717 776 2754 827 1.
2791 777 2976 827 dicitur
3007 772 3071 827 ἀπ.

616 860 669 912 Ἰ.
708 860 815 931 Χρ.,
848 862 994 913 haud
1037 863 1197 915 dubie
1242 864 1387 914 facta
1432 870 1513 915 est
1556 864 1747 928 Paulo,
1791 869 2079 931 antequam
2114 868 2174 915 ut
2208 863 2496 931 Apostolus
2541 863 2700 914 fidem
2742 864 2810 913 D.
2843 864 2909 914 N.
2943 865 2990 914 J.
3023 864 3072 914 C.

616 950 877 1016 inciperet
910 950 1239 1017 praedicare,
1274 966 1385 1001 non
1419 950 1579 1019 longe
1616 956 1741 1017 post
1765 952 1880 1001 eius
1905 952 2324 1003 conversionem.
2360 950 2590 1001 Paulum
2615 956 2795 1001 autem
2815 950 2896 1001 his
2921 952 3074 1001 verbis

618 1038 1004 1103 apparitionem
1039 1037 1175 1089 Jesu
1209 1039 1267 1087 in
1300 1040 1391 1089 via
1424 1038 1780 1102 Damascena,
1817 1038 2034 1089 minime
2068 1053 2198 1089 vero
2235 1038 2398 1088 aliam
2434 1037 2705 1104 quandam
2740 1038 3074 1108 pas-skulam

616 1124 816 1176 Christi
850 1125 1206 1189 efficientiam,
1244 1142 1355 1193 qua
1387 1128 1609 1179 iuvante
1632 1128 1768 1179 Jesu
1804 1128 2100 1179 doctrinam
2126 1132 2181 1178 et
2203 1126 2560 1193 Evangelium
2585 1128 2816 1194 penitius
2841 1128 3072 1189 didicerit,

618 1216 877 1278 spectare,
916 1230 947 1263 e
982 1214 1358 1265 recentissimis
1389 1214 1770 1280 interpretibus
1806 1216 2134 1265 existimant:
2173 1214 2232 1265 C.
2257 1215 2317 1264 P.
2345 1214 2606 1264 Hofstede
2633 1214 2699 1264 de
2725 1213 2906 1277 Groot,
2942 1214 3074 1264 Pauli

616 1300 911 1363 conversi0,
948 1302 1270 1366 praecipuus
1304 1300 1635 1367 Theologiae
1673 1301 1934 1351 Paulinae
1968 1301 2106 1351 fons.
2148 1300 2404 1366 Groning.
2445 1302 2596 1351 1855.
2634 1317 2688 1366 p.
2712 1302 2763 1351 4.
2787 1316 2830 1350 s.
2867 1306 2919 1351 et
2938 1300 2986 1351 J.
3003 1300 3073 1350 Cr.

614 1386 680 1436 K.
718 1383 786 1436 de
820 1386 1124 1451 Hofmann,
1174 1386 1261 1437 die
1307 1387 1449 1438 Heil.
1488 1386 1688 1438 Schrii’t
1723 1387 1774 1438 d.
1811 1388 1878 1438 N.
1913 1388 1976 1437 T.
2014 1386 2375 1439 zusammenh.
2411 1393 2613 1439 unters.
2649 1386 2836 1437 Nordl.
2871 1388 3009 1438 1862.
3039 1386 3074 1449 1,

616 1474 701 1523 60.
747 1473 947 1523 Verum
982 1473 1107 1525 huic
1143 1474 1383 1541 opinioni
1418 1474 1762 1527 vehementer
1797 1475 1978 1526 obstat
2021 1489 2072 1525 a.
2110 1474 2256 1541 quod
2289 1474 2460 1525 Paulo
2495 1480 2628 1525 tunc
2663 1476 2936 1540 quaerenti
2969 1473 3076 1540 quid

612 1560 789 1625 ipsum
826 1564 1071 1626 oporteat
1104 1560 1319 1612 facere?
1362 1577 1678 1629 responsum
1729 1567 1834 1627 est;
1872 1561 2188 1613 mittendum
2222 1575 2256 1611 a
2291 1576 2396 1627 quo
2432 1559 2566 1611 illud
2603 1560 2850 1613 disceret.
2916 1562 3076 1626 Neque

614 1645 667 1696 b.
704 1652 1120 1699 consentaneum
1156 1647 1381 1711 videtur,
1418 1654 1481 1699 ut
1512 1648 1710 1699 nedum
1741 1648 2060 1714 baptizatus,
2097 1664 2198 1699 nec
2223 1646 2421 1714 Spiritu
2447 1648 2500 1699 S.
2527 1648 2765 1714 repletus
2791 1648 2934 1697 —in
2964 1648 3078 1697 hora

614 1735 993 1799 conversionis,
1042 1735 1129 1786 vel
1166 1736 1343 1786 triduo
1379 1741 1652 1802 sequente,
1691 1736 1836 1802 quod
1871 1736 2232 1802 poenitentiae
2257 1740 2312 1785 et
2341 1736 2597 1786 orationis
2631 1736 2736 1786 fuit
2760 1763 2828 1772 —
2851 1736 3079 1800 mysteria

614 1820 935 1872 christianae
981 1821 1277 1889 religionis,
1322 1838 1421 1889 per
1466 1838 1607 1889 quae
1643 1822 1880 1889 perfecte
1916 1828 2062 1873 esset
2095 1823 2366 1873 institutus
2417 1822 2487 1872 ad
2521 1837 2716 1873 munus
2753 1821 3078 1888 apostolicum

614 1907 1061 1974 exesequendum,
1102 1911 1385 1975 acceperit.
1421 1910 1633 1960 Exinde
1670 1914 1849 1960 autem
1885 1910 2016 1975 quia
2052 1925 2098 1960 c.
2135 1910 2388 1959 continuo
2423 1910 2698 1975 ingressus
2731 1909 2923 1959 dicitur
2941 1923 3079 1973 syna-

614 2009 782 2060 gogas
828 1996 1167 2061 praedicasse
1214 1995 1371 2045 fidem
1420 1994 1638 2059 Christi,
1695 1998 1908 2046 minime
1957 1996 2198 2061 sequitur
2235 1995 2616 2046 revelationem
2665 1996 2816 2045 illam
2861 1997 3080 2045 eximiam

612 2082 718 2130 iam
744 2081 1011 2133 habuisse.
1053 2082 1397 2133 Praedicavit
1420 2082 1540 2132 coll.
1560 2082 1676 2133 Act.
1711 2084 1792 2146 13,
1813 2086 1862 2133 2.
1899 2082 2136 2133 nondum
2163 2087 2222 2131 ut
2245 2081 2548 2149 Apostolus,
2573 2082 2670 2133 sed
2695 2088 2758 2131 ut
2785 2081 3080 2148 discipulus3

614 2168 877 2233 quomodo
916 2172 969 2219 et
1013 2168 1105 2218 alii
1150 2170 1496 2220 ministerium
1532 2170 1697 2219 Verbi
1741 2170 2016 2220 obeuntes.
2076 2170 2224 2219 Alio
2269 2174 2562 2235 tempore
2607 2168 2818 2219 Paulo
2863 2168 3080 2218 factam

613 2254 1086 2306 revelationem
1121 2259 1491 2321 mysteriorum
1526 2256 1667 2319 fidei,
1706 2256 1971 2321 colligitur
1997 2272 2062 2307 ex
2086 2256 2189 2306 hoc
2212 2258 2330 2322 ipso
2365 2255 2486 2306 loco
2528 2254 2648 2306 Gal.
2678 2258 2725 2317 1,
2755 2256 2836 2305 15.
2863 2272 2922 2319 s.,
2957 2253 3080 2304 unde

611 2340 781 2407 liquet
814 2342 1042 2393 Paulum
1064 2358 1174 2393 non
1198 2343 1363 2394 multo
1398 2349 1521 2409 post
1551 2344 1954 2394 conversionem
1981 2343 2254 2408 accepisse
2277 2342 2632 2408 Evangelium
2659 2358 2725 2392 ex
2747 2342 3080 2402 revelatione,

612 2433 667 2477 et
699 2428 821 2479 ideo
858 2444 968 2479 non
1002 2428 1293 2479 contulisse
1330 2446 1451 2479 cum
1487 2444 1759 2496 quoquam
1794 2428 2189 2495 Apostolorum.
2239 2429 2416 2490 Quare
2455 2428 2598 2495 quod
2635 2428 2707 2479 ad
2739 2429 3080 2495 magisterium

612 2516 815 2578 attinet,
852 2531 912 2567 se
946 2532 1055 2567 non
1092 2532 1210 2568 esse
1244 2518 1463 2583 reliquis
1499 2516 1773 2582 Apostolis
1808 2516 2130 2567 inferiorem.
2203 2514 2308 2566 Sed
2345 2530 2444 2565 nos
2480 2532 2548 2565 ne
2585 2512 2636 2565 ἐν
2672 2510 2920 2583 ἀλλοτρίῳ
2955 2515 3080 2583 χορῷ

608 2597 735 2651 πόδα
768 2604 1013 2668 posuisse
1049 2602 1338 2668 videamur,
1376 2618 1591 2654 manum
1621 2604 1689 2653 de
1725 2604 1928 2653 tabula.
1976 2602 2340 2654 Consulantur
2373 2604 2718 2669 interpretes:
2757 2600 3081 2668 Seripandua

610 2706 662 2755 p.
687 2691 767 2740 13.
804 2690 1155 2754 Promondus,
1178 2708 1228 2755 p.
1249 2694 1367 2742 239.
1404 2692 1605 2755 Estius,
1631 2706 1684 2757 p.
1706 2693 1824 2742 375.
1845 2692 1894 2741 6.
1931 2688 2134 2753 Schott,
2160 2706 2213 2757 p.
2234 2690 2354 2739 340.
2376 2692 2423 2741 1.
2451 2689 2514 2740 G.
2535 2688 2813 2753 Schubert,
2840 2690 2906 2739 de
2926 2690 3082 2747 variis,

610 2776 754 2827 unde
789 2776 991 2829 Paulus
1036 2778 1311 2828 doctrinae
1349 2776 1473 2829 Chr.
1510 2779 1872 2843 cognitionem
1916 2776 2130 2828 haurire
2177 2778 2352 2843 potuit
2394 2776 2648 2827 fontibus.
2694 2776 2913 2827 Vratisl.
2951 2776 3084 2825 1817.

610 2865 814 2926 Winer,
842 2863 1041 2915 Comm.
1068 2864 1138 2914 ad
1162 2864 1215 2916 h.
1240 2864 1275 2915 l.
1314 2882 1365 2931 p.
1392 2866 1473 2914 37.
1514 2864 1973 2928 Windischmann,
2011 2880 2062 2929 p.
2089 2866 2174 2914 25.
2210 2863 2488 2927 Wieseler,
2527 2862 2586 2912 C.
2613 2866 2664 2913 fl.
2690 2862 2742 2913 d.
2766 2862 2918 2912 Brief
2943 2861 3084 2912 Pauli

611 2965 660 3001 a.
686 2950 736 3000 d.
764 2950 995 3003 Galater.
1035 2951 1177 3003 Gutt.
1208 2953 1358 3002 1859.
1406 2951 1469 3002 F.
1503 2950 1828 3016 Reithmayr,
1865 2950 1926 3001 C.
1953 2968 1998 3000 z.
2024 2950 2112 3002 Br.
2139 2964 2186 3001 a.
2214 2950 2264 2999 d.
2293 2948 2413 3001 Gal.
2439 2949 2656 2999 Milnch.
2687 2950 2842 2999 1865.
2872 2966 2923 3015 p.
2950 2950 3025 2999 77.
3047 2964 3083 2997 s.

816 3039 899 3089 Ne
934 3040 1149 3107 gravius
1186 3039 1543 3104 negligentiae
1568 3052 1603 3087 a
1626 3038 1851 3089 morosis
1878 3028 2088 3087 Criticis
2114 3051 2444 3099 accusemur,
2481 3037 2628 3102 quod
2659 3036 2864 3087 nullam
2888 3036 3083 3085 omnino

608 3116 989 3175 instituerimus
1009 3125 1432 3191 disquisitionem
1452 3123 1503 3174 h.
1524 3124 1558 3173 l.
1578 3125 1633 3173 in
1661 3126 2014 3185 „recentiorum
2031 3124 2091 3178 de
2107 3124 2273 3178 Pauli
2287 3125 2590 3177 conversione
2613 3125 2913 3193 Qinhm‘
2935 3137 3080 3188 quae·

611 3210 733 3261 dam
770 3211 1075 3261 adiicienda
1110 3210 1371 3263 duximus.
1416 3211 1583 3261 Varia
1619 3210 1686 3259 de
1723 3212 1802 3273 iis,
1841 3226 1980 3277 quae
2007 3210 2176 3261 Paulo
2210 3210 2268 3260 in
2291 3211 2382 3260 via
2403 3210 2748 3260 Damascena
2775 3210 3082 3269 acciderunt,

609 3300 879 3349 variorum
915 3302 1215 3349 commenta
1250 3313 1561 3348 enumerare
1597 3297 1834 3348 taedium
1871 3297 2102 3348 adferret
2136 3296 2445 3347 lectoribus.
2505 3296 2630 3347 Jam
2677 3297 2805 3347 olim
2843 3298 3082 3359 Viti-iuga,

610 3384 739 3435 Obs.
773 3400 819 3435 s.
855 3385 947 3447 VI,
989 3386 1069 3435 10.
1118 3384 1189 3447 11,
1226 3386 1344 3435 370.
1382 3402 1424 3435 s.
1472 3402 1570 3451 per
1613 3399 1802 3435 sonum
1845 3385 1994 3434 vocis
2042 3384 2305 3434 intellexit
2347 3385 2550 3434 tonitru
2594 3384 2836 3435 iunctum
2879 3382 3082 3440 fulmini,

611 3471 754 3536 quod
790 3474 1010 3523 comites
1046 3471 1201 3523 Pauli
1238 3486 1513 3537 excepere.
1562 3472 1798 3523 Ulterius
1834 3470 2236 3537 progredientes
2275 3471 2364 3521 alii
2405 3472 2795 3537 apparitionem
2833 3470 3084 3537 explican-

611 3556 733 3607 dam
772 3573 888 3608 esse
928 3558 1132 3621 dicunt,
1170 3556 1515 3609 accomodate
1554 3558 1623 3607 ad
1660 3558 1868 3624 antiqui
1903 3558 2044 3608 illius
2079 3559 2198 3607 aevi
2234 3558 2534 3623 ingenium:
2583 3558 2652 3607 de
2687 3556 3084 3624 cogitationibus

609 3645 748 3694 inter
782 3644 1007 3695 fulmina
1042 3650 1096 3695 et
1130 3646 1365 3695 tonitrua
1402 3646 1541 3695 intra
1573 3646 1805 3695 animum
1829 3644 1988 3694 Pauli
2024 3646 2283 3710 subortis3
2319 3650 2382 3695 nt
2415 3660 2524 3695 non
2560 3646 2679 3711 ipso
2705 3645 2842 3696 Jesu
2865 3648 3083 3710 aspecto,

610 3731 706 3783 sed
742 3731 926 3782 divina
958 3747 1093 3783 voce
1131 3732 1200 3782 ad
1235 3733 1458 3783 interius
1496 3731 1747 3797 loquente
1765 3768 1780 3794 ,
1828 3732 2040 3798 fulgure
2087 3733 2484 3797 tonitruumque
2529 3732 2746 3798 fragore
2792 3732 3084 3797 perterritus

608 3818 859 3886 humique
906 3824 1203 3886 prostratus
1250 3819 1318 3869 ad
1362 3820 1660 3871 facinorum
1704 3835 1921 3869 suorum
1969 3820 2352 3871 conscientiam
2397 3825 2452 3870 et
2495 3818 2654 3869 fidem
2688 3819 2742 3868 J.
2782 3817 2900 3868 Chr.
2937 3816 3086 3865 fuerit

610 3906 889 3957 adductus.
958 3907 1247 3957 Praeterea
1295 3912 1473 3957 autem
1528 3908 1812 3973 sequentia
1853 3912 2144 3957 momenta·
2172 3906 2538 3959 efficacissime
2585 3907 2824 3956 animum
2857 3902 3086 3969 Apostoli

610 3993 877 4045 affecisse:
934 3994 1171 4044 habitam
1228 4008 1261 4044 a
1316 3994 1368 4045 S.
1417 3993 1691 4060 Stephano
1738 3995 2056 4057 orationem,
2103 3999 2158 4044 et
2204 3993 2492 4044 violentam
2547 3992 2664 4043 eius
2711 3998 2946 4043 mortem.
3003 3988 3086 4038 Sic

609 4086 910 4131 statuerunt
943 4082 1193 4145 Ammon,
1242 4080 1307 4131 de
1352 4082 1633 4146 repentina
1669 4080 1818 4131 Sauli
1869 4081 1938 4131 ad
1984 4080 2279 4131 doctrinam
2317 4080 2512 4130 Christi
2549 4080 2913 4130 conversione.
2979 4075 3086 4125 Erl.

611 4170 760 4222 1792.
796 4170 854 4218 in
891 4184 1075 4235 opusc.
1116 4171 1162 4218 1.
1200 4182 1241 4219 Β.
1278 4167 1526 4231 Kuinoel‚
1562 4168 1679 4218 Act.
1715 4168 1814 4234 Ap.
1853 4185 1904 4235 p.
1943 4170 2060 4218 331.
2099 4184 2140 4218 s.
2173 4168 2374 4229 Winer‚
2411 4167 2475 4217 R.
2508 4166 2596 4216 W.
2625 4166 2697 4230 11,
2725 4169 2843 4217 214.
2877 4162 3084 4229 Bengcl,

609 4255 724 4306 obs.
762 4255 828 4307 de
864 4254 1021 4305 Pauli
1058 4254 1129 4305 ad
1164 4270 1273 4306 rem
1310 4254 1489 4305 christ.
1528 4268 1769 4305 convers.
1806 4255 1942 4304 Tub.
1979 4256 2127 4306 1819.
2163 4254 2206 4304 Ι.
2239 4254 2310 4303 11.
2347 4256 2402 4303 in
2440 4268 2624 4319 opusc.
2660 4268 2774 4318 rep.
2809 4270 2860 4319 p.
2893 4252 3008 4302 823.
3042 4266 3082 4298 s.

608 4341 871 4407 Neander‚
910 4340 1102 4392 Gesch.
1129 4341 1179 4392 d.
1204 4342 1403 4391 Pflanz.
1429 4341 1472 4391 1.
1502 4342 1644 4407 111.;
1683 4346 1845 4408 atque
1881 4340 2088 4404 Ewald‚
2127 4340 2318 4390 Gesch.
2355 4338 2406 4390 d.
2437 4339 2597 4391 Volk.
2635 4339 2733 4389 Isr.
2770 4336 2862 4388 VI.
2899 4334 3084 4387 Gesch.

547 4434 553 4441 ‘
609 4427 659 4479 d.
698 4434 867 4495 apost.
906 4428 1200 4481 Zeitalters.
1256 4428 1401 4479 Gott.
1441 4430 1591 4479 1858.
1647 4446 1698 4495 p.
1737 4429 1852 4478 346.
1892 4444 1933 4479 s.
1995 4426 2194 4479 Schola
2240 4427 2469 4493 denique
2515 4426 2878 4491 Tubingensis
2921 4428 3087 4474 totum

607 4518 879 4582 negotium
904 4517 1191 4567 traditione
1216 4520 1431 4566 auctum
1458 4521 1513 4565 et
1537 4519 1932 4581 exaggeratum,
1969 4520 2084 4565 arte
2109 4514 2382 4580 scriptoris
2407 4514 2636 4563 Actuum
2661 4513 2759 4579 Ap.
2785 4516 3088 4562 exornatum

608 4618 726 4653 esse
773 4602 1024 4654 declarat.
1062 4604 1174 4654 Imo
1213 4602 1304 4668 qui
1340 4603 1408 4653 ab
1452 4602 1554 4653 hac
1590 4602 1776 4653 schola
1820 4607 1969 4665 sunt,
2009 4617 2072 4651 eo
2109 4616 2280 4667 usque
2327 4600 2655 4667 procedunt,
2701 4604 2764 4649 ut
2805 4597 3088 4649 lectoribus
