3267 5259
1030 434 1085 475 D.
1113 433 1297 475 Joannis
1323 435 1375 475 A.
1408 437 1599 477 extrema
1626 436 1722 477 fata
1747 438 1794 477 et
1819 436 1996 487 scripta.
2627 424 2753 488 509

264 611 431 662 verba
466 611 697 661 faciendi
732 610 811 660 iili
851 616 1011 662 enata
1048 616 1216 676 esset3
1262 612 1443 661 omnia
1480 612 1690 662 Christo
1729 613 1914 662 tribuit
1937 614 2160 675 auctori,
2199 627 2232 661 a
2257 628 2364 677 quo
2391 618 2446 661 et
2468 627 2525 662 se
2550 612 2753 663 hancce

266 702 583 763 potestatem
618 699 891 764 accepisse
928 704 1169 748 testatur.
1204 698 1319 749 Act.
1358 701 1405 761 3,
1446 700 1493 749 6.
1532 714 1575 749 s.
1612 701 1693 749 16.
1730 716 1773 751 s.
1824 700 1980 750 Unde
2023 714 2153 749 vero
2201 714 2382 749 rursus
2431 706 2620 765 sponte
2655 714 2756 749 sua

266 785 591 849 sequebatur
604 784 884 847 Christum,
908 786 1125 851 quinon
1142 786 1300 836 modo
1320 785 1475 851 plura
1496 790 1549 835 et
1564 788 1770 837 maiora
1789 801 1948 852 quam
1967 786 2266 852 Prophetae
2287 786 2454 836 edidit
2469 786 2752 849 miraciila3

266 871 363 921 sed
400 886 552 921 suam
579 873 738 922 etiam
762 872 1022 923 miracula
1058 872 1247 922 edendi
1287 873 1594 923 facultatem
1621 873 1892 939 Apostolis
1931 874 2218 923 concessit:
2255 873 2576 939 Prophetam
2613 871 2752 933 ,,κατ’

267 954 493 1027 ἐξοχὴν,“
517 961 801 1025 ipsumque
826 960 961 1009 adeo
980 960 1231 1010 Messiam
1257 976 1393 1010 esse.
1418 960 1499 1010 Ad
1524 960 1660 1010 haec
1687 960 2020 1011 accedebant
2047 960 2366 1011 charismata
2385 957 2752 1029 ,,χαρίσμ.ατα.“

266 1046 423 1095 Dona
442 1045 655 1109 haecce,
677 1048 791 1097 sive
811 1046 1147 1110 charismata,
1174 1052 1405 1096 extrao
1420 1047 1562 1096 rdin
1576 1048 1671 1097 ari
1687 1062 1720 1097 a
1743 1047 1978 1110 fuisse,
2007 1052 2066 1097 ut
2090 1047 2507 1098 demonstremus
2533 1062 2752 1099 necesse

268 1148 377 1183 non
406 1139 514 1196 est3
552 1148 671 1182 eum
698 1135 892 1183 nemini
918 1134 1033 1197 hoc,
1072 1135 1163 1199 qui
1187 1134 1547 1185 institutiones
1569 1134 1898 1200 theologicas
1935 1136 2034 1184 rite
2071 1136 2336 1200 percepit,.
2361 1136 2598 1199 ignotum
2636 1150 2754 1185 esse

265 1224 443 1285 queat.
480 1221 565 1269 Ex
590 1222 934 1271 inuummeris
960 1222 1011 1270 S.
1039 1222 1093 1271 S.
1118 1222 1177 1271 P.
1204 1222 1263 1271 P.
1291 1227 1346 1271 et
1369 1220 1421 1270 S.
1447 1222 1512 1271 E.
1550 1220 1652 1271 hac
1689 1222 1754 1271 de
1790 1238 1846 1271 re
1870 1222 2186 1271 testimoniis
2209 1238 2259 1270 v.
2287 1222 2339 1270 S.
2377 1222 2602 1283 Irenaei,
2630 1222 2751 1271 adv.

264 1306 407 1356 haer.
434 1307 526 1357 IV.
550 1311 632 1370 20,
654 1310 699 1357 6.
728 1325 780 1374 p.
808 1310 923 1358 627.
952 1308 1006 1357 S.
1032 1308 1327 1374 Hippolyti,
1356 1308 1421 1358 de
1448 1308 1873 1359 charismatibus.
1901 1308 1982 1358 ed.
2003 1309 2164 1358 Fabr.
2191 1326 2240 1375 p.
2269 1311 2387 1358 246.
2412 1323 2454 1359 s.
2483 1310 2750 1374 Origenis,

266 1394 319 1442 in
360 1410 441 1459 ep.
482 1394 553 1444 ad
586 1395 738 1445 Rom.
766 1411 952 1445 comm.
981 1396 1073 1456 IX,
1100 1398 1149 1445 3.
1177 1396 1259 1445 ed.
1308 1396 1511 1447 Lomm.
1540 1396 1659 1458 VII,
1685 1398 1803 1445 300.
1831 1412 1870 1446 s.
1923 1394 1976 1445 S.
2017 1395 2200 1459 Cyrilli
2224 1396 2416 1457 Jeros„
2447 1400 2550 1445 cat.
2577 1395 2750 1457 XVII,

266 1481 347 1530 16.
384 1498 436 1546 p.
472 1484 590 1531 272.
641 1482 694 1532 S.
723 1482 1053 1547 Hieronymi,
1093 1499 1176 1547 ep.
1219 1486 1333 1533 120.
1368 1483 1437 1533 ad
1470 1482 1756 1533 Hedibiam
1795 1499 1846 1532 n.
1873 1484 1920 1532 9.
1960 1500 2010 1547 p.
2039 1484 2156 1532 834.
2183 1498 2224 1531 s.
2276 1483 2328 1535 S.
2355 1480 2657 1548 Augustini,
2694 1484 2751 1532 in

266 1584 346 1632 ep.
372 1568 569 1617 Joann.
593 1569 635 1628 Ι,
662 1572 711 1619 2.
736 1576 800 1619 tr.
827 1570 897 1632 11,
926 1573 972 1619 3.
1012 1587 1064 1635 p.
1090 1571 1206 1621 838.
1234 1586 1279 1619 c.
1306 1572 1353 1619 4.
1374 1574 1437 1619 tr.
1460 1569 1550 1631 VI,
1574 1573 1656 1620 10.
1695 1587 1745 1635 p.
1765 1572 1884 1619 868.
1913 1570 1966 1619 S.
1994 1570 2194 1620 Leonis
2213 1569 2301 1631 M„
2323 1586 2478 1639 serm.
2500 1570 2749 1632 LXXIII,

266 1658 313 1703 2.
338 1670 390 1720 p.
420 1656 501 1704 78.
538 1656 592 1704 S.
630 1655 875 1722 Gregorii
910 1658 1001 1718 M„
1039 1657 1177 1707 hom.
1208 1658 1374 1719 XXX,
1410 1658 1463 1705 in
1488 1658 1591 1707 Ev.
1616 1672 1669 1707 n.
1695 1659 1745 1706 4.
1772 1662 1826 1706 et
1850 1660 1897 1707 9.
1926 1657 1965 1719 1,
1995 1658 2146 1707 1677.
2169 1658 2255 1707 80.
2304 1656 2357 1705 S.
2383 1656 2636 1718 Thomas,
2663 1658 2750 1706 Pr.

264 1756 371 1807 seq.
398 1758 445 1791 c.
484 1742 566 1791 111
602 1757 649 1792 a.
692 1747 737 1793 1.
774 1749 829 1793 et
859 1746 909 1793 4.
948 1744 1030 1793 ed.
1065 1744 1199 1794 Bon.
1227 1744 1317 1805 VI,
1343 1747 1462 1795 462.
1488 1758 1531 1793 s.
1556 1746 1676 1794 471.
1726 1744 1876 1793 Adde
1913 1760 1942 1793 e
1975 1743 2264 1809 Theologis
2299 1744 2388 1793 Fr.
2427 1744 2643 1805 Suarez,
2685 1743 2751 1794 de

266 1828 369 1877 div.
404 1831 581 1894 gratia
615 1831 759 1881 Part.
794 1830 835 1879 Ι.
860 1831 1062 1897 proleg.
1097 1832 1193 1894 111,
1219 1834 1266 1881 4.
1294 1834 1343 1881 6.
1392 1830 1492 1897 Op.
1531 1831 1613 1880 ed.
1655 1832 1784 1881 Ven.
1813 1834 1964 1881 1740.
2005 1832 2093 1893 vl,
2118 1834 2202 1882 81.
2256 1831 2480 1897 Collegii
2505 1830 2750 1882 Salmati-

271 1918 444 1965 censis
482 1932 619 1967 curs.
658 1917 819 1968 theol.
856 1918 1028 1984 Lugd.
1071 1920 1221 1969 1679.
1264 1917 1363 1981 ΠΙ,
1403 1920 1519 1968 788.
1557 1936 1599 1968 s.
1651 1918 2082 1980 Staudenmaier,
2121 1918 2350 1983 Encykl.
2387 1918 2439 1967 d.
2477 1918 2551 1968 th.
2589 1918 2749 1969 Wiss.

264 2002 457 2053 Mainz.
491 2006 639 2055 1834.
666 2021 719 2070 p.
742 2006 864 2054 444.
916 2004 1194 2067 Schrader,
1231 2005 1388 2055 Thes.
1426 2005 1583 2055 theol.
1616 2023 1659 2056 s.
1686 2006 1783 2055 111.
1812 2006 1968 2056 Vind.
1997 2007 2146 2056 1864.
2173 2023 2225 2071 p.
2253 2009 2334 2055 10.
2373 2006 2448 2055 Ut
2470 2010 2649 2055 autem
2685 2021 2750 2055 eo

268 2092 463 2141 rectius
488 2092 545 2141 in
572 2091 976 2144 charismatibus
1004 2093 1335 2143 delinemndis
1360 2093 1727 2157 procedamus,
1754 2098 1993 2159 praestat
2017 2094 2240 2143 recitare
2265 2092 2480 2143 effatum
2511 2092 2564 2142 S.
2593 2092 2750 2143 Pauli

266 2178 305 2228 Ι.
333 2176 455 2228 Cor.
488 2182 568 2242 12,
596 2182 709 2229 28.:
751 2181 853 2242 „Et
880 2180 1139 2246 quosdam
1178 2181 1389 2247 quidem
1426 2182 1609 2246 posuit
1630 2181 1780 2231 Deus
1817 2182 1872 2230 in
1901 2180 2153 2231 Ecclesia
2183 2182 2410 2246 primum
2444 2179 2748 2246 Apostolos,

267 2266 501 2315 secundo
540 2267 853 2333 Prophetas,
892 2269 1049 2317 tertio
1087 2268 1349 2331 doctores,
1388 2268 1580 2318 deinde
1626 2269 1866 2330 virtutes,
1913 2268 2104 2318 exinde
2149 2269 2348 2333 gratias
2397 2268 2748 2329 curationum,

268 2354 661 2418 opitulationes,
690 2355 1120 2419 gubernationeS,
1147 2370 1346 2421 genera
1370 2355 1687 2421 linguarum.
1723 2357 2188 2421 interpretationes
2213 2360 2562 2406 sermonum.“
2615 2354 2677 2404 L.
2704 2371 2749 2404 e.

264 2440 459 2506 Ephes.
497 2443 547 2501 4,
579 2445 658 2490 12.
696 2443 779 2491 De
819 2442 903 2493 his
942 2443 1167 2508 aliisque
1204 2442 1476 2508 parallelis
1512 2443 1646 2493 locis
1682 2443 1894 2509 legendi
1933 2444 2296 2493 commentarii
2335 2442 2387 2492 S.
2424 2443 2477 2492 S.
2513 2444 2572 2491 P.
2600 2443 2658 2491 P.
2698 2446 2752 2491 et

265 2526 316 2576 S.
352 2528 416 2576 E.
456 2529 513 2577 in
550 2534 743 2578 catena
777 2529 832 2579 in
870 2528 922 2578 S.
960 2530 1119 2580 Pauli
1156 2546 1239 2596 ep.
1262 2530 1347 2580 ·ad
1385 2530 1505 2581 Cor.
1544 2530 1628 2580 ed.
1665 2530 1715 2581 J.
1743 2531 1804 2580 A.
1831 2530 2065 2591 Cramer,
2105 2531 2275 2581 Oxon.
2306 2532 2455 2581 1841.
2482 2546 2533 2595 p.
2562 2532 2679 2579 223.
2706 2546 2749 2579 s.

266 2614 316 2664 S.
341 2615 393 2665 J.
422 2615 803 2681 chrysostomi,
842 2616 980 2667 hom.
1007 2621 1090 2668 29.
1118 2635 1159 2669 s.
1186 2620 1258 2667 in.
1287 2634 1367 2685 ep.
1394 2619 1436 2668 1.
1464 2618 1533 2667 ad
1559 2618 1680 2668 Cor.
1709 2619 1774 2681 X,
1801 2621 1917 2669 267.
1944 2636 1987 2669 s.
2037 2618 2376 2681 Theodoreti‚
2415 2618 2634 2683 interpr.
2661 2634 2745 2683 ep.

264 2702 304 2751 I.
332 2702 401 2753 ad
428 2704 549 2753 Cor.
578 2704 675 2753 111.
704 2708 750 2767 1,
776 2706 895 2755 240.
946 2706 1257 2756 Oecumenii
1293 2706 1348 2755 in
1386 2706 1427 2756 Ι.
1468 2723 1549 2772 ep.
1590 2706 1660 2755 ad
1699 2706 1818 2757 Cor.
1857 2723 2043 2757 comm.
2083 2722 2127 2757 c.
2165 2708 2216 2756 8.
2254 2705 2336 2756 ed.
2375 2721 2418 2754 c.
2457 2722 2508 2771 p.
2546 2707 2666 2755 634.
2703 2720 2745 2754 s.

264 2790 663 2857 Theophylacti,
690 2807 877 2842 comm.
903 2794 959 2841 in
984 2793 1027 2842 I.
1056 2809 1137 2859 ep.
1164 2794 1234 2843 ad
1261 2793 1382 2843 Cor.
1420 2810 1503 2860 op.
1541 2794 1623 2843 ed.
1667 2794 1758 2843 Fr.
1793 2794 2090 2844 Foscarini.
2115 2794 2248 2843 Ven.
2277 2795 2428 2843 1766.
2455 2792 2526 2855 11,
2553 2796 2666 2843 193.
2705 2808 2745 2842 s.

266 2876 316 2927 S.
341 2877 580 2928 Thomae
599 2878 809 2945 Aquin„
837 2879 1037 2929 Comm.
1064 2881 1119 2929 in
1146 2896 1227 2945 ep.
1256 2896 1393 2930 omn.
1420 2882 1469 2931 d.
1496 2881 1653 2931 Pauli
1680 2881 1764 2931 ed.
1789 2880 1958 2947 Neap.
1989 2882 2138 2931 1866.
2164 2880 2235 2943 11,
2261 2882 2344 2931 93.
2371 2896 2414 2931 s.
2455 2880 2517 2930 A.
2545 2880 2747 2930 Salme-

264 2967 419 3029 tonis,
448 2966 499 3015 S.
526 2966 578 3016 J.
606 2966 741 3032 disp.
766 2970 851 3017 20.
879 2984 919 3017 s.
946 2969 1001 3016 in
1028 2984 1109 3033 ep.
1138 2968 1179 3016 1.
1208 2968 1275 3017 ad
1303 2967 1422 3019 Cor.
1453 2968 1555 3035 Op.
1582 2968 1724 3032 XIV,
1755 2972 1871 3019 158.
1897 2986 1939 3019 s.
1989 2968 2052 3017 B.
2078 2968 2388 3032 Justiniani,
2415 2969 2470 3017 in
2495 2984 2636 3019 omn.
2663 2984 2745 3034 ep.

266 3052 413 3103 Paul.
440 3053 579 3119 expl.
608 3054 648 3115 1,
676 3056 794 3104 678.
822 3072 863 3105 s.
910 3054 1147 3105 Cornelii
1170 3070 1203 3104 a
1227 3055 1448 3121 Lapide,
1476 3072 1663 3123 comm.
1688 3055 1743 3104 in
1771 3071 1911 3105 omn.
1937 3055 1986 3105 d.
2013 3055 2170 3106 Pauli
2196 3072 2279 3121 ep.
2305 3055 2387 3105 ed.
2407 3055 2564 3105 Antv.
2594 3058 2744 3106 1666.

266 3156 313 3205 p.
339 3142 457 3191 298.
484 3158 527 3192 s.
578 3141 640 3190 G.
668 3142 822 3203 Estii,
850 3157 1034 3192 comm.
1064 3143 1103 3205 1,
1132 3145 1249 3193 237.
1276 3158 1317 3191 s.
1368 3144 1417 3192 J.
1445 3143 1647 3203 Lorini,
1685 3144 1738 3191 in
1772 3142 1817 3191 I.
1841 3143 2038 3193 Joann.
2078 3158 2161 3208 ep.
2195 3159 2241 3192 c.
2275 3145 2324 3192 4.
2351 3158 2538 3193 comm.
2573 3160 2625 3208 p.
2661 3144 2744 3192 93.

264 3242 369 3293 seq.
410 3228 473 3277 G.
496 3228 713 3291 Olearii,
742 3230 867 3279 diss.
891 3229 956 3278 de
980 3230 1295 3295 probatione
1322 3231 1599 3295 spirituum
1627 3230 1684 3279 in
1702 3230 1860 3279 Thes.
1881 3246 2002 3279 nov.
2024 3229 2093 3291 11,
2115 3232 2233 3280 999.
2253 3246 2296 3280 s.
2340 3229 2743 3292 Lakemacheri‚

265 3314 485 3365 Observ.
523 3316 595 3378 ΙΙ,
622 3318 671 3368 4.
699 3333 749 3382 p.
778 3318 893 3366 104.
920 3334 962 3367 s.
1014 3317 1255 3381 Calmeti,
1294 3334 1479 3368 comm.
1503 3316 1641 3366 liter.
1667 3317 1766 3379 111,
1795 3318 1911 3366 663.
1941 3332 1982 3365 s.
2032 3316 2084 3365 J.
2111 3316 2174 3365 L.
2201 3316 2494 3378 Moshemii,
2523 3316 2590 3366 de
2625 3332 2746 3383 pro-

264 3400 431 3467 phetis
473 3403 755 3453 Ecclesiae
800 3404 1153 3468 apostolicae,
1198 3405 1322 3455 diss.
1369 3404 1450 3465 11,
1498 3406 1615 3453 137.
1659 3420 1700 3453 s.
1761 3404 2115 3453 Kistemaker.
2158 3402 2210 3453 h.
2255 3402 2454 3453 Schrift
2493 3403 2543 3453 d.
2579 3404 2644 3453 N.
2681 3404 2744 3453 T.

268 3490 520 3539 Miinster.
560 3492 709 3539 1826.
740 3490 799 3551 V,
826 3492 943 3539 471.
968 3507 1079 3557 seq.
1128 3491 1190 3541 A.
1217 3493 1279 3540 L.
1307 3492 1367 3540 G.
1406 3490 1813 3556 Heydenreich,
1853 3508 2039 3541 comm.
2075 3492 2129 3539 in
2167 3507 2244 3556 pr.
2271 3490 2322 3540 d.
2347 3490 2504 3540 Pauli
2530 3490 2598 3540 ad
2624 3491 2744 3540 Cor.

264 3591 342 3641 ep.
380 3576 552 3626 Marb.
586 3580 731 3627 1828.
759 3577 830 3639 II,
857 3580 975 3627 234.
1004 3595 1045 3627 s.
1096 3578 1158 3628 L.
1186 3578 1248 3628 G.
1276 3580 1500 3639 Pareau‚
1528 3594 1715 3628 comm.
1741 3595 1814 3628 cr.
1852 3585 1904 3628 et
1929 3595 2009 3628 cx.
2045 3580 2098 3627 in
2125 3578 2275 3627 Paul.
2304 3594 2386 3643 ep.
2420 3594 2498 3644 pr.
2526 3578 2594 3627 ad
2621 3578 2745 3628 Cor.

264 3678 306 3712 c.
332 3664 482 3713 xm.
508 3664 637 3713 Trai
662 3664 729 3713 ad
757 3664 855 3714 Rh.
885 3667 1036 3715 1826.
1088 3666 1150 3714 G.
1176 3665 1427 3727 Billroth,
1470 3666 1671 3715 Comm.
1711 3684 1754 3715 z.
1795 3664 1844 3715 d.
1870 3666 1958 3715 ΒΥ.
1985 3666 2035 3715 (1.
2060 3665 2262 3715 Paulus
2289 3680 2336 3715 a.
2365 3666 2414 3715 d.
2443 3666 2566 3715 Kor.
2594 3665 2742 3731 Lips.

268 3753 415 3801 1833.
444 3768 494 3817 p.
525 3754 641 3802 167.
668 3770 709 3803 s.
762 3752 821 3802 C.
850 3752 1129 3814 Schrader,
1156 3753 1249 3803 der
1272 3753 1371 3819 Ap.
1398 3753 1615 3803 Paulus.
1643 3754 1735 3815 IV,
1766 3754 1880 3804 167.
1907 3768 1950 3802 s.
1999 3752 2251 3815 Rilckert,
2279 3752 2372 3801 der
2407 3752 2446 3801 1.
2473 3752 2561 3801 Br.
2588 3752 2745 3801 Pauli

263 3854 331 3887 an
354 3839 440 3888 die
466 3840 593 3889 Kor.
615 3839 761 3905 Lips.
794 3842 940 3890 1836.
968 3857 1020 3905 p.
1046 3843 1165 3891 320.
1187 3855 1229 3889 s.
1276 3842 1341 3890 H.
1371 3841 1691 3901 Olshausen,
1718 3839 1846 3889 bibl.
1869 3839 2068 3889 Comm.
2091 3838 2173 3889 ed.
2195 3840 2290 3887 ΙΙΙ.
2313 3840 2568 3904 Konigsb.
2592 3840 2742 3890 1840.

259 3926 357 3988 ΙΙΙ,
384 3928 503 3976 681.
541 3942 580 3975 s.
632 3927 683 3977 J.
720 3926 780 3977 1⁴¹.
809 3926 1054 3992 Riibiger,
1092 3927 1170 3976 kr.
1210 3928 1424 3977 Unters.
1464 3932 1515 3977 ii.
1554 3928 1603 3977 d.
1643 3926 1820 3976 Inhalt
1843 3926 1893 3975 d.
1921 3927 1970 3975 b.
1999 3926 2083 3975 ΒΓ.
2113 3926 2161 3975 d.
2187 3926 2286 3991 Ap.
2312 3925 2514 3976 Paulus
2551 3941 2620 3976 an
2658 3926 2744 3975 die

262 4014 382 4064 Kor.
411 4013 561 4063 Gem.
587 4013 829 4063 Breslau.
861 4016 1009 4064 1847.
1037 4032 1087 4079 p.
1117 4015 1233 4064 136.
1258 4030 1301 4063 s.
1352 4014 1631 4076 Osiander,
1661 4014 1860 4063 Comm.
1887 4018 1938 4063 ss.
1967 4012 2015 4062 d.
2042 4014 2084 4062 Ι.
2111 4012 2200 4062 Br.
2225 4013 2380 4063 Pauli
2407 4028 2478 4063 an
2503 4012 2588 4062 die
2615 4014 2742 4064 Kor.

260 4117 308 4165 p.
334 4103 453 4151 628.
497 4102 695 4166 Meyer,
724 4101 774 4151 d.
794 4101 995 4153 Paulus
1022 4102 1064 4151 Ι.
1090 4102 1179 4151 Br.
1206 4118 1275 4151 an
1302 4102 1386 4151 dic
1406 4104 1532 4151 Kor.
1558 4120 1611 4167 p.
1632 4105 1752 4152 261.
1774 4118 1813 4151 s.
1856 4102 1918 4150 A.
1941 4100 2180 4167 Bisping,
2205 4100 2355 4150 Erkl.
2384 4100 2477 4151 des
2506 4106 2627 4151 erst.
2652 4101 2742 4151 Br.

260 4203 327 4237 an
352 4188 438 4237 die
464 4190 591 4238 Kor.
617 4189 872 4251 Miinster,
903 4192 1052 4240 1855.
1080 4207 1130 4255 p.
1158 4192 1275 4239 206.
1301 4204 1343 4239 s.
1393 4189 1630 4251 Harless,
1660 4192 1858 4240 Comm.
1886 4194 1936 4240 il.
1963 4189 2014 4239 d.
2041 4192 2130 4239 Br.
2156 4190 2309 4239 Pauli
2337 4206 2405 4239 an
2432 4190 2518 4239 die
2543 4189 2742 4252 Ephes.

260 4292 307 4340 p.
334 4278 451 4326 368.
480 4290 521 4325 s.
566 4276 633 4326 D.
661 4276 953 4339 Erdmaun,
980 4293 1060 4342 pr.
1081 4277 1277 4326 Joann.
1306 4292 1387 4342 ep.
1416 4291 1525 4342 arg.
1552 4293 1672 4327 nex.
1699 4294 1843 4328 cons.
1865 4277 2041 4329 Berol.
2071 4280 2221 4328 1866.
2247 4294 2297 4343 p.
2320 4280 2436 4328 150.
2457 4293 2498 4327 s.
2542 4278 2594 4326 J.
2619 4276 2742 4326 Chr.

260 4362 315 4411 C.
342 4362 633 4426 Hofmann,
660 4363 745 4413 die
772 4363 821 4412 h.
849 4362 1045 4413 Schrift
1070 4363 1119 4413 d.
1146 4365 1209 4412 N.
1236 4364 1297 4413 T.
1324 4362 1507 4413 Nerdl.
1536 4364 1687 4413 1864.
1715 4364 1782 4414 ΙΙ.
1809 4368 1856 4428 2,
1885 4367 2000 4415 271.
2027 4382 2069 4415 s.
2113 4365 2174 4414 A.
2201 4366 2386 4426 Maier,
2414 4364 2500 4414 die
2525 4363 2742 4415 Glosso·

260 4450 381 4501 lalie
409 4450 502 4500 des
542 4465 628 4517 ap.
655 4450 937 4501 Zeitalters
972 4468 1051 4500 ex.
1078 4450 1158 4500 kr.
1196 4449 1516 4500 beleuchtet.
1545 4449 1721 4502 Freib.
1753 4454 1900 4501 1866.
1929 4456 2092 4517 repet.
2121 4454 2174 4501 in
2200 4452 2255 4501 Z.
2281 4451 2316 4501 f.
2345 4452 2394 4501 d.
2422 4468 2470 4517 g.
2498 4451 2596 4501 Th.
2621 4451 2741 4514 VII,

262 4540 374 4588 380.
397 4554 437 4588 s.
454 4566 521 4576 -
535 4540 613 4589 Ac
633 4540 802 4604 primo
824 4538 1035 4604 quidem
1054 4538 1174 4589 loco
1195 4554 1234 4588 s.
1251 4538 1451 4588 Paulus
1473 4544 1750 4589 enumerat
1765 4539 1855 4605 Ap
1869 4539 2136 4590 ostolos.
2157 4537 2399 4606 Apostoli
2418 4540 2510 4606 qui
2530 4540 2742 4601 fuerint,

260 4632 341 4676 sat
358 4633 541 4678 notum
562 4632 658 4677 est.
680 4627 885 4677 Nomen
908 4631 961 4675 ct
978 4642 1169 4677 munus
1190 4626 1542 4692 apostolicum
1563 4627 1631 4677 ad
1651 4627 2005 4693 Evangelium
2033 4632 2084 4677 et
2108 4628 2316 4678 Novum
2342 4628 2742 4679 Testamentum
