3267 5259
978 486 1124 535 ortus,
1154 485 1344 528 infantis
1370 486 1417 526 et
1449 485 1655 527 iuventus
1681 484 1859 528 Christi.
2626 471 2669 537 9

211 659 559 742 involutum,
619 658 776 724 dum
839 682 1046 725 cunae
1112 659 1374 743 desunt,
1421 661 1488 724 in
1531 660 1877 746 praesepio
1926 681 2123 745 quam
2170 660 2413 745 optime
2459 660 2672 745 potuit

213 770 537 837 reclinavit.
569 776 590 815 ¹
663 771 914 837 Natalis
971 770 1248 858 proinde
1308 772 1663 857 Unigeniti‚
1710 794 1869 836 vere
1920 770 2175 836 humilis
2220 771 2361 835 fuit.
2436 771 2669 857 Itaque

211 907 378 949 nemo
421 894 760 949 aeternum
798 884 925 949 Dei
965 884 1186 967 filium,
1220 882 1371 949 olim
1417 886 1731 969 genitum,
1761 906 1897 948 non
1926 883 2193 967 factum,
2226 905 2400 948 nunc
2446 892 2669 947 natum

214 1009 266 1062 et
305 1000 364 1061 in
403 996 612 1071 lucem
676 997 920 1062 editum
980 998 1375 1082 agnovisset.
1453 996 1587 1061 Sed
1649 996 1847 1061 Pater
1907 998 2319 1083 omnipotens
2366 986 2670 1061 evincere

215 1110 390 1175 voluit
430 1132 570 1174 esse
631 1110 873 1193 Deum,
922 1112 1032 1196 qui
1083 1112 1265 1174 nasci
1326 1132 1618 1196 paupere
1678 1109 1874 1173 humo
1938 1118 2004 1174 et
2049 1120 2229 1174 casta
2274 1108 2355 1173 de
2401 1110 2671 1194 Virgine

211 1221 526 1307 gaudebat..
623 1222 890 1287 Pueruli
961 1222 1261 1287 omnibus
1332 1223 1536 1307 ignoti
1607 1221 1939 1285 Deitatem
2009 1223 2546 1308 maiestatemque
2606 1223 2673 1286 in

213 1334 370 1399 coelo
430 1335 676 1417 stellae,
737 1338 804 1400 in
861 1338 1048 1399 terris
1111 1336 1328 1421 angeli
1387 1334 1792 1421 profitentur.
1884 1334 2186 1399 Pariente
2246 1336 2516 1420 Virgine
2586 1332 2673 1399 ad

211 1458 474 1533 pastores
527 1447 898 1531 nonnullos,
955 1450 1022 1512 in
1083 1471 1159 1513 00
1221 1458 1438 1512 tractu
1481 1446 1774 1533 pecudes
1828 1470 1978 1512 suas
2038 1456 2377 1513 servantes
2402 1450 2448 1530 2,
2493 1448 2674 1511 venit

213 1560 468 1645 angelus,
529 1584 660 1647 quo
723 1570 1070 1647 praesente
1131 1562 1351 1625 lumen
1415 1560 1839 1625 clarissimum
1886 1570 2181 1647 pastores
2228 1560 2689 1637 circumfulsit,

212 1671 349 1735 Tam
405 1676 738 1759 inopinato
785 1673 1000 1757 angeli
1055 1673 1366 1755 adventu,
1428 1695 1624 1758 quem
1670 1675 1737 1737 in
1781 1672 2010 1737 mediis
2062 1671 2350 1737 tenebris
2416 1672 2673 1737 divinus

211 1784 485 1869 splendor
559 1785 998 1851 comitabatur
1023 1788 1077 1868 ³,
1153 1795 1450 1872 pastores
1522 1787 1847 1871 perterriti
1928 1784 2404 1850 inhorruerunt.
2504 1784 2672 1849 Tum

209 1919 342 1961 vero
410 1898 706 1983 Angelus
727 1902 752 1941 ⁴
839 1900 1140 1963 timentes
1212 1898 1606 1963 confirmans
1681 1921 1815 1962 non
1882 1908 2133 1962 tantum
2210 1896 2397 1962 sedat
2468 1896 2668 1961 turbi-

213 2008 346 2072 dum
426 2013 731 2094 animum,
819 2009 937 2075 sed
1019 2012 1213 2075 etiam
1293 2013 1610 2075 rationem
1704 2010 1886 2075 addit
1964 2032 2081 2074 cur
2164 2008 2450 2073 debeant
2534 2011 2674 2074 sine

211 2130 362 2185 metu
404 2144 578 2205 esse3
645 2128 930 2187 faustum
979 2124 1149 2186 enim
1195 2125 1511 2206 nuntium,
1558 2122 1870 2207 gaudium
1926 2145 2256 2207 magnum,
2306 2124 2460 2207 quia
2504 2121 2671 2187 adeo

213 2256 548 2317 commune,
605 2245 678 2299 ut
723 2258 844 2321 per
873 2237 1248 2299 universum
1296 2234 1521 2299 tendat
1567 2234 1815 2317 orbem,
1866 2257 1993 2321 quo
2042 2234 2197 2299 nihil
2243 2237 2471 2317 maiuS,
2517 2234 2675 2299 nihil

209 2345 521 2411 iucundius
589 2346 802 2411 audiri
866 2357 1143 2434 poterat,
1204 2370 1274 2411 se
1344 2347 1464 2411 illis
1527 2349 2005 2412 nuntiaturum:
2078 2346 2487 2412 Salvatorem
2555 2346 2676 2410 illis

211 2467 406 2521 natum
429 2481 592 2539 esse,
618 2458 948 2524 Christum
981 2482 1176 2544 quem
1210 2482 1435 2524 omnes
1469 2468 1931 2545 exspectarent
1958 2458 2367 2523 Bethlehemi
2388 2463 2428 2523 ⁵.
2474 2457 2680 2523 Addit

396 2669 430 2736 ¹)
474 2672 608 2720 Luc.
646 2674 696 2731 2,
731 2672 883 2719 2—7.
945 2670 1028 2719 Ad
1071 2669 1174 2721 1100
1217 2684 1476 2736 praesepe
1522 2670 1715 2719 bovem
1760 2676 1815 2720 et
1860 2672 2065 2719 asinum
2112 2670 2361 2735 alligatos
2406 2669 2571 2719 fuisse
2616 2674 2676 2721 ut

210 2757 435 2819 puerulus
469 2758 630 2807 Jesus
669 2756 838 2807 halitu
874 2758 1028 2807 bovis
1057 2762 1112 2807 et
1141 2758 1280 2806 asini
1315 2756 1600 2821 calefieret,
1627 2756 1770 2821 quod
1802 2762 1948 2807 tacet
1982 2757 2347 2822 Evangelista,
2366 2759 2515 2807 iuxta
2549 2758 2674 2807 lsai.

210 2844 311 2902 1,3.
346 2849 395 2892 et
427 2844 566 2893 Hab.
596 2848 646 2907 3,
673 2846 723 2893 2.
760 2858 867 2893 sec.
893 2844 1058 2893 Lxx.
1085 2858 1204 2893 cum
1241 2858 1282 2893 s.
1310 2842 1566 2909 Gregorio
1603 2845 1777 2909 Nysa,
1816 2846 1871 2893 in
1910 2844 2047 2893 diem
2084 2848 2192 2893 nat.
2232 2842 2424 2893 Christ.
2462 2860 2515 2909 p.
2555 2846 2672 2893 781.

209 2936 400 2979 sumunt
437 2946 478 2980 s.
511 2930 842 2992 Ambrosius,
881 2946 999 2995 exp.
1035 2947 1117 2980 ev.
1151 2946 1258 2980 sec.
1303 2931 1436 2980 Luc.
1473 2934 1531 2993 2,
1567 2932 1614 2980 7.
1664 2930 1745 2980 011.
1781 2932 1913 2980 Βο11.
1950 2948 2001 2995 p.
2042 2932 2191 2980 1296.
2240 2930 2293 2981 S.
2329 2931 2673 2995 Augustinus,

211 3028 358 3064 enarr.
401 3017 453 3065 in
496 3018 586 3067 Ps.
628 3020 746 3079 126,
783 3020 833 3066 4.
893 3018 986 3081 IV,
1031 3020 1180 3067 1434.
1219 3020 1269 3067 5.
1331 3017 1385 3067 S.
1410 3018 1787 3081 Hieronymus,
1826 3034 1908 3083 ep.
1949 3020 2048 3067 108
2094 3018 2163 3067 ad
2206 3017 2463 3067 Eustoch.
2502 3032 2552 3067 n.
2594 3020 2674 3079 10,

211 3116 254 3163 p.
289 3103 394 3151 698.
431 3102 482 3153 S.
507 3104 786 3167 Paulinus,
835 3120 917 3169 ep.
958 3108 1020 3155 11
1059 3104 1128 3153 ad
1167 3104 1306 3167 Sev.,
1346 3104 1428 3153 ed.
1477 3103 1591 3153 Col.
1640 3106 1695 3151 in
1738 3104 1878 3153 Bibl.
1928 3106 2009 3154 11.
2064 3104 2155 3166 IV,
2206 3106 2322 3153 167.
2384 3104 2437 3153 S.
2474 3104 2675 3153 Bona-

209 3193 476 3252 ventura,
515 3204 700 3255 expos.
726 3192 782 3239 in
805 3190 876 3239 11.
903 3205 1021 3256 cap.
1045 3190 1178 3240 Luc.
1218 3190 1319 3255 Op.
1345 3190 1428 3239 ed.
1455 3190 1702 3255 Lugdun.
1731 3190 1882 3239 1668.
1908 3190 1976 3252 Π,
2004 3192 2087 3239 23.
2124 3190 2447 3255 Repugnant
2482 3190 2674 3239 Mola-

203 3286 323 3336 1103,
365 3274 428 3324 110
471 3276 612 3326 Hist.
657 3291 701 3325 s.
735 3277 892 3341 imag.
926 3276 1022 3339 111,
1060 3278 1144 3325 57.
1181 3292 1233 3341 p.
1272 3278 1389 3325 397.
1459 3275 1831 3337 Tillemont,
1886 3277 2169 3325 Memoires
2225 3292 2363 3342 pour
2414 3278 2584 3325 servir
2640 3292 2673 3325 a

213 3357 486 3412 L’Histoire
541 3362 674 3412 ecel.
731 3362 813 3412 ed.
869 3363 1002 3412 Ven.
1061 3364 1213 3412 1732.
1267 3362 1317 3425 1,
1373 3363 1490 3412 423.
1546 3377 1588 3411 s.
1646 3362 1860 3426 aliique.
1933 3360 1973 3427 ²)
2028 3362 2217 3412 Adhuc
2270 3364 2431 3413 moris
2484 3368 2567 3413 est
2619 3366 2675 3412 in

213 3442 421 3510 Oriente,
465 3456 526 3499 ut
570 3454 816 3515 pastores
862 3450 1040 3499 ovium
1085 3448 1242 3497 simul
1272 3464 1407 3497 cum
1453 3448 1645 3497 ovibus
1691 3449 1848 3497 etiam
1893 3454 2131 3514 tempore
2176 3449 2378 3514 hyemis
2425 3456 2678 3500 maneant

211 3538 352 3581 noctu
393 3535 446 3584 in
491 3537 652 3601 agris,
701 3540 754 3585 et
799 3551 920 3585 01110
965 3537 1078 3584 suis
1115 3535 1339 3585 canibus
1377 3535 1644 3585 dormiant
1678 3536 1734 3583 in
1770 3549 1939 3600 parva
1975 3534 2207 3599 quadam
2249 3536 2573 3587 domuncula
2608 3537 2678 3587 ad

212 3615 298 3666 hoc
337 3621 600 3683 confecta,
648 3636 786 3687 quae
833 3638 899 3671 ex
945 3638 1051 3672 11110
1098 3622 1218 3672 1000
1253 3623 1311 3672 10
1359 3622 1524 3671 alium
1569 3637 1689 3671 01110
1736 3636 1955 3672 necesse
2001 3627 2083 3672 est
2126 3623 2473 3687 protruditur.
2533 3624 2677 3673 Oves

215 3712 370 3755 autem
405 3708 720 3772 quibusdam
760 3710 1194 3773 constringuntur
1229 3709 1410 3774 septis,
1437 3724 1506 3757 ne
1529 3708 1754 3757 ulterius
1782 3723 1941 3773 quam
1978 3709 2147 3759 velint
2168 3716 2413 3775 pastores
2440 3716 2673 3775 currant,

215 3794 260 3838 et
290 3790 403 3841 dum
437 3793 569 3843 nihil
607 3794 752 3859 quod
788 3794 950 3845 edant
985 3794 1200 3855 habent,
1240 3794 1456 3845 aliunde
1493 3795 1570 3843 eis
1609 3810 1673 3843 eo
1711 3793 1965 3844 adfertur.
2018 3794 2059 3861 ³)
2094 3796 2263 3845 Juxta
2285 3796 2419 3846 illud
2442 3798 2531 3847 Ps.
2562 3800 2675 3860 138,

218 3880 284 3924 11.
317 3866 393 3927 12.
429 3880 507 3929 Cf.
533 3886 604 3930 et.
637 3881 756 3929 Act.
791 3883 840 3943 9,
874 3884 923 3930 3.
964 3884 1044 3942 12,
1073 3882 1120 3929 7.
1175 3881 1216 3945 ⁴)
1256 3880 1466 3930 Graeca
1502 3880 1663 3931 dictio
1699 3881 1831 3931 Luc.
1867 3884 1915 3943 2,
1950 3884 2000 3933 9.
2047 3875 2251 3949 ἄγγελος
2297 3878 2463 3950 κυρίου
2506 3880 2675 3947 ἐπέστη

217 3954 374 4023 ἀυτοῖς,
409 3965 528 4015 0011.
567 3982 607 4014 r.
648 3962 890 4034 ἐφίστημι,
927 3968 1096 4031 magis
1133 3966 1400 4031 significat
1435 3967 1685 4031 angelum
1722 3968 2047 4017 imminuisse
2093 3984 2159 4019 ex
2196 3968 2303 4018 alto
2341 3984 2504 4034 super
2538 3968 2675 4031 illos,

217 4062 354 4111 quam
395 4052 602 4101 stetisse
649 4058 708 4101 ut
743 4052 908 4102 habet
951 4052 1199 4118 Vulgata,
1247 4054 1324 4103 ita
1367 4059 1428 4102 ut
1462 4054 1518 4102 in
1564 4058 1689 4102 0010
1724 4069 1819 4119 per
1856 4060 2145 4103 assumtam
2188 4053 2405 4103 humani
2440 4056 2677 4119 corporis

217 4132 432 4199 effigiem,
485 4143 740 4203 tanquam
797 4154 826 4187 e
880 4139 1044 4188 coelis
1099 4140 1430 4189 descendens
1485 4138 1590 4191 illis
1644 4142 1969 4205 apparuerit,
2017 4146 2070 4189 et
2124 4157 2153 4189 0
2198 4140 2411 4189 sublimi
2466 4140 2676 4191 illorum

215 4222 476 4272 verticibus
513 4225 850 4275 imminuerit.
887 4226 1122 4291 Dignum
1159 4231 1336 4275 autem
1372 4226 1488 4288 fuit,
1525 4232 1586 4275 ut
1622 4228 1713 4291 qui
1752 4242 1871 4275 eum
1909 4228 2291 4277 annunciatum
2326 4232 2549 4277 venerat
2586 4230 2677 4293 qui

217 4312 284 4355 est
314 4308 443 4359 Lux
485 4324 656 4373 vera,
704 4326 842 4375 quae
885 4311 1152 4361 illuminat
1189 4328 1394 4361 omnem
1441 4312 1707 4362 hominem
1742 4314 2045 4361 venientem
2098 4314 2154 4361 in
2206 4312 2348 4361 hunc
2399 4314 2676 4379 1011011111ος

215 4391 386 4443 Joann.
413 4401 456 4459 1,
483 4400 532 4447 9.
556 4396 796 4447 homines
821 4414 962 4448 novo
999 4399 1212 4447 luminis
1249 4400 1399 4449 radio
1437 4399 1745 4460 illustraret,
1772 4404 1825 4449 et
1859 4400 2099 4447 novitate
2136 4398 2383 4449 coelestis
2421 4400 2678 4452 claritatis

218 4479 548 4539 perfunderet.
583 4484 718 4533 Nam
757 4484 874 4533 fons
911 4486 1048 4535 lucis
1085 4487 1262 4535 omnia
1297 4485 1647 4535 illuminantis
1686 4484 1751 4534 de
1777 4486 2021 4549 virginea
2044 4490 2187 4534 terra
2219 4486 2417 4551 prodiit
2452 4493 2506 4537 et
2528 4488 2676 4538 habi-

217 4565 428 4616 tantibus
479 4571 534 4619 in
587 4570 802 4634 regione
857 4571 1078 4621 umbrae
1131 4572 1314 4621 mortis
1362 4571 1454 4621 lux
1491 4576 1610 4621 orta
1645 4577 1741 4621 est.
1770 4570 1809 4636 ⁵)
1860 4571 1941 4621 cf.
1984 4570 2107 4621 Chr.
2159 4572 2348 4638 Beyer,
2385 4573 2510 4625 diss.
2536 4576 2680 4623 Puer

221 4650 356 4699 nobis
386 4660 537 4703 natus
571 4660 625 4705 et
661 4656 798 4705 filius
823 4658 978 4707 nobis
1003 4657 1176 4720 datus,
1203 4673 1268 4707 ex
1291 4658 1404 4708 Jes.
1431 4660 1480 4721 9,
1507 4660 1555 4707 6.
1584 4658 1630 4707 7.
1680 4658 1827 4723 Lips.
1857 4658 2007 4709 1682.
2030 4675 2084 4724 p.
2110 4660 2194 4709 32.
2221 4674 2262 4709 s.
