3267 5259
1088 453 1372 496 Chronotsxis
1399 452 1665 506 Apostolioa.
2412 439 2505 489 LX
2512 437 2639 489 XXI

173 631 335 692 ann0¹
367 639 463 692 44.
479 654 536 710 p.
563 634 627 691 C.
655 633 1052 710 eleemosynas
1072 633 1450 710 Jerosolymin
1477 635 1871 704 tradidissent,
1905 635 2287 692 Antiochiam
2316 635 2634 704 redierunt,

169 744 393 796 assumto
425 739 652 796 Joanne
665 735 712 810 ²,
745 741 850 817 qui
883 759 978 798 eos
1008 743 1238 796 secutus
1279 757 1398 796 esse
1441 739 1694 808 videtur,
1737 739 1879 816 quia
1918 738 2221 796 Barnabae
2260 741 2637 798 consobrinus

170 849 292 900 erat.
339 844 686 900 Antiochiae
717 861 852 901 cum
883 844 1201 920 prophetae
1231 848 1292 900 et
1313 843 1572 901 doctores
1605 843 2014 901 ministrarent
2035 842 2305 914 Domin0,
2340 843 2550 900 Saulus
2580 846 2640 900 et

169 947 434 1004 Barnabas
463 949 759 1021 segregati
791 949 868 1006 ab
899 947 1018 1005 illis
1047 952 1190 1005 sunt
1219 949 1292 1005 ad
1323 968 1483 1024 opus,
1519 949 1590 1006 ad
1623 950 1774 1025 quod
1808 950 2081 1006 assumsit
2110 967 2201 1004 eos
2233 947 2489 1023 Spiritus
2510 947 2569 1005 S.
2593 941 2635 1005 3.

171 1053 234 1107 Et
261 1060 374 1108 tum
402 1053 718 1126 opinamur
751 1052 981 1123 accidit,
1016 1053 1168 1131 quod
1203 1053 1424 1110 Paulus
1455 1054 1899 1130 quatuordecim
1928 1054 2101 1110 annis
2133 1056 2261 1127 post
2290 1054 2329 1110 i.
2364 1072 2413 1109 e.
2446 1071 2499 1109 a.
2534 1057 2636 1109 57.

173 1153 408 1214 narrat⁴z
431 1156 544 1214 sibi
571 1159 636 1214 in
665 1157 914 1214 tertium
935 1156 1160 1214 coelum
1183 1161 1351 1232 rapto
1379 1159 1675 1232 insignem
1697 1159 1990 1241 quandam
2016 1152 2360 1230 ἀπεκάλυψιν
2384 1155 2639 1214 oblatam

175 1281 272 1316 esse
285 1259 321 1316 ⁵.
377 1261 680 1318 Habemus
714 1263 915 1340 itaque
945 1263 1065 1318 iam
1099 1262 1420 1320 terminum
1470 1263 1959 1337 chronologicum,
2008 1263 2104 1319 cui
2150 1265 2349 1318 nostra
2392 1259 2639 1318 ulterior

175 1376 466 1440 temporum
507 1367 664 1422 ratio
709 1365 892 1423 inniti
927 1372 1120 1443 queat.
1163 1366 1384 1424 Paulus
1429 1371 1488 1424 et
1522 1368 1822 1426 Barnabas
1861 1367 2023 1424 missi
2068 1387 2105 1424 a
2132 1365 2361 1441 Spiritu
2406 1366 2636 1436 SanctO,

174 1469 381 1526 ineunte
409 1489 542 1526 vere
573 1490 628 1528 a.
661 1474 764 1528 45.
793 1470 856 1528 in
880 1471 1041 1528 viam
1069 1490 1130 1528 se
1161 1471 1476 1542 dederunt,
1511 1472 1996 1548 primumque
2034 1471 2191 1527 iter
2230 1469 2639 1527 missionis

176 1573 598 1644 institueruntss;
645 1577 802 1652 quod
849 1577 958 1634 etsi
1003 1577 1333 1633 accuratius
1385 1574 1624 1633 definiri
1670 1595 1788 1632 non
1838 1574 2034 1651 possit,
2078 1579 2275 1632 tamen
2306 1575 2415 1632 vix
2445 1575 2641 1632 minus

177 1677 397 1749 biennio,
443 1679 484 1735 i.
517 1699 567 1735 e.
602 1699 659 1736 a.
697 1683 800 1737 45.
834 1685 895 1737 et
926 1684 1026 1738 46.
1053 1677 1076 1716 ⁷
1119 1681 1454 1738 consumsit.
1520 1683 1697 1738 Anno
1742 1681 1929 1754 igitur
1976 1683 2077 1736 46.
2126 1699 2219 1736 eos
2258 1678 2639 1737 Antiochiam

175 1781 438 1855 repetiisse
467 1783 856 1858 suspicamur,
891 1785 993 1842 ubi
1039 1786 1380 1862 priusquam
1409 1784 1446 1841 J
1449 1784 1799 1860 erosolymas
1838 1785 1910 1842 ad
1943 1784 2269 1841 Concilium
2306 1789 2633 1859 pergerent,

177 1883 363 1958 χρόνον
392 1883 486 1942 οὒκ
525 1884 742 1962 ὀλίγον(
765 1887 790 1926 3
818 1890 1094 1946 mansisse
1125 1891 1433 1958 dicuntur3
1477 1891 1518 1946 i.
1553 1909 1602 1946 e.
1644 1889 1815 1946 facile
1845 1888 2428 1966 quinquennium
2460 1907 2640 1965 usque

175 1990 234 2043 ad
262 2007 308 2044 a.
341 1995 436 2048 51.
498 1991 650 2048 Inde
701 1995 801 2050 ubi
848 2012 980 2050 cum
1011 1995 1240 2052 decreto
1275 1994 1687 2069 Apostolorum
1720 1994 1938 2051 reversi
1968 1997 2125 2062 sunt,
2174 1993 2472 2050 Barnabas
2509 2011 2641 2050 oum

179 2092 346 2150 Marco
373 2093 655 2170 Cyprum,
695 2097 912 2154 Paulus
945 2117 1075 2156 cum
1107 2097 1234 2155 Sila
1263 2101 1324 2155 in
1361 2099 1564 2156 Asiam
1597 2097 1881 2155 minorem
1913 2096 2171 2167 transiit,
2207 2096 2522 2154 alterum
2558 2098 2640 2154 ad

179 2201 390 2266 gentes
423 2200 566 2256 iter
597 2201 976 2258 missionis
1008 2202 1392 2260 instituturus
1414 2201 1455 2260 ⁹.
1505 2203 1634 2260 Hoc
1664 2202 1781 2260 iter
1808 2221 2163 2279 quamquam
2184 2221 2221 2258 a
2240 2222 2285 2258 s.
2304 2201 2465 2258 Luca
2488 2198 2534 2236 ¹⁰
2556 2201 2641 2257 ita

179 2299 242 2356 sit
267 2301 632 2378 descriptum,
663 2311 733 2362 ut
756 2311 1042 2382 quantum
1067 2306 1343 2382 temporis
1365 2307 1524 2364 inter
1546 2305 1809 2379 singulas
1833 2306 2213 2380 profectiones
2237 2307 2639 2363 commoratio-

180 2423 366 2482 nesque
389 2409 762 2466 interciderit
791 2410 946 2468 haud
979 2431 1110 2468 raro
1140 2431 1476 2484 cognoscere
1504 2410 1747 2468 licebat:
1783 2408 2069 2467 nonnulla
2100 2414 2291 2466 tamen
2325 2408 2643 2467 intervalla

179 2508 346 2582 huius,
377 2514 561 2586 magis
594 2519 795 2571 autem
831 2515 1047 2572 tertii
1094 2515 1388 2572 itineris
1419 2511 1463 2551 ¹¹
1495 2516 1566 2572 ad
1599 2521 1799 2588 gentes
1822 2515 2091 2590 suscepti,
2127 2535 2203 2570 ex
2233 2512 2352 2572 solo
2384 2516 2642 2571 Actuum

183 2611 314 2670 libro
341 2617 668 2675 accuratius
699 2617 934 2675 definiri
969 2639 1084 2676 non
1109 2624 1366 2694 possunt.
1411 2621 1504 2676 Ad
1528 2620 1673 2676 haec
1694 2619 1929 2696 quidem
1952 2619 2131 2676 dubia
2160 2617 2481 2676 intervalla
2510 2637 2642 2694 pro-

181 2717 428 2776 babiliter
443 2721 768 2795 defigenda,
797 2722 1052 2780 multum
1072 2725 1240 2781 nobis
1254 2723 1500 2781 subsidii
1519 2729 1824 2798 praestant
1844 2723 2120 2799 epistolae
2137 2743 2181 2780 s.
2203 2722 2375 2780 Pauli
2400 2723 2643 2780 decursu

179 2821 400 2880 istorum
451 2826 740 2883 itinerum
793 2828 994 2896 datae3
1051 2847 1236 2886 novae
1281 2833 1478 2885 tamen
1525 2827 1901 2886 difficultates
1948 2828 2083 2884 inde
2138 2828 2443 2898 oriuntur,
2491 2828 2641 2904 quod

181 2925 368 2984 harum
389 2929 773 3005 epistolarum
797 2930 1044 3008 aliquae,
1078 2933 1310 3010 quando
1335 2938 1608 2990 exaratae
1635 2932 1875 3002 fuerint,
1912 2936 2180 2989 accurat-e
2202 2933 2360 2988 haud
2386 2913 2671 3010 uuquam.

181 3029 662 3092 determinabitur.
702 3034 1102 3094 Durissimum
1131 3041 1329 3094 autem
1359 3043 1446 3094 est
1467 3037 1645 3111 spatii
1676 3036 1981 3094 itineris
2012 3037 2309 3093 secundi
2337 3032 2399 3106 ¹2,
2433 3038 2646 3094 certior

186 3133 441 3208 definitio,
490 3141 564 3196 ad
602 3141 756 3216 quod
792 3141 906 3197 nisi
945 3142 1122 3198 duae
1159 3142 1242 3198 ad
1289 3140 1968 3197 Thessalonicenses
2013 3140 2276 3196 literae
2322 3139 2639 3216 pertinent.

183 3239 398 3298 Annum
427 3247 484 3300 et
527 3243 690 3300 ultra
719 3244 964 3318 plurimi
1001 3245 1348 3319 interpretes
1385 3245 1524 3301 huic
1555 3245 1759 3301 itineri
1808 3245 2125 3317 assignant.
2186 3247 2343 3302 Ante
2374 3245 2572 3301 omnia
2600 3242 2643 3280 ¹³

181 3360 298 3400 vero
327 3365 438 3402 non
467 3367 655 3422 parva
684 3348 946 3425 quaestio
977 3351 1252 3419 occurrit,
1287 3350 1438 3425 quod
1472 3368 1604 3405 cum
1635 3369 1680 3405 s.
1714 3347 1931 3405 Paulus
1962 3347 2313 3405 Corinthum
2354 3349 2644 3420 ingressus

181 3445 261 3516 sit,
303 3450 582 3526 Aquilam
612 3457 671 3508 et
701 3450 1050 3523 Priscillam,
1099 3453 1200 3530 qui
1235 3451 1464 3509 Claudii
1513 3453 1743 3510 decreto
1790 3471 1911 3508 una
1956 3471 2087 3509 cum
2134 3453 2377 3528 reliquis
2406 3451 2441 3508 J
2450 3451 2643 3508 udaeis

183 3547 342 3609 Roma
379 3555 613 3631 expulsi
657 3555 994 3631 ,προσφάτως
1041 3551 1382 3627 ἐληλυθότας
1423 3553 1528 3612 ἀπὸ
1558 3557 1657 3628 τῆς
1704 3552 1985 3632 Ἰήταλίαςί,
2030 3556 2311 3630 reperisse
2344 3560 2641 3613 narratur.

182 3651 326 3712 Unde
371 3659 716 3733 Apostolum
762 3679 878 3716 non
924 3661 1010 3718 ita
1049 3659 1150 3717 diu
1197 3665 1501 3738 postquam
1551 3659 1758 3718 Caesar
1801 3660 1836 3717 J
1842 3661 2048 3718 udaeos
2093 3681 2167 3718 ex
2220 3661 2363 3718 urbe
2409 3661 2649 3717 eiecerit

369 3933 402 3994 ¹)
451 3933 527 3983 Ut
573 3931 800 3982 vidimus
844 3950 894 3998 p.
931 3936 1057 3998 340..
1108 3933 1188 3982 Cf.
1227 3935 1295 3984 H.
1333 3935 1639 3996 Lehmann,
1685 3934 1864 3985 chron.
1908 3935 2273 3999 Bestimmung
2324 3935 2417 3983 der
2457 3935 2511 3982 in
2556 3933 2649 3982 der

183 4013 557 4083 Apostelgesch.
597 4035 642 4068 c.
681 4021 899 4069 13—28.
939 4020 1212 4070 erziihlten
1249 4019 1699 4084 Begebeuheiten,
1736 4022 1792 4070 in
1828 4035 1951 4070 ann.
1989 4019 2137 4070 Stud.
2176 4020 2285 4069 und
2322 4021 2455 4069 Krit.
2496 4022 2647 4068 1858.

187 4116 226 4162 p.
249 4105 354 4151 312.
378 4121 418 4154 s.
481 4105 522 4170 ²)
561 4105 666 4166 Qui
705 4107 1110 4171 cognominatus
1149 4111 1230 4156 est
1263 4107 1478 4156 Marcus
1514 4107 1631 4156 Aet.
1661 4110 1742 4169 12,
1770 4109 1852 4156 25.
1889 4108 1949 4156 V.
1985 4124 2035 4172 p.
2064 4109 2181 4156 274.
2244 4107 2285 4170 ³)
2325 4107 2439 4156 Aet.
2479 4109 2559 4166 13,
2599 4109 2647 4155 2.

187 4187 220 4245 ⁴)
251 4187 313 4237 11.
340 4189 457 4240 Cor.
498 4195 580 4254 12,
608 4195 760 4244 2—4.
787 4193 850 4241 V.
875 4209 928 4258 p.
955 4195 1073 4243 340.
1102 4196 1148 4243 1.
1206 4195 1246 4258 ⁵)
1284 4194 1582 4255 Quominus
1619 4195 1757 4244 enim
1791 4193 2105 4259 Apostolum
2142 4210 2186 4242 c.
2226 4193 2256 4242 l.
2298 4193 2365 4242 ad
2392 4194 2651 4242 visionem

187 4289 286 4323 cum
314 4275 502 4327 Christi
529 4277 714 4328 fideles
740 4285 1146 4344 persequeretur
1169 4281 1224 4328 in
1255 4281 1444 4329 itinere
1471 4281 1809 4330 Damascene
1838 4281 2101 4329 obiectam
2132 4281 2429 4344 respexisse
2468 4279 2648 4328 creda-

187 4375 295 4422 mus,
332 4369 532 4430 tempus
572 4366 804 4430 scriptae
840 4364 1060 4416 alterius
1099 4366 1165 4416 ad
1203 4365 1505 4416 Corinthios
1533 4367 1791 4432 epistolae
1830 4373 1991 4416 vetat.
2056 4366 2095 4432 θ)
2134 4367 2197 4416 V.
2224 4383 2275 4430 p.
2302 4369 2421 4415 346.
2448 4383 2487 4416 s.
2536 4367 2647 4417 Act.

189 4449 254 4507 13,
279 4451 478 4514 4-14,
504 4454 588 4502 26.
653 4450 691 4516 ⁷)
729 4452 834 4502 Pro
871 4453 1044 4516 spatio
1082 4455 1200 4502 252.
1227 4452 1355 4502 mill.
1391 4468 1552 4518 germ.
1615 4451 1655 4518 ⁸)
1694 4453 1811 4502 Aet.
1841 4455 1921 4514 14,
1952 4453 2033 4501 27.
2100 4453 2139 4516 9)
2177 4453 2291 4502 Act.
2321 4456 2399 4514 15,
2427 4455 2649 4502 36—41.

187 4532 238 4580 V.
263 4551 308 4598 p.
332 4538 444 4586 357.
470 4555 511 4588 s.
579 4538 640 4602 10“)
669 4538 785 4587 Act.
814 4537 873 4586 C.
901 4537 959 4588 C.
989 4541 1070 4588 16.
1100 4540 1180 4588 17.
1212 4541 1290 4600 18,
1318 4541 1402 4588 22.
1465 4539 1528 4602 ¹¹)
1564 4539 1626 4588 V.
1656 4556 1705 4604 p.
1739 4541 1858 4588 375.
1884 4555 1925 4588 s.
1988 4537 2047 4604 ¹2)
2074 4540 2192 4600 Quo
2218 4539 2507 4604 Apostolus
2533 4541 2649 4588 340.

185 4619 406 4672 milliaria
440 4640 598 4688 germ.
638 4625 885 4673 confecit.
965 4623 1024 4688 ¹³)
1063 4627 1180 4674 Act.
1221 4626 1302 4687 18,
1341 4627 1389 4674 2.
1442 4625 1502 4674 V.
1542 4643 1594 4691 p.
1635 4627 1753 4674 344.
1792 4627 1911 4675 366.
1949 4642 1990 4675 s.

277 4711 472 4764 nnko,
501 4717 616 4757 nist.
643 4716 940 4758 &velationis
961 4715 1152 4756 divinae.
1184 4717 1240 4756 11.
2324 4711 2350 4760 f
