3267 5259
913 492 1099 535 Primum
1126 504 1153 534 a
1178 492 1501 544 praedicatione
1530 491 1696 533 Christi
1729 491 1909 533 Pascha.
2575 478 2656 543 41

196 672 512 735 aperuissent.
562 670 639 719 Hi
679 670 837 731 enim,
872 674 933 719 ut
967 670 1203 734 repetitis
1242 668 1450 719 vicibus
1486 667 1732 731 vidimus,
1765 666 1900 717 Jesu
1935 666 2282 717 tentationem
2317 666 2464 717 haud
2501 666 2662 717 dubie

194 774 285 806 rem
318 757 681 807 Redemtorem
716 757 856 806 inter
892 761 947 805 et
982 755 1253 806 diabolum
1294 770 1423 805 vere
1463 758 1667 821 gestam
1711 768 1827 804 esse
1843 790 1856 815 ,
1897 758 2234 803 censuerunt.
2295 753 2440 802 Nihil
2483 759 2662 803 autem

196 860 249 893 ea
289 844 629 909 explicatione
676 844 849 908 magis
894 844 1162 907 iniquum,
1202 856 1310 907 qua
1355 843 1474 907 quis
1520 841 1664 890 ultra
1709 842 2044 906 scriptorem,
2085 856 2242 905 quem
2289 839 2660 905 exponendum

196 932 410 994 suscepit,
462 931 622 995 sapit,
683 944 911 995 eumque
947 944 1137 994 parum
1173 934 1315 977 recte
1340 927 1668 977 intellexisse
1695 926 1852 976 dicat.
1915 925 2050 975 Cum
2087 927 2227 975 enim
2265 925 2494 991 plurima
2529 924 2659 991 fingi

196 1017 383 1081 possint,
420 1016 511 1065 ubi
546 1030 607 1065 se
648 1017 789 1081 quis,
828 1015 973 1081 quod
997 1014 1113 1064 vult
1156 1013 1429 1081 opinandi,
1476 1014 1714 1064 libertati
1751 1012 2055 1076 tradiderit3
2092 1014 2334 1077 sequitur
2370 1012 2436 1061 de
2474 1027 2657 1061 eorum

198 1116 311 1166 quae
344 1104 413 1151 ita
448 1108 649 1151 temere
691 1100 993 1167 finguntur,
1041 1102 1169 1167 quia
1216 1100 1422 1151 idoneis
1472 1101 1798 1166 argumentis
1843 1100 2060 1165 probari
2107 1104 2395 1165 nequeunt,
2434 1099 2660 1148 veritate

196 1204 283 1237 non
328 1194 582 1237 constare.
666 1188 912 1253 Apostoli
967 1193 1021 1237 et
1072 1187 1457 1252 Evangeh‘stae
1518 1188 1682 1252 igitur
1739 1188 1839 1235 rite
1892 1187 1971 1235 rei
2026 1199 2060 1234 a
2114 1184 2326 1235 Christo
2379 1189 2660 1235 enarratae

198 1290 415 1323 summam
456 1279 837 1340 perceperunt.
898 1274 1057 1325 Unde
1102 1276 1271 1325 omnis
1317 1274 1504 1324 horum
1548 1274 1897 1339 interpretum
1934 1272 2000 1321 de
2035 1274 2330 1322 tentatione
2375 1273 2555 1338 opinio
2595 1288 2660 1321 ex

196 1376 309 1409 vano
352 1361 555 1411 hausta.
634 1360 943 1410 omittimus
992 1361 1129 1411 alia!
1195 1362 1281 1410 Ita
1326 1360 1579 1411 historiae
1628 1360 1906 1409 confectae
1957 1364 2159 1421 essent,
2211 1374 2350 1425 quae
2399 1374 2506 1409 non
2553 1360 2662 1408 sint

198 1446 435 1509 historiae,
474 1447 571 1497 sed
622 1450 782 1513 quasi
832 1448 1111 1509 historiae,
1148 1450 1385 1497 narratio
1424 1463 1489 1496 ex
1533 1448 1674 1496 veris
1721 1462 1842 1495 cum
1887 1445 2038 1495 falsis
2083 1446 2338 1509 conflata,
2377 1462 2495 1496 cum
2543 1461 2660 1496 eam

196 1533 423 1583 hominum
461 1550 639 1583 senno
680 1534 1013 1599 depraverit,
1052 1534 1314 1599 parabola
1349 1534 1419 1584 ad
1456 1532 1760 1584 edocendos
1804 1532 2094 1598 disprulos
2131 1547 2166 1582 a
2201 1531 2480 1583 Salvatore
2519 1547 2659 1584 com-

196 1623 361 1685 posita,
407 1620 499 1670 sed
556 1634 726 1686 quarn
762 1620 1133 1686 Hagiographi
1183 1636 1289 1670 non
1344 1620 1656 1686 capiebant,
1708 1636 1772 1669 eo
1823 1619 1968 1685 quod
2015 1634 2124 1669 rem
2174 1620 2277 1669 sibi
2327 1633 2361 1668 a
2406 1620 2659 1685 magistro

198 1714 435 1757 narratam
478 1709 866 1773 spectaverint.
928 1708 1003 1757 Ut
1050 1707 1121 1757 ad
1164 1722 1231 1757 ea
1275 1707 1491 1757 tandem
1544 1709 1593 1757 6.
1643 1708 1946 1768 veniamus,
1994 1720 2132 1771 quae
2177 1706 2433 1755 adversus
2479 1720 2662 1757 omnes

194 1792 269 1842 has
308 1794 561 1844 violentas
602 1794 661 1844 S.
690 1793 743 1843 S.
770 1793 1075 1860 explicandi
1110 1794 1346 1843 rationes
1380 1793 1589 1857 valent3
1640 1793 1800 1855 unde,
1851 1808 2069 1858 quaeso,
2119 1795 2447 1858 expositores
2497 1807 2660 1859 saepe

194 1880 271 1929 fati
316 1883 641 1931 resciverunt
660 1919 674 1943 ,
724 1882 801 1930 ita
848 1896 959 1930 rem
1008 1882 1251 1930 evenisse
1300 1885 1361 1929 ut
1414 1880 1515 1929 sibi
1574 1879 1932 1946 persuadent?
1985 1896 2106 1929 cum
2159 1880 2660 1947 Hagiographorum

193 1968 520 2017 anctoritatem
561 1967 919 2029 deseruerint,
957 1966 1157 2017 indicia
1192 1972 1385 2029 autem,
1434 1981 1573 2032 quae
1612 1966 1666 2016 S.
1693 1966 1990 2031 Scriptores
2024 1982 2156 2017 vera
2191 1967 2340 2017 falsis
2382 1968 2658 2017 miscuisse

196 2054 453 2116 ostendant,
474 2054 763 2104 attulerint
781 2053 955 2104 nulla!
976 2054 1129 2104 Haec
1146 2052 1432 2104 sufficiant.
1453 2054 1605 2115 Quae
1619 2052 1916 2119 Scriptores
1937 2068 1971 2103 a
1987 2053 2144 2103 nobis
2165 2054 2371 2104 recitati
2392 2070 2512 2103 cum
2531 2052 2654 2103 aliis

198 2138 461 2191 adhucdum
496 2136 785 2209 ὁμοψέφους
815 2146 1003 2191 contra
1020 2140 1269 2191 historias
1286 2142 1597 2191 tentationis
1617 2146 1958 2207 exceperunt,
1981 2141 2151 2190 diluta
2175 2141 2424 2207 leguntur
2447 2145 2660 2207 praeter

194 2224 291 2275 hine
322 2227 437 2277 inde
472 2229 709 2293 sparsim
745 2226 995 2278 laudatos
1034 2226 1332 2293 singulares
1368 2226 1599 2291 libellos,
1635 2228 1691 2277 in
1727 2227 1780 2277 J.
1806 2228 2068 2291 Winkler,
2097 2244 2244 2278 conc.
2273 2228 2360 2277 die
2383 2226 2580 2277 wahrh.
2607 2244 2656 2277 v.

192 2311 347 2362 Teufel
368 2314 571 2363 erdnld.
600 2314 757 2363 Vei-s.
784 2313 909 2363 Chr.
935 2314 1129 2364 Hamb.
1158 2316 1308 2365 1694.
1336 2314 1498 2377 edita,
1524 2315 1611 2364 cui
1643 2314 1839 2364 frustra
1869 2330 1926 2364 se
1960 2316 2211 2381 opposuit
2247 2316 2302 2365 Z.
2328 2315 2544 2375 Weber,
2573 2330 2658 2380 op.

194 2398 342 2449 beseh.
364 2416 415 2450 ιι.
438 2400 635 2467 grand.
664 2400 921 2451 Antwort.
956 2402 1121 2451 Amst.
1150 2403 1317 2465 1695„
1353 2416 1513 2467 quam
1538 2402 1638 2451 snb
1667 2416 1888 2451 examen
1913 2403 2130 2451 vocavit
2154 2402 2210 2451 Z.
2237 2401 2492 2467 Grapius,
2531 2400 2658 2450 diss.

196 2484 247 2533 de
285 2489 563 2537 tentatione
604 2488 761 2537 Evae
812 2493 865 2537 et
902 2486 1099 2537 Christi
1146 2503 1181 2538 a
1226 2488 1457 2538 diabolo.
1512 2488 1660 2538 Rost.
1701 2490 1850 2539 1706.
1909 2488 2116 2539 Eodem
2161 2488 2346 2538 labore
2393 2488 2660 2553 perfuncti

188 2578 313 2623 sunt:
346 2574 401 2623 C.
426 2574 697 2639 Vitringg
724 2574 791 2623 de
822 2578 953 2623 tent.
972 2575 1127 2624 Dom.
1154 2574 1383 2640 Franeq.
1412 2576 1563 2625 1696.
1621 2575 1674 2625 J.
1701 2574 1752 2625 J.
1779 2576 2154 2641 Hottingerus,
2189 2575 2316 2625 diss.
2351 2574 2547 2624 1—111.
2590 2573 2657 2623 de

191 2658 233 2705 J.
255 2660 305 2708 C.
326 2662 378 2710 in
405 2661 621 2711 deserto
658 2676 781 2709 cnm
816 2667 1009 2711 satana
1044 2676 1350 2727 congressu.
1399 2662 1516 2727 Τίς.
1546 2664 1697 2712 1709.
1723 2667 1777 2711 et
1804 2664 1953 2712 1710.
2002 2662 2308 2725 Lilienthal,
2333 2668 2458 2727 gnte
2485 2660 2658 2711 Sache

192 2744 268 2795 der
298 2752 415 2813 gstt.
442 2748 661 2799 Offenb.
688 2748 784 2809 IV,
814 2750 929 2797 764.
954 2762 997 2797 s.
1048 2746 1213 2811 Storr,
1239 2750 1297 2797 in
1322 2764 1474 2815 opus.
1502 2749 1654 2799 acad.
1679 2749 1780 2812 111,
1807 2750 1856 2799 8.
1883 2763 1924 2798 s.
1969 2750 2192 2814 Domey,
2221 2749 2444 2799 Observ.
2469 2748 2542 2799 th.
2568 2747 2658 2813 ph.

194 2830 427 2883 historiam
463 2840 597 2885 tent.
638 2833 1023 2885 illustr-sturae.
1060 2834 1193 2901 Ups.
1223 2836 1373 2885 1792.
1410 2835 1461 2885 J.
1488 2835 1541 2885 J.
1567 2836 1724 2899 Hess,
1751 2836 2016 2901 Lebensg.
2041 2836 2093 2886 J.
2119 2835 2162 2897 Ι,
2192 2838 2306 2887 138.
2333 2850 2374 2885 s.
2411 2836 2474 2885 L.
2501 2834 2658 2885 Stou-

194 2916 317 2985 berg,
342 2920 527 2971 Gesch.
555 2922 611 2971 d.
637 2920 757 2971 Bel.
784 2920 933 2971 Jesu.
958 2921 1022 2983 V,
1048 2923 1133 2971 91.
1158 2936 1199 2971 s.
1237 2922 1297 2971 P.
1316 2921 1523 2985 Ewald,
1550 2922 1599 2972 d.
1624 2922 1882 2972 Ver-such.
1909 2922 1968 2971 C.
1988 2922 2132 2973 Bair.
2154 2924 2302 2973 1838.
2327 2923 2380 2973 J.
2406 2922 2470 2971 R.
2496 2920 2657 2987 Sepp,

192 3003 231 3052 d.
251 3005 365 3055 Leb.
388 3008 439 3057 J.
466 3006 594 3057 Chr.
624 3006 711 3057 ed.
736 3006 809 3056 11.
837 3009 885 3057 6.
910 3024 961 3071 p.
992 3009 1106 3057 124.
1156 3008 1365 3059 Thaten
1398 3008 1507 3059 und
1542 3008 1758 3058 Lehren
1787 3008 1937 3070 Jesu‚
1975 3026 2026 3074 p.
2054 3010 2136 3060 78.
2161 3024 2204 3058 s.
2253 3008 2545 3070 Briickner‚
2572 3008 2658 3058 die

196 3090 853 3160 Versuchungsgeschicbte
880 3094 965 3143 ein
992 3109 1141 3159 exeg.
1166 3093 1419 3160 pschych.
1446 3096 1595 3145 Vers.
1619 3095 1806 3161 Leipz.
1834 3096 1983 3145 1857.
2031 3094 2258 3157 Ebrartl,
2285 3096 2423 3144 wiss.
2448 3095 2580 3145 Krit.
2607 3094 2658 3145 d.

195 3192 257 3225 ev.
280 3178 455 3229 Gesch.
482 3180 569 3230 ed.
598 3180 672 3229 11.
700 3197 753 3245 p.
780 3182 897 3229 265.
947 3180 1117 3241 Tafel,
1146 3180 1243 3229 das
1266 3181 1455 3230 Leben
1478 3181 1629 3243 Jesu,
1657 3198 1708 3246 p.
1737 3183 1852 3231 104.
1879 3196 1920 3229 s.

190 3428 235 3505 §-
276 3432 361 3494 10.
432 3427 881 3514 Discipuli
942 3450 981 3491 a
1040 3427 1383 3493 Christo
1444 3432 1752 3494 vocati.
1831 3430 2200 3516 Nuptiae
2265 3431 2344 3493 in
2409 3428 2656 3494 Cana..

310 3538 563 3605 Eiecti
612 3539 1059 3605 vendentes
1106 3562 1141 3605 e
1188 3540 1532 3628 Templo.
1609 3541 1842 3606 Jesus
1889 3552 1962 3606 et
2005 3541 2494 3607 Nicodemus.

358 3722 791 3795 Tricesimus¹
818 3752 857 3794 a
878 3732 1215 3795 nativitate
1236 3729 1471 3796 Christi
1494 3730 1718 3817 lapsus
1744 3740 1842 3795 est
1865 3754 2094 3815 annus,
2119 3731 2204 3795 ad
2229 3754 2424 3819 quem
2449 3754 2656 3819 usque

192 3842 355 3907 vitam
378 3846 707 3929 privatam
732 3852 977 3928 egerat,
996 3864 1143 3907 cum
1168 3845 1296 3907 iam
1322 3843 1443 3909 sibi
1469 3843 1760 3910 oblatum
1783 3866 2016 3909 munus
2040 3845 2248 3909 iniret.
2281 3844 2412 3909 Ubi
2435 3846 2656 3929 itaque

194 3953 357 4020 turbis
392 3956 727 4021 indicatus
764 3964 865 4020 est
901 3978 943 4020 a
964 3954 1224 4021 Joanne
1248 3956 1349 4039 B„
1380 3958 1646 4021 vocavit
1691 3955 2043 4043 discipulos
2069 3956 2314 4043 aliquot
2331 3958 2375 4039 2,
2423 3966 2494 4020 ut
2531 3956 2658 4019 sint

368 4150 401 4215 ²)
439 4150 675 4201 Levitici
712 4151 873 4199 etiam
908 4149 1141 4200 muneris
1172 4150 1435 4215 ingressui
1466 4154 1702 4199 sanctus.
1759 4148 1894 4199 0011.
1921 4148 2076 4199 Num.
2103 4150 2151 4210 4,
2179 4150 2261 4199 23.
2289 4150 2372 4198 47.
2429 4147 2471 4213 ²)
2509 4148 2656 4197 Inter

190 4248 295 4295 qnos
340 4238 537 4301 primas
590 4242 817 4286 tenuere
872 4236 1063 4286 Petrus
1118 4240 1173 4285 et
1222 4236 1465 4286 Andreas
1518 4236 1716 4286 Joann.
1759 4238 1813 4300 1,
1852 4236 2100 4299 sei—42„
2151 4235 2340 4285 exinde
2389 4234 2654 4285 Christum

190 4322 459 4384 magistrum
496 4340 657 4374 snum
695 4322 949 4388 professi,
990 4323 1077 4371 cui
1113 4326 1235 4389 post
1270 4322 1559 4373 secundam
1596 4324 1932 4373 vocationem
1967 4321 2234 4372 indivulse
2280 4322 2655 4373 adhaeserunt.

191 4403 251 4452 Cf.
272 4424 307 4455 s.
330 4408 637 4475 Epiphanii,
665 4410 815 4459 haer.
840 4411 923 4471 61,
952 4411 1032 4459 16.
1058 4426 1109 4474 p.
1136 4410 1253 4459 437.
1282 4408 1335 4459 S.
1354 4410 1656 4475 Augustini,
1683 4414 1835 4459 tract.
1861 4408 1981 4458 VII.
2005 4410 2061 4457 in
2085 4409 2281 4459 Joann.
2308 4426 2358 4459 n.
2382 4411 2431 4459 9.
2458 4426 2508 4475 p.
2535 4412 2654 4459 345.

192 4488 373 4544 Postem
408 4496 495 4546 die
536 4512 603 4547 ex
642 4512 751 4562 quo
789 4496 978 4547 Petrus
1016 4496 1085 4545 ad
1115 4495 1303 4545 Jesum
1339 4501 1642 4547 accesserat
1675 4512 1726 4545 v.
1753 4498 1836 4547 43.
1863 4512 1921 4557 s.,
1959 4495 2237 4561 Philippus
2267 4500 2322 4545 et
2354 4496 2656 4547 Nathanael

192 4601 235 4609 -
268 4578 311 4627 d.
346 4598 393 4647 q.
418 4600 468 4631 v.
493 4582 549 4633 J.
575 4582 847 4643 nimum-i,
875 4582 1008 4647 disp.
1036 4583 1105 4632 ad
1130 4582 1327 4633 Joann.
1356 4586 1402 4643 1,
1426 4585 1510 4632 46.
1548 4584 1602 4632 in
1628 4582 1904 4633 Thesauro
1925 4582 2087 4632 theol.
2121 4582 2248 4649 phil.
2274 4583 2346 4646 II,
2374 4585 2490 4634 370.
2518 4601 2558 4634 s.
2587 4610 2655 4620 —

190 4666 355 4726 pariter
388 4668 589 4721 fiebant
625 4668 895 4736 discipuli.
