3267 5259
1188 448 1319 490 Liber
1344 449 1620 501 propheticus
1649 450 1701 491 N.
1731 450 1778 491 T.
2591 439 2720 503 513

236 621 505 685 Visione
556 620 817 706 quidem
868 622 1249 687 secunda¹
1291 622 1607 688 habetur2
1656 623 1944 690 sublimis
1993 624 2312 710 quaedam
2365 624 2715 710 descriptio

234 734 361 797 Dei
394 733 682 799 sedentis
714 736 779 799 in
812 734 1068 818 throno,
1104 757 1296 821 quem
1330 738 1557 821 viginti
1593 746 1658 801 et
1691 747 1968 823 quatuor
1999 737 2287 801 seniores
2321 748 2516 823 atque
2549 737 2718 801 Che-

235 847 515 910 rubimi³
538 847 960 913 circumdant.
998 849 1411 936 Conspicitur
1432 849 1682 935 Agnus,
1714 852 1822 936 qui
1849 849 2107 915 iacebat
2136 852 2317 936 quasi
2344 852 2626 933 occisus;
2655 860 2720 913 et

236 984 392 1025 mox
425 959 508 1024 ad
542 984 691 1025 eum
731 964 840 1048 qui
871 964 936 1025 in
968 962 1199 1027 throno
1235 961 1507 1027 sedebat
1537 961 1883 1046 accedens,
1921 962 2156 1027 librum
2196 963 2277 1028 de
2317 965 2520 1049 ipsius
2561 962 2718 1027 dex-

234 1086 396 1157 tera,
444 1073 858 1161 obsignatum
891 1086 1143 1162 septem
1175 1075 1393 1162 sigillis
1424 1074 1849 1141 reserandum
1889 1078 2163 1162 accepit,
2207 1076 2718 1141 acclamantibus

236 1186 587 1252 coelicolis
667 1188 835 1253 Cum
892 1191 1106 1275 coepit
1152 1190 1405 1275 aperire
1453 1188 1662 1273 sigilla
1719 1191 1881 1253 varii
1943 1191 2194 1275 equites
2253 1198 2716 1254 monstrantur.

234 1300 533 1387 Apparet
578 1301 828 1386 effigies
873 1302 1319 1387 prodigiorum
1366 1302 1493 1366 Dei
1538 1302 1848 1367 iudicium
1897 1302 2482 1388 praetendentium.
2542 1301 2718 1368 Ante

237 1416 497 1500 septimi
570 1416 1078 1499 resignationem
1148 1424 1427 1501 quatuor
1494 1414 1710 1501 angeli
1777 1414 2132 1501 prodeunt,
2203 1418 2312 1502 qui
2375 1424 2717 1480 ventorum

233 1529 550 1613 impetum
613 1526 920 1592 cohibere
981 1528 1317 1611 iubentur,
1388 1550 1730 1615 quousque
1799 1529 1927 1592 Dei
1989 1530 2244 1613 signum
2302 1531 2370 1593 in
2433 1529 2719 1594 omnium

238 1639 597 1705 electorum
646 1641 965 1707 frontibus
996 1644 1437 1729 imprimatur3
1484 1644 1832 1727 statimque
1875 1642 2108 1707 eodem
2139 1644 2462 1707 innumeri
2491 1652 2718 1707 notan-

236 1762 359 1819 tur.
424 1753 531 1818 Ad
578 1753 857 1839 sigillum
900 1754 1195 1819 ultimum
1238 1757 1489 1819 visione
1535 1765 1606 1819 te
1622 1757 1814 1819 rtia·¹
1859 1766 2107 1841 septem
2156 1755 2370 1840 angeli
2417 1754 2722 1819 videntur

236 1866 512 1930 totidem
586 1867 759 1931 tubis
832 1869 1160 1951 instructi,
1232 1871 1340 1954 qui
1418 1890 1565 1932 cum
1632 1870 1709 1932 iis
1780 1878 2040 1951 canunt,
2108 1867 2344 1953 plagae
2421 1867 2716 1932 diversae

240 1980 674 2043 immittuntur
696 1984 739 2044 ⁵.
798 1981 1141 2045 Postrema
1172 1980 1455 2066 denique
1502 1983 1839 2045 sectione⁸
1883 1982 2174 2066 sequitur
2203 1982 2366 2045 visio
2415 1990 2717 2066 quarta,

238 2113 368 2178 qua
414 2091 744 2157 revelatur
790 2096 1044 2179 signum
1092 2094 1395 2180 stupendi
1445 2094 1782 2159 cuiusdam
1821 2094 2144 2179 mysterii:
2191 2092 2427 2157 Mulier
2457 2115 2546 2157 sc.
2581 2091 2716 2157 sole

452 2280 487 2343 ¹)
525 2281 575 2341 4,
612 2281 783 2342 1—7,
824 2282 903 2329 17.
968 2279 1010 2345 ²)
1050 2280 1107 2330 C.
1138 2280 1194 2331 C.
1234 2282 1387 2330 6—8.
1422 2281 1669 2346 exposuit
1701 2281 1766 2330 E.
1793 2278 2039 2340 Bohmer,
2068 2296 2132 2329 ex
2170 2281 2328 2329 rebus
2365 2279 2504 2329 vatis
2541 2282 2717 2329 aetate

235 2367 417 2431 gestis,
456 2366 520 2415 de
546 2368 710 2432 Apoc.
735 2366 773 2416 J
776 2382 933 2417 oann.
958 2367 1083 2417 Hal.
1114 2370 1262 2418 1854.
1316 2368 1355 2433 ³)
1384 2366 1463 2417 cf.
1488 2373 1704 2433 praeter
1729 2383 1821 2417 eos
1848 2382 1978 2433 quos
2004 2367 2058 2415 in
2085 2366 2326 2417 Historia
2349 2366 2412 2415 V.
2438 2367 2499 2416 T.
2525 2383 2576 2431 p.
2601 2366 2715 2415 143.

236 2452 588 2516 laudavimus,
638 2454 690 2503 J.
727 2452 862 2519 Fay,
900 2454 1313 2520 disputationem
1364 2454 1429 2503 de
1479 2460 1623 2520 quat.
1670 2456 1829 2505 anim.
1877 2468 2028 2520 apoc.
2064 2456 2115 2516 4,
2155 2456 2202 2504 6.
2239 2468 2282 2503 s.
2320 2455 2369 2515 5,
2408 2455 2456 2504 8.
2495 2468 2535 2502 s.
2574 2452 2716 2501 Trai.

238 2542 392 2590 1727.
428 2556 480 2604 p.
519 2543 567 2590 3.
608 2558 649 2591 s.
688 2541 841 2601 Quae
876 2557 1003 2592 vero
1040 2542 1203 2608 impia
1240 2546 1293 2592 et
1328 2542 1510 2607 inepta
1546 2542 1738 2591 effutiit
1772 2541 1874 2591 hac
1911 2542 1976 2591 de
2013 2558 2070 2591 re
2107 2542 2172 2591 E.
2213 2540 2271 2590 C.
2310 2541 2370 2591 A.
2407 2540 2611 2601 Riehm,
2652 2539 2716 2587 de

234 2632 431 2677 natura
466 2632 519 2677 et
555 2628 771 2678 notione
810 2628 1101 2693 symbolica
1140 2628 1522 2680 Cheruborum.
1569 2628 1732 2678 Basil.
1775 2630 1942 2690 1864„
1981 2630 2164 2678 merito
2203 2629 2528 2677 reiiciuntur.
2585 2628 2630 2688 ⁴)
2667 2628 2716 2687 8,

238 2716 463 2775 1.—11‚
495 2716 575 2763 19.
634 2716 674 2779 ⁵)
712 2714 797 2765 Ad
844 2715 1146 2781 clangorem
1197 2717 1397 2781 primae
1452 2716 1613 2765 tubae
1669 2716 1828 2765 tertia
1880 2719 2052 2764 terrae
2100 2730 2224 2779 pars
2279 2716 2400 2779 igne
2454 2715 2716 2779 sanguine
2797 2743 2806 2751 ·

236 2802 401 2851 mixto
441 2802 701 2865 exuritur3
741 2802 809 2851 ad
836 2802 1072 2865 alterius,
1112 2808 1287 2853 monte
1324 2804 1380 2851 in
1415 2818 1559 2853 mare
1597 2801 1948 2868 praecipitato
1987 2802 2099 2851 abit
2133 2800 2264 2850 illud
2299 2802 2356 2849 in
2389 2802 2715 2865 sanguinem.

231 2888 315 2937 Ad
352 2890 543 2937 tertiae
590 2904 777 2938 sonum
825 2889 1022 2939 decidit
1058 2891 1111 2939 in
1146 2890 1366 2939 flumina
1402 2894 1457 2939 et
1489 2889 1666 2939 fontes
1713 2888 1884 2949 stella,
1931 2904 2070 2953 quae
2115 2902 2284 2953 aquas
2331 2892 2619 2937 commutat
2663 2888 2714 2935 in

233 2975 591 3039 absynthium.
643 2976 858 3041 clangit
894 2984 1102 3042 quarta,
1143 2982 1196 3028 et
1232 2978 1549 3028 obscuratur
1584 2976 1684 3038 sol,
1725 2977 1855 3025 luna
1889 2981 1944 3025 et
1979 2976 2170 3025 sidera.
2210 2976 2409 3037 Quinta
2435 2975 2714 3041 clangente

234 3077 393 3112 casus
430 3062 621 3112 stellae
660 3062 725 3112 de
764 3063 915 3113 coelo
952 3064 1137 3130 lapsae
1176 3066 1369 3114 ostium
1419 3064 1600 3129 abyssi
1649 3062 1898 3126 recludit3
1945 3077 2010 3111 ex
2049 3079 2151 3127 quo
2199 3062 2494 3128 procedunt
2541 3062 2716 3111 fumus

234 3154 287 3197 et
337 3150 651 3199 >innumerae
700 3150 957 3200 locustae.
1016 3150 1279 3201 Buccinat
1326 3156 1507 3201 sextus
1544 3149 1796 3215 Angelus,
1842 3154 1897 3199 et
1943 3149 2116 3199 statim
2165 3149 2444 3199 solvuntur
2490 3154 2717 3214 quatuor

234 3236 413 3301 angeli
449 3236 578 3285 mali
615 3238 669 3286 in
706 3237 981 3303 Euphrate
1031 3237 1205 3303 ligati3
1258 3239 1349 3303 qui
1399 3237 1633 3287 educunt
1682 3238 1970 3286 exercitum
2007 3236 2077 3285 ad
2116 3236 2458 3286 occidendam
2505 3237 2714 3284 tertiam

234 3329 436 3388 partem
486 3322 773 3374 hominum.
822 3325 1123 3390 Antequam
1170 3326 1303 3375 tuba
1350 3326 1577 3390 septima
1622 3324 1850 3387 infletur,
1897 3338 2015 3373 sese
2051 3323 2288 3388 Angelus
2343 3322 2572 3385 exhibet,
2625 3324 2714 3387 qui

232 3411 479 3461 manibus
516 3411 755 3460 libellum
794 3418 1035 3477 apertum
1074 3412 1314 3471 afferens,
1354 3428 1473 3461 eum
1500 3411 1551 3460 S.
1577 3411 1780 3461 Joanni
1819 3411 1980 3460 tradit
2017 3411 2087 3460 ad
2123 3410 2502 3460 devorandum.
2559 3410 2714 3471 Quod

232 3499 307 3546 rei
334 3500 641 3561 mysterium
681 3505 836 3561 esset,
876 3498 1067 3550 deinde
1105 3500 1399 3549 revelatum
1423 3500 1539 3548 fuit.
1582 3498 1824 3548 Joannes
1849 3500 1989 3547 enim
2013 3498 2188 3547 iussus
2218 3499 2313 3559 est,
2349 3502 2410 3546 ut
2433 3495 2711 3562 Templum

233 3590 285 3632 et
322 3584 506 3633 Altare
544 3586 819 3635 metiretur
865 3590 1077 3651 praeter
1125 3588 1315 3636 atrium
1365 3586 1621 3649 exterius3
1673 3586 1815 3651 quod
1861 3584 1962 3634 hoc
1997 3584 2270 3635 mensibus
2309 3584 2516 3633 duobus
2554 3598 2716 3648 supra

233 3670 593 3735 quadraginta
628 3686 663 3720 a
698 3674 937 3737 profanis
989 3679 1130 3723 esset
1174 3674 1569 3739 proterendum.
1624 3673 1838 3723 Interea
1887 3673 1990 3722 duo
2040 3678 2219 3735 testes,
2271 3672 2386 3720 i.·e.
2424 3670 2714 3736 prophetae

232 3759 423 3823 iugiter
459 3758 875 3823 praedicabunt;
914 3760 1009 3810 sed
1045 3762 1269 3825 patratis
1308 3760 1550 3825 pluribus
1590 3760 1862 3809 miraculis
1900 3758 2109 3808 demum
2146 3759 2408 3807 interfecti
2447 3773 2480 3807 a
2517 3756 2710 3806 Christi

232 3844 473 3895 hostibus
520 3848 861 3910 occumbent3
914 3863 1199 3911 eorumque
1252 3862 1475 3912 corpora
1514 3846 1782 3912 insepulta
1819 3848 1873 3896 in
1909 3848 2126 3895 civitate
2169 3846 2438 3905 iacebunt,
2481 3850 2713 3894 attamen

232 3933 287 3981 in
324 3934 486 3982 vitam
526 3933 777 3983 redibunt
812 3940 865 3983 et
900 3933 1099 3999 populo
1138 3938 1384 3999 stupente
1424 3932 1493 3983 ad
1530 3934 1710 3983 coelos
1749 3932 2055 3983 ascendent.
2103 3933 2164 3981 V.
2201 3932 2268 3981 H.
2305 3932 2366 3981 V.
2396 3932 2458 3981 T.
2484 3948 2535 3996 p.
2561 3934 2644 3981 23.
2671 3946 2712 3980 s.

232 4018 481 4069 Insonuit
504 4020 715 4069 tandem
738 4021 1014 4085 septimam
1033 4021 1214 4070 tubam
1234 4019 1493 4085 Angelus3
1522 4020 1811 4085 auditaque
1837 4020 1980 4070 laeta
2003 4035 2123 4081 vox,
2147 4034 2254 4084 qua
2279 4034 2496 4083 regnum
2519 4017 2712 4069 Christi

234 4108 665 4170 praenunciatur.
685 4108 939 4172 Apertum
960 4112 1044 4157 est
1060 4109 1221 4157 etiam
1234 4107 1511 4172 Templum
1525 4108 1644 4167 Dei,
1667 4108 1721 4155 in
1743 4122 1847 4171 quo
1869 4112 1950 4158 est
1969 4121 2096 4156 arca
2109 4106 2454 4156 Testamenti.
2488 4104 2528 4171 ⁶)
2553 4104 2610 4153 C.
2631 4108 2710 4165 12,

238 4196 281 4243 1.
309 4210 351 4243 s.
381 4220 447 4229 -
473 4195 556 4253 22,
590 4194 639 4243 6.
676 4193 757 4243 Ad
797 4210 936 4259 quae
973 4194 1323 4260 intelligenda
1356 4194 1561 4245 faciunt
1594 4194 1718 4245 diss.
1759 4194 1820 4244 G.
1849 4194 2168 4256 Schwartze,
2209 4194 2272 4243 de
2309 4208 2491 4257 pugna
2513 4192 2712 4242 Micha-

233 4280 327 4327 elis
362 4286 415 4329 et
442 4279 689 4329 draconis
715 4278 783 4327 ad
802 4280 899 4345 Ap.
931 4282 1009 4343 12,
1040 4282 1085 4329 7.
1116 4294 1173 4341 s.‚
1200 4281 1257 4329 in
1280 4280 1439 4329 Thes.
1466 4280 1539 4329 th.
1564 4280 1651 4345 ph.
1675 4298 1726 4346 p.
1748 4282 1864 4331 836.
1897 4295 1938 4329 s.
1975 4279 2358 4340 Lakemacher‚
2387 4278 2514 4327 Obs.
2541 4278 2634 4340 IX,
2663 4281 2712 4327 2.

231 4382 283 4431 p.
310 4368 393 4415 32.
422 4366 487 4415 (18
514 4381 733 4415 numero
760 4368 987 4416 nominis
1011 4366 1217 4416 bestiae
1244 4367 1451 4431 apocal.
1476 4368 1721 4431 investig.
1750 4368 1818 4416 ad
1848 4369 1927 4429 13,
1957 4369 2037 4417 17.
2066 4368 2113 4415 8.
2159 4366 2226 4414 Η.
2254 4365 2452 4423 Horeb,
2481 4364 2546 4414 (18
2573 4380 2712 4430 agno

230 4454 283 4502 in
312 4458 491 4503 monte
518 4452 662 4503 Sion.
703 4453 773 4502 ad
800 4456 881 4514 14,
909 4456 957 4503 2.
982 4456 1049 4516 3.,
1075 4455 1130 4502 in
1156 4454 1313 4503 Thes.
1348 4454 1421 4503 th.
1455 4452 1543 4519 ph.
1570 4470 1620 4519 p.
1651 4455 1770 4503 841.
1795 4470 1838 4503 s.
1887 4454 1949 4502 F.
1975 4453 2202 4514 Mamer,
2230 4452 2295 4501 de
2327 4451 2538 4501 occulto
2567 4452 2712 4501 urbis

232 4540 432 4590 Romae
458 4541 669 4589 nomine
696 4540 765 4589 ad
791 4539 824 4589 l.
852 4540 1016 4606 Apoc.
1046 4542 1127 4602 17,
1152 4542 1216 4603 6.,
1244 4556 1353 4606 rep.
1380 4542 1439 4589 in
1462 4556 1508 4589 e.
1534 4540 1710 4605 Antiq.
1735 4539 2000 4589 Abhandl.
2027 4538 2270 4605 Kopenh.
2300 4540 2448 4587 1816.
2482 4555 2533 4603 p.
2559 4540 2643 4588 29.
2671 4556 2712 4587 s.

232 4626 282 4677 J.
315 4627 565 4689 Meisner,
602 4628 667 4675 de
700 4626 913 4677 flumine
951 4628 1257 4691 crystallino
1290 4628 1513 4692 Apocal.
1540 4630 1623 4687 22,
1654 4630 1699 4676 1.
1728 4627 2010 4692 descripto,
2037 4628 2092 4676 in
2118 4626 2274 4676 Thes.
2301 4625 2374 4674 th.
2401 4624 2488 4690 ph.
2515 4641 2565 4690 p.
2593 4627 2713 4673 848.

334 4720 547 4767 Daulis,
578 4720 691 4761 nist.
722 4720 1019 4762 Revelationis
1046 4720 1234 4761 divinae.
1264 4720 1319 4760 11.
2338 4716 2404 4761 33
