3267 5259
1185 446 1275 493 lter
1303 448 1426 493 Pauli
1455 450 1593 493 usius
1623 448 1821 493 tertium.
2608 436 2731 505 381

235 622 622 675 drachmarum
669 623 740 675 ad
787 640 976 675 vocem
1027 620 1262 694 ἀργυρίου
1313 626 1747 692 subintelligitur.
1819 626 2091 677 Drachma
2131 654 2199 663 —
2240 643 2291 677 v.
2336 626 2613 689 Schimko,
2668 628 2737 677 de

234 712 474 763 nummis
510 712 724 761 biblicis
757 712 830 773 H,
859 713 940 763 12.
965 739 1032 749 -
1058 728 1304 763 nummus
1339 716 1622 777 argenteus
1658 717 1773 762 erat
1798 712 2035 763 eiusdem
2060 728 2181 763 cum
2212 712 2431 763 denario
2469 712 2735 779 ponderis,

237 814 422 864 eoque
457 803 700 864 tempore
735 814 844 849 non
881 798 1012 849 nihil
1047 812 1212 864 supra
1247 802 1330 849 22.
1356 815 1432 849 xr.
1459 816 1526 849 m.
1554 803 1717 849 austr.
1752 798 1984 859 valebat,
2022 800 2201 865 itaque
2238 816 2267 848 e
2304 804 2489 851 nostra
2522 806 2738 849 moneta

235 900 456 935 summa
481 886 652 935 13125
674 885 726 935 fi.
753 884 1004 951 prodiret.
1053 886 1140 936 De
1164 885 1214 935 h.
1242 885 1274 936 1.
1301 885 1740 947 Lackemacheri,
1767 886 1897 937 Obs.
1922 885 2051 951 phil.
2076 885 2146 949 11,
2174 889 2222 948 5,
2258 888 2307 937 6.
2343 904 2396 952 p.
2432 888 2547 936 153.
2594 885 2648 938 J.
2675 885 2736 937 C.

238 970 458 1035 Ortlob,
497 972 564 1022 de
597 971 956 1037 Ephesiorum
990 974 1218 1023 curiosis
1253 973 1402 1023 libris
1439 973 1750 1035 combustis,
1788 974 1845 1024 in
1880 972 2039 1023 Thes.
2064 989 2118 1023 n.
2154 990 2207 1039 p.
2235 974 2351 1024 711.
2378 990 2421 1023 s.
2468 972 2736 1037 Wellenii‚

237 1066 370 1109 acta
397 1058 554 1109 Pauli
575 1058 870 1125 Ephesina.
906 1058 1148 1125 Grypsw.
1177 1060 1328 1111 1785.
1365 1059 1494 1111 Plus
1518 1059 1663 1110 mille
1688 1060 1842 1110 annis
1876 1057 2010 1109 haec
2044 1060 2350 1125 superstitio
2382 1060 2737 1126 Ephesiorum

237 1150 454 1197 mentes
491 1147 800 1212 occupavit,
837 1146 1138 1211 usquedum
1183 1146 1448 1212 magistris
1485 1164 1528 1197 s.
1553 1161 1595 1196 s.
1620 1145 1792 1196 Paulo
1832 1152 1887 1196 et
1920 1146 2199 1197 Timotheo
2233 1146 2433 1197 relictis
2468 1148 2736 1198 erroribus

237 1233 462 1283 Christo
499 1231 768 1283 Servatori
803 1248 999 1283 nomen
1035 1233 1312 1283 dederunt.
1367 1233 1649 1299 Templum
1682 1234 1857 1298 ipsum
1892 1232 2103 1283 Dianae
2139 1234 2465 1298 temporibus
2502 1232 2735 1285 Gallieni

237 1335 274 1370 a
303 1320 500 1371 Gothis
523 1320 788 1385 direptum
811 1320 1192 1386 incensumque
1217 1319 1454 1371 funditus
1479 1319 1812 1385 deflagravit.
1863 1318 1916 1369 S.
1936 1319 2215 1370 Timotheo
2240 1325 2466 1383 mortuo,
2492 1320 2735 1371 Joannes

235 1406 540 1472 Apostolus
577 1406 800 1457 eandem
835 1408 890 1456 in
935 1406 1123 1457 urbem
1155 1408 1326 1469 venit,
1365 1412 1420 1457 et
1453 1406 1524 1456 ad
1560 1407 1763 1457 obitum
1798 1422 1951 1457 suum
1996 1423 2166 1472 usque
2204 1422 2536 1459 commorans
2573 1408 2733 1457 Asiae

238 1494 477 1543 curabat
493 1492 784 1543 Ecclesias.
823 1492 996 1555 Unde,
1016 1498 1082 1543 ut
1105 1494 1256 1543 varia
1281 1507 1420 1559 quae
1439 1493 1659 1559 collegit
1676 1494 1753 1543 Le
1773 1493 1965 1555 Quien,
1995 1492 2186 1544 Oriens
2207 1493 2315 1543 chr.
2336 1494 2417 1543 ed.
2438 1494 2559 1544 Par.
2585 1496 2735 1545 1740.

235 1580 284 1641 Ῑ,
327 1582 450 1631 663.
499 1580 832 1645 antiquitatis
881 1578 1277 1631 ecclesiasticae
1325 1580 1644 1630 documenta
1678 1584 1956 1642 testantur,
1996 1586 2117 1645 post
2152 1581 2467 1646 praecipuas
2506 1586 2737 1646 quatuor

239 1666 396 1717 orbis
433 1665 708 1717 christiani
745 1666 928 1717 sedes:
966 1681 1254 1729 romanam,
1292 1665 1722 1727 alexandrinam,
1762 1666 2157 1729 antiochenam,
2194 1666 2733 1731 hierosolymitanam,

239 1754 440 1819 quinta
492 1754 698 1805 censita
749 1754 850 1804 fuit
901 1752 1268 1820 Ephesius,
1324 1753 1610 1804 Asianae
1666 1753 2002 1803 dioecesis
2057 1759 2255 1819 caput
2308 1759 2363 1804 et
2406 1754 2732 1820 metropolis.

239 1840 500 1906 Ephesus
546 1839 742 1891 nobilis
787 1840 884 1889 illa
927 1840 1088 1890 Asiae
1138 1841 1352 1904 civitas,
1397 1842 1649 1889 miserum
1696 1841 1750 1890 in
1794 1839 2009 1890 modum
2058 1838 2217 1889 hodie
2264 1846 2533 1906 prostrata
2580 1843 2735 1903 iacet,

239 1933 309 1977 nt
353 1942 532 1993 neque
577 1927 767 1977 civitas
813 1926 900 1975 vel
945 1926 1198 1993 oppidum
1235 1928 1306 1977 sit
1349 1926 1444 1976 sed
1481 1929 1659 1989 vicus,
1707 1942 1741 1977 a
1776 1926 1965 1977 Turcis
2001 1926 2321 1977 Aiasoluk
2360 1927 2559 1991 dictus3
2610 1928 2737 1978 solis

239 2020 490 2063 veterum
533 2014 1000 2075 monimentorum,
1047 2013 1242 2078 quibus
1291 2012 1414 2063 olim
1463 2014 1674 2079 egregie
1720 2013 2013 2063 ornabatur
2056 2013 2335 2064 ruderibus
2375 2020 2428 2064 et
2462 2016 2737 2080 parietinis

241 2100 581 2151 deformatus
617 2100 814 2150 casulis
841 2105 896 2149 et
929 2100 1218 2165 gurgustiis
1255 2099 1451 2150 sordet.
1501 2100 1581 2151 Cf.
1606 2100 1706 2149 Th.
1738 2098 1921 2161 Smith,
1951 2099 2163 2166 Septem
2188 2099 2349 2151 Asiae
2374 2100 2737 2152 Ecclesiarum

241 2188 458 2239 notitia.
517 2188 662 2237 Trai.
698 2186 769 2238 ad
799 2186 900 2237 Bh.
938 2188 1090 2237 1694.
1126 2202 1180 2252 p.
1214 2188 1298 2237 44.
1333 2204 1374 2237 s.
1423 2187 1687 2250 Maunert,
1722 2187 2034 2237 Kleinasien
2071 2203 2125 2253 p.
2160 2188 2275 2237 309.
2312 2202 2353 2237 s.
2410 2187 2667 2249 Fellows,
2704 2202 2739 2237 a

241 2273 482 2325 Journal
518 2276 726 2324 written
765 2274 958 2339 during
993 2288 1065 2324 an
1102 2275 1382 2325 excursion
1421 2275 1476 2323 in
1507 2274 1639 2324 Asia
1672 2275 1858 2325 minor.
1895 2274 2069 2325 Lond.
2097 2276 2247 2325 1838.
2286 2292 2335 2337 p.
2364 2276 2480 2324 274.
2507 2290 2551 2325 s.
2598 2274 2738 2324 Bibl.

243 2360 444 2426 Geogr.
472 2359 638 2412 Calw.
667 2362 818 2411 1843.
855 2378 906 2427 p.
933 2362 1051 2410 274.
1077 2376 1120 2409 s.

456 2449 709 2516 Dsymsio
745 2450 824 2501 II.
861 2448 921 2500 de
954 2448 1124 2499 Paulo
1158 2466 1270 2499 cum
1305 2447 1466 2499 bestiis
1497 2454 1773 2517 puqnante.
1812 2448 2091 2508 Quaenam
2126 2447 2287 2497 fuerit
2321 2462 2503 2513 pugna
2535 2446 2579 2497 1.
2608 2446 2729 2498 Cor.

247 2536 334 2595 15,
361 2535 472 2583 32.=
510 2530 590 2595 „sl
610 2526 732 2584 κατὰ
755 2527 1008 2600 ἄνθρωπον
1046 2528 1414 2602 ἐθηριομάχησα
1443 2528 1490 2582 ἐν
1523 2529 1754 2601 Ἐφέσῳ*
1780 2534 2067 2598 quaeritur.
2106 2532 2265 2583 Circa
2286 2532 2391 2583 loci
2416 2532 2589 2595 huius,
2626 2549 2733 2599 quo

243 2634 466 2687 pugnae
502 2636 632 2682 suae
671 2636 790 2671 cum
825 2621 1012 2671 bestiis
1047 2621 1371 2671 mentionem
1406 2620 1538 2670 facit
1572 2619 1879 2685 Apostolus,
1916 2620 1972 2669 in
2008 2619 2143 2669 duas
2180 2621 2495 2686 interpretes
2532 2620 2733 2671 abeunt

243 2710 562 2758 sententias.
622 2708 852 2769 Quidam
889 2712 1104 2759 sumunt
1140 2707 1398 2759 bestias
1435 2722 1598 2758 sensu
1633 2706 2095 2773 metaphorice
2134 2722 2251 2759 esse
2289 2705 2608 2773 capiendas3
2670 2706 2737 2758 de

243 2809 434 2861 pugna
487 2809 646 2860 quam
683 2793 886 2860 Ephesi
924 2810 1042 2844 cum
1087 2794 1389 2844 hominibus
1443 2794 1618 2843 ferina
1671 2793 1852 2843 indole
1905 2793 2161 2858 praeditis
2216 2795 2485 2860 suscipere
2540 2792 2737 2844 debuit.

243 2880 486 2931 Instituti
521 2882 690 2932 nostri
727 2897 834 2931 non
871 2886 954 2932 est
1007 2886 1344 2946 argumenta,
1404 2896 1543 2947 quae
1598 2881 1839 2945 opinioni
1888 2880 1977 2930 isti
2032 2879 2427 2931 confirmandae
2482 2882 2738 2931 inservire

243 2974 490 3033 possunt,
525 2982 804 3019 recensere
830 2974 886 3019 et
913 2969 1242 3033 exsminar03
1281 2969 1406 3034 quia
1441 2974 1562 3018 utut
1592 2983 1701 3017 non
1726 2967 2149 3033 improbabiliter
2172 2967 2458 3033 disputata,
2496 2982 2531 3018 a
2554 2967 2735 3018 multis

243 3060 430 3105 tamen
455 3069 732 3106 assensum
757 3070 866 3107 non
887 3056 1321 3120 impetraverunt.
1361 3054 1413 3105 S.
1440 3054 1668 3105 Paulum
1690 3056 1958 3121 proprie
1991 3054 2060 3105 ad
2084 3054 2403 3120 supplicium
2436 3053 2566 3105 illud
2593 3053 2737 3105 dam-

245 3146 452 3205 natum,
488 3141 575 3191 vel
611 3140 801 3192 saltem
837 3156 872 3191 a
907 3140 1066 3207 plebe
1101 3141 1430 3208 postulatum
1469 3140 1676 3192 malunt
1711 3141 1819 3191 alii.
1881 3142 2052 3202 Quam
2102 3142 2405 3206 opinionem
2444 3141 2737 3191 rationibus

247 3243 360 3277 non
398 3226 800 3278 contemnendis
837 3228 1134 3278 adstruunt.
1187 3228 1383 3279 Militat
1419 3244 1464 3277 α.
1501 3244 1598 3293 pro
1638 3228 1740 3277 hac
1776 3229 2214 3293 interpretatione
2252 3234 2445 3289 textus,
2483 3221 2538 3277 τὸ
2576 3224 2737 3295 ῥητόν,

249 3314 400 3379 qnod
435 3316 550 3365 sine
587 3320 808 3379 urgente
846 3329 1038 3378 causa,
1099 3315 1272 3381 qualis
1308 3314 1396 3363 hic
1433 3313 1584 3364 nulla
1618 3330 1737 3365 esse
1772 3313 2008 3375 videtur,
2072 3313 2420 3365 deserendum
2476 3330 2582 3363 non
2638 3320 2735 3365 est.

245 3400 426 3450 Favet
459 3398 504 3466 β.
543 3406 823 3452 contextus
859 3402 958 3451 rite
995 3417 1278 3467 expensus,
1313 3418 1358 3451 ιι.
1389 3396 1432 3451 ἆ.
1465 3400 1759 3451 secundum
1782 3400 2065 3463 hominem,
2104 3399 2225 3451 coll.
2254 3400 2325 3451 11.
2352 3400 2475 3451 Cor.
2504 3404 2551 3463 1,
2576 3404 2624 3451 9.
2655 3404 2734 3451 10.

245 3487 290 3539 1.
318 3487 460 3537 Petr.
485 3490 536 3549 4,
563 3489 612 3537 6.
649 3486 914 3553 significat
949 3488 1216 3537 decretum
1253 3487 1558 3537 humanum.
1595 3488 1853 3537 Homines
1890 3503 2001 3538 rem
2038 3486 2416 3549 decreverunt,
2456 3487 2551 3538 sed
2588 3488 2735 3537 Deus

247 3576 449 3639 eripuit
482 3574 796 3640 Apostolum
834 3574 1089 3640 pericu10.
1148 3592 1196 3643 γ.
1235 3574 1319 3625 Ad
1354 3574 1488 3624 haec
1523 3574 1779 3625 Romanis
1822 3590 1931 3625 non
1976 3575 2213 3625 insolens
2260 3575 2425 3624 fuisse
2467 3574 2569 3623 hoc
2615 3591 2737 3640 sup-

245 3661 398 3727 plicii
435 3676 620 3726 genus,
660 3661 855 3711 docent
891 3662 1160 3712 Historiae
1197 3658 1494 3713 Ecclesiae.
1555 3661 1745 3727 Neque
1782 3661 1955 3727 fugiat
2000 3659 2045 3711 δ.
2084 3667 2316 3712 attentos
2354 3661 2581 3711 lectores
2617 3661 2738 3711 loca

245 3747 292 3797 1.
328 3746 452 3797 Cor.
489 3750 539 3809 4,
576 3750 623 3797 9.
662 3746 827 3798 Hebr.
866 3750 946 3809 10,
985 3750 1068 3798 33.
1107 3748 1300 3813 quibus
1337 3748 1581 3814 Apostoli
1628 3748 1876 3799 dicuntur
1920 3748 2047 3797 facti
2094 3746 2362 3815 ,,θέατρον“
2411 3754 2466 3797 et
2514 3744 2736 3814 „Oea-cpl-

247 3832 468 3893 ζεσθαι.“
507 3832 664 3895 Quod
700 3848 874 3899 neque
911 3835 966 3883 in
991 3834 1138 3884 Actis
1163 3833 1558 3900 Apostolorum,
1583 3850 1757 3899 neque
1781 3836 1835 3883 in
1862 3834 2261 3901 MartyrologiO,
2289 3833 2433 3902 quod
2458 3835 2508 3884 d.
2534 3833 2736 3884 Paulus

245 3922 352 3971 sibi
391 3922 494 3987 ipsi
529 3920 601 3971 11.
629 3920 752 3971 Cor.
785 3923 867 3984 11,
893 3922 976 3971 23.
1014 3922 1244 3987 scripsit,
1283 3936 1350 3971 ea
1385 3921 1452 3971 de
1489 3937 1546 3971 re
1583 3922 1781 3971 mentio
1818 3920 1927 3984 fiat,
1964 3922 2379 3987 metaphoricam
2416 3917 2739 3989 θηριομαχίαν

247 4022 362 4058 non
400 4008 614 4057 evincit.
649 4008 724 4057 Ut
761 4007 899 4057 enim
935 4006 1236 4074 Evangelia
1271 4023 1379 4058 non
1411 4008 1688 4058 continent
1722 4020 1980 4057 summam
2006 4008 2237 4057 omnium
2265 4007 2524 4057 dictorum
2551 4012 2605 4056 et
2628 4006 2736 4057 fac—

247 4100 426 4144 torum
461 4094 528 4143 D.
556 4094 620 4143 N.
645 4092 698 4143 J.
725 4092 812 4157 C.;
865 4094 943 4143 ita
978 4099 1032 4144 et
1064 4093 1202 4143 Acta
1236 4108 1344 4145 non
1381 4099 1506 4144 sunt
1543 4093 1809 4160 completa
1844 4108 2049 4143 summa
2086 4109 2295 4155 eorum,
2336 4106 2475 4159 quae
2513 4098 2735 4157 egerunt

245 4188 302 4231 et
335 4182 486 4247 passi
533 4186 660 4231 sunt
684 4164 962 4247 Apostoli.
1023 4180 1464 4247 Martyrologium
1510 4180 1754 4247 Apostoli
1792 4180 1829 4229 l.
1855 4196 1901 4231 c.
1938 4179 2121 4230 itidem
2157 4181 2337 4230 omnia
2372 4180 2486 4229 eius
2522 4178 2737 4229 calami-

243 4272 420 4317 tatum
455 4258 655 4333 genera
689 4274 974 4317 contexere
1009 4266 1209 4317 frustra
1245 4267 1451 4317 dieitur.
1491 4266 1676 4316 Noluit
1711 4272 1949 4332 repetere
1985 4265 2187 4317 Paulus
2224 4282 2378 4316 suum
2416 4262 2737 4335 θηριομαχίας

243 4358 570 4405 tormentum
607 4354 664 4403 in
701 4369 784 4419 ep.
808 4352 880 4403 11.
908 4351 1048 4416 Cor„
1085 4354 1336 4419 quoniam
1375 4352 1510 4402 illud
1545 4354 1602 4403 in
1633 4353 1675 4403 1.
1703 4353 1963 4419 exposuit.
2018 4352 2159 4403 Huic
2194 4354 2491 4403 sententiae
2528 4353 2737 4403 favent:

245 4440 634 4503 Tertullianus,
672 4440 738 4489 de
774 4439 954 4506 pudic.
980 4456 1032 4490 n.
1059 4442 1142 4489 22.
1176 4456 1228 4505 p.
1256 4441 1373 4490 178.
1411 4440 1466 4491 S.
1492 4439 1811 4505 Cyprianus,
1850 4456 1932 4506 ep.
1960 4442 2007 4490 5.
2035 4440 2103 4489 ad
2128 4441 2304 4506 presb.
2340 4446 2395 4490 et
2419 4440 2627 4490 diacon.
2655 4442 2737 4491 ed.

247 4526 441 4577 Goldh.
473 4529 556 4577 14.
589 4544 643 4593 p.
669 4528 752 4577 33.
778 4542 820 4576 s.
857 4527 1098 4579 Joannes
1126 4526 1554 4593 Chrysostomus‚
1595 4528 1650 4576 in
1677 4543 1759 4593 ep.
1784 4527 1827 4577 1.
1854 4525 1925 4577 ad
1949 4525 2070 4577 Cor.
2094 4527 2234 4578 hom.
2259 4530 2343 4591 40,
2380 4530 2429 4579 2.
2459 4530 2505 4581 3.
2542 4543 2593 4593 p.
2620 4530 2739 4579 381.

247 4614 301 4665 S.
327 4614 680 4679 Augustinus,
715 4615 770 4663 in
803 4614 892 4665 Ps.
921 4616 1004 4664 29.
1040 4628 1212 4665 enarr.
1236 4613 1308 4676 11,
1335 4617 1382 4663 5.
1417 4631 1469 4679 p.
1501 4615 1616 4664 136.
1654 4613 2039 4679 Theodoretus,
2075 4615 2291 4681 interpr.
2328 4631 2411 4680 ep.
2443 4613 2471 4663 1
2508 4613 2577 4663 ad
2617 4612 2738 4664 Cor.
