3267 5259
1268 446 1379 486 cm
1410 446 1593 487 nomini.
2551 432 2680 498 249

224 632 519 684 extremum
556 644 983 704 summumque,
1026 628 1203 695 dicit3
1251 626 1361 683 Ed.
1394 626 1525 701 Bip.
1558 626 1666 697 IV,
1707 630 1847 683 160.
1883 630 1941 682 3.
1989 626 2266 703 additque
2303 626 2500 685 verbis
2539 628 2679 685 satis

223 731 386 803 dignis
428 735 545 787 tam
591 730 881 788 nefariam
924 750 1050 788 rem
1078 729 1365 807 adpellari
1402 730 1569 788 nullo
1608 732 1778 787 modo
1808 748 1988 805 posse.
2051 730 2122 787 Id
2153 731 2306 807 quod
2337 730 2498 788 Crux
2529 732 2675 807 ipsa,

226 836 275 891 in
312 854 417 911 qua
446 834 739 891 horrenda
780 840 839 891 et-
880 834 1040 893 lenta
1080 840 1277 893 tamen
1318 840 1611 893 tormenta
1649 837 1810 893 vitae
1849 834 2018 892 filum
2048 836 2438 910 abrumpunt,
2489 837 2680 895 forma

224 940 341 1009 eius,
370 945 423 996 et
450 938 745 1011 adfigendi
776 940 979 997 modus
1008 944 1065 997 et
1096 940 1217 997 alia
1246 940 1469 999 docent.
1532 938 1694 997 Crux
1725 946 1828 997 aut
1875 938 2214 1015 simplex
2259 940 2394 1011 fuit,
2443 960 2518 997 ex
2559 959 2674 998 uno

226 1044 373 1117 ligno,
420 1050 519 1101 aut
564 1049 999 1119 compacta,
1052 1064 1200 1123 quae
1250 1064 1429 1102 manu
1474 1044 1631 1102 facta
1671 1045 1846 1122 idque
1891 1064 1922 1101 e
1967 1044 2192 1119 duplici
2238 1043 2416 1117 ligno.
2479 1044 2676 1103 Huius

224 1149 405 1223 species
432 1148 685 1224 triplex:
719 1149 1122 1220 decussata,
1158 1150 1223 1205 in
1252 1168 1370 1227 qua
1398 1150 1513 1207 duo
1544 1148 1709 1223 ligna
1735 1149 1960 1206 directa
1987 1149 2146 1205 inter
2173 1166 2234 1205 se
2265 1148 2674 1225 obliquantur-3

224 1252 589 1310 commissa
632 1270 811 1331 quam
854 1270 973 1310 uno
1016 1272 1115 1312 ore
1166 1272 1365 1312 omnes
1421 1272 1555 1311 cum
1608 1253 1784 1311 litera
1827 1252 1876 1309 Τ
1920 1257 2306 1328 componunt,
2359 1252 2462 1309 ubi
2515 1252 2676 1327 ligno

225 1365 381 1415 erecto
406 1358 641 1415 brevius
669 1356 923 1415 alterum
963 1377 1211 1434 superne
1254 1358 1666 1429 commit-titur,
1700 1358 1949 1435 denique
1991 1358 2336 1427 immissa,
2379 1358 2484 1415 ubi
2513 1357 2675 1432 ligno

224 1468 381 1519 erecto
408 1467 803 1521 transversum
834 1462 1086 1520 alterum
1116 1464 1455 1537 iniungitur
1498 1468 1674 1541 atque
1720 1462 2068 1520 immittitur
2082 1506 2095 1533 ,
2143 1462 2242 1519 sed
2271 1462 2356 1519 sic
2385 1466 2456 1519 ut
2483 1462 2676 1538 ipsum

228 1572 367 1624 secet.
423 1567 497 1623 In
549 1585 669 1645 qua
713 1585 915 1624 earum
960 1584 1197 1625 crucum
1245 1568 1401 1626 Ille
1447 1573 1714 1625 mortuus
1731 1612 1746 1637 ‚
1794 1569 1897 1645 qui
1949 1570 2137 1625 morte
2181 1586 2287 1624 sua
2329 1568 2497 1625 nobis
2547 1570 2677 1627 vita

226 1670 381 1729 factus
426 1678 506 1728 est
528 1716 543 1741 ,
599 1674 885 1745 ingerunt
934 1672 1117 1729 oculis
1168 1672 1505 1748 Scripturas
1557 1672 1780 1747 pariter
1830 1675 1890 1728 et
1939 1673 2202 1747 picturae
2255 1671 2493 1746 priscae.
2555 1658 2674 1729 sAd

226 1778 409 1849 priores
450 1780 715 1852 spectant-
758 1776 885 1834 loca
932 1774 990 1834 S.
1024 1777 1275 1848 Irenaei,
1328 1778 1461 1835 adv.
1500 1777 1661 1835 haer.
1697 1776 1786 1835 II.
1823 1780 1922 1849 24,
1959 1780 2017 1834 4.
2051 1777 2139 1834 ed.
2171 1776 2402 1834 Stieren
2434 1797 2490 1853 p.
2527 1781 2672 1835 370.

224 1884 284 1936 Α.
310 1899 359 1958 q.
386 1900 442 1939 v.
474 1900 531 1939 n.
564 1881 965 1952 Feuardentii,
998 1882 1071 1939 ad
1102 1882 1163 1939 h.
1197 1881 1237 1939 l.
1270 1882 1359 1939 ed.
1386 1881 1527 1939 Ben.
1554 1882 1690 1939 Par.
1725 1881 1811 1952 II,
1843 1886 1987 1939 806.
2020 1900 2065 1938 s.
2090 1882 2332 1951 Justini,
2363 1880 2502 1939 dial.
2538 1899 2672 1939 cum

222 1982 410 2061 Tryph.
430 2005 485 2043 n.
508 1990 610 2042 91.
629 2005 687 2061 Ρ.
709 1990 783 2042 31
798 1990 855 2044 6.
876 1989 1020 2043 318.
1043 1984 1174 2043 coll.
1193 2005 1255 2043 n.
1280 1991 1307 2043 1
1324 1990 1351 2042 1
1366 1991 1393 2043 1
1408 2030 1421 2043 .
1444 2006 1501 2061 p.
1522 1990 1668 2044 372.
1701 1986 2072 2057 Tertulliani,
2093 1986 2226 2043 adv.
2241 1986 2524 2044 Marcion.
2545 1985 2668 2055 III,

228 2094 303 2146 18.
332 2108 383 2165 p.
418 2094 555 2148 133.
618 2091 703 2147 M.
736 2090 982 2148 Minutii
1028 2090 1259 2162 Felicis,
1303 2092 1367 2148 in
1406 2091 1652 2150 Octavio
1683 2110 1732 2149 c.
1769 2096 1870 2149 29.
1903 2111 1960 2167 Ρ.
1988 2095 2089 2149 41.
2151 2089 2382 2166 Quippe
2425 2092 2670 2167 scripto-

220 2212 329 2251 rum
366 2195 483 2252 eius
525 2197 679 2265 aevi,
726 2214 843 2273 quo
886 2194 995 2253 hoc
1040 2196 1314 2271 supplicii
1361 2215 1543 2269 genus
1586 2196 1780 2254 adhuc
1825 2196 2097 2274 frequens
2145 2201 2271 2253 erat
2317 2196 2666 2267 testimonia,

220 2300 321 2354 sine
364 2300 535 2356 dubio
586 2301 665 2356 iis
682 2343 696 2370 ,
770 2318 919 2377 quae
972 2304 1232 2358 auctores
1286 2305 1415 2376 post
1460 2299 1742 2358 abolitam
1792 2302 1980 2359 crucis
2033 2320 2276 2377 poenam
2337 2301 2667 2377 perhibent,

220 2402 437 2481 adeoque
462 2408 521 2461 et
547 2424 595 2461 s.
620 2403 905 2477 Gregorio
934 2423 1024 2480 ep.
1050 2404 1286 2476 Turon.,
1312 2406 1383 2462 de
1412 2404 1617 2463 Gloria
1647 2410 1976 2481 martyrum
2008 2405 2059 2475 I,
2099 2408 2157 2463 5.
2185 2410 2241 2463 6.
2275 2406 2362 2463 ed.
2390 2405 2664 2463 Ruinart.

222 2506 331 2563 Par.
362 2513 539 2566 1699.
572 2528 631 2584 p.
674 2513 816 2567 725.
848 2528 894 2565 s.
934 2510 1145 2567 merito
1174 2510 1603 2585 praeferuntur.
1667 2510 1996 2568 Secundum
2025 2510 2212 2585 igitur
2239 2509 2373 2568 illos
2403 2512 2668 2569 constitit

220 2630 246 2665 e
282 2612 448 2670 tribus
482 2612 663 2687 lignis
676 2658 689 2684 ‚
741 2632 991 2691 quorum
1029 2616 1287 2689 primum
1326 2616 1479 2693 quod
1520 2616 1772 2673 cruciale
1802 2620 2015 2673 vocant
2031 2660 2046 2686 ,
2089 2620 2280 2673 erecta
2309 2616 2562 2673 statione
2601 2616 2666 2673 in

219 2719 403 2774 tertam
445 2718 841 2792 defigebatur3
891 2719 1143 2777 alterum
1191 2738 1227 2777 a
1242 2738 1283 2777 n
1299 2725 1325 2777 t
1340 2738 1373 2776 e
1388 2740 1429 2777 n
1445 2739 1486 2777 n
1502 2739 1539 2777 a
1552 2738 1584 2777 e
1627 2739 1840 2777 nomen
1879 2725 1940 2777 et
1985 2721 2233 2796 speciem
2272 2721 2526 2794 gerebat,
2571 2720 2666 2777 cui

220 2822 437 2878 extensis
466 2823 725 2880 brachiis
775 2842 985 2880 manus
1014 2824 1267 2899 adpendi
1295 2822 1575 2901 affigique
1612 2824 1908 2895 solebant3
1948 2826 2192 2883 tertium
2237 2824 2434 2895 sedile,
2482 2844 2665 2903 equu-

220 2922 335 2995 leus,
362 2932 480 2984 erat
500 2927 567 2983 in
590 2926 783 2984 medio
812 2926 1017 2985 crucili
1048 2927 1402 3003 prominens,
1436 2932 1497 2985 et
1518 2946 1744 3003 corpus,
1770 2947 1844 2985 ne
1861 2930 2052 3005 ruptis
2082 2928 2179 2987 vel
2207 2929 2424 2988 laxatis
2453 2930 2668 3006 pedum
2729 2936 2737 2941 “

221 3046 535 3089 manuumve
564 3030 907 3090 tendinibus
936 3036 1151 3101 rueret,
1188 3036 1538 3089 sustentans.

390 3136 625 3191 scabelli
666 3138 755 3190 vel
797 3138 1150 3207 mppedanei,
1194 3139 1345 3207 quod
1380 3137 1435 3193 J.
1482 3136 1793 3207 Gramma,
1840 3140 1908 3193 de
1937 3156 1982 3196 ε.
2024 3136 2194 3193 Omne
2225 3140 2272 3207 Ι,
2305 3142 2399 3196 24.
2435 3141 2519 3195 ed.
2563 3138 2668 3209 Op.

220 3234 397 3295 Rafiah.
428 3242 591 3294 1734.
626 3246 749 3294 tom.
780 3240 828 3309 I,
857 3243 955 3297 36.
991 3248 1043 3295 ct
1086 3242 1190 3296 alii
1226 3242 1579 3311 substituant,
1624 3244 1777 3313 apud
1825 3242 2045 3298 Veteres
2087 3260 2185 3297 nec
2211 3244 2408 3297 mentio
2437 3242 2522 3312 fit,
2567 3260 2666 3297 neo

222 3356 331 3394 mc
362 3344 591 3412 probari
623 3350 828 3414 potest.
916 3345 1129 3408 Quibus
1171 3347 1429 3400 addimus
1460 3348 1685 3402 eandem
1727 3363 1796 3400 ac
1839 3364 1882 3403 ε.
1909 3347 2140 3417 Irenaei,
2182 3364 2227 3404 ε.
2251 3346 2476 3414 Justini,
2533 3346 2665 3401 Ter-

221 3444 403 3500 tulliam·
442 3455 491 3502 et
520 3448 755 3502 M'mutii
782 3448 989 3503 Felicio
1032 3450 1069 3505 l.
1105 3468 1193 3517 c.;
1246 3451 1409 3505 etiam
1447 3468 1491 3506 ε.
1530 3450 1787 3523 Grcyorii
1816 3450 2070 3522 Nyseeni,
2117 3451 2176 3506 in
2212 3449 2413 3505 clamasti
2455 3466 2662 3508 resurr.

222 3563 282 3604 or.
306 3550 347 3605 Ι.
377 3550 475 3621 ΙΠ,
511 3554 651 3609 624.
711 3550 927 3607 Sedulii
959 3556 1230 3624 presbyt„
1262 3572 1429 3611 carm,
1461 3556 1495 3611 l.
1538 3554 1601 3611 V.
1636 3556 1721 3612 ed.
1759 3556 1940 3627 Luqd.
1963 3572 2026 3625 Ρ.
2061 3557 2199 3611 202.
2257 3573 2300 3609 ε.
2325 3556 2664 3627 Hieronymi,

218 3666 368 3709 comm,
406 3654 463 3709 in
508 3654 645 3710 Osee
690 3658 788 3726 12,
838 3659 893 3712 9.
953 3656 1045 3727 VI,
1085 3660 1202 3712 131.
1264 3676 1307 3713 ε.
1338 3658 1650 3730 Auymtim',
1693 3678 1771 3729 ep.
1817 3662 1914 3715 55.
1951 3661 2028 3713 ad
2071 3660 2318 3730 inquisit.
2378 3660 2662 3717 Januarii.

223 3770 255 3809 e.
280 3760 353 3813 14.
382 3760 453 3828 Π,
484 3762 613 3816 137.
646 3762 707 3815 in
736 3762 835 3817 Pa.
872 3765 1001 3818 103.
1035 3778 1153 3817 ean.
1185 3780 1341 3819 sem.
1376 3764 1419 3832 I,
1451 3766 1537 3817 14.
1570 3763 1674 3831 IV,
1703 3767 1834 3819 140.
1899 3762 1958 3821 S.
1990 3764 2223 3819 Paulini
2250 3766 2397 3833 Nol„
2439 3780 2520 3834 ep.
2557 3764 2660 3821 XI.

222 3860 279 3913 ad
300 3862 467 3920 Seuer.
496 3866 557 3918 in
586 3864 735 3920 Bibl.
781 3864 895 3921 Vct.
933 3866 1092 3922 Patr.
1135 3866 1321 3924 Gelon.
1363 3867 1423 3924 V.
1453 3871 1499 3937 1,
1530 3870 1660 3922 167.
1699 3886 1742 3922 ε.
1800 3868 1858 3925 S.
1882 3869 2091 3923 Isidori
2119 3869 2278 3939 ΗίσΡ.
2315 3886 2417 3939 ep„
2450 3876 2661 3940 quaest.

222 3960 263 4015 ἐι
292 3964 391 4022 Vct.
430 3966 573 4023 Test.
606 3969 667 4023 in
696 3968 731 4021 l.
762 3968 898 4026 Jud.
941 3970 1001 4037 V,
1036 3972 1091 4027 8.
1136 3970 1197 4039 V,
1229 3972 1365 4028 384.
1397 3973 1522 4027 coll.
1565 3989 1611 4028 s.
1655 3970 1942 4045 Grcqorio,
1982 3973 2192 4028 Moral.
2231 3974 2420 4026 XXX.
2451 3975 2512 4028 in
2542 3990 2662 4042 cap.

222 4066 295 4121 39.
324 4070 369 4125 b.
400 4070 525 4129 Job.
558 4074 655 4143 24,
695 4074 785 4128 74.
818 4074 865 4140 I,
892 4074 1033 4129 990.
1074 4092 1117 4127 ε.
1147 4074 1365 4129 Joanne
1393 4076 1759 4145 Damascene,
1792 4076 1858 4131 de
1877 4075 1994 4146 fide
2025 4077 2162 4133 ort-h.
2190 4076 2292 4145 IV,
2323 4079 2403 4133 11.
2428 4094 2489 4146 Ρ.
2520 4078 2659 4131 266.

224 4168 273 4221 de
308 4188 451 4228 mee
506 4176 737 4231 Domini
788 4184 1009 4232 mentem
1053 4178 1239 4247 fuisse
1256 4199 1279 4246 ,·
1336 4196 1503 4250 quam
1560 4180 1858 4249 defendant
1915 4181 2078 4235 etiam
2125 4181 2329 4237 Joann.
2379 4180 2663 4251 Molonem,

226 4271 341 4331 ΗΜ.
370 4294 410 4334 e.
438 4280 653 4353 ionaqn'n.
692 4281 801 4349 III,
834 4284 931 4336 27.
955 4300 1015 4352 Ρ.
1053 4284 1191 4340 283.
1224 4284 1309 4341 ed.
1338 4283 1395 4340 J.
1422 4286 1495 4340 N.
1530 4286 1774 4355 Paquot,
1807 4284 2001 4355 Suppl.
2036 4286 2113 4339 ad
2140 4284 2243 4353 IV,
2276 4288 2330 4341 4.
2354 4303 2416 4355 Ρ.
2452 4288 2588 4342 424.
2615 4304 2660 4341 ε.

226 4375 527 4437 doctissimus
562 4386 807 4439 Praeeul
853 4385 1219 4457 Abrincensie,
1265 4390 1554 4446 demonstr.
1596 4406 1678 4445 ev.
1710 4406 1876 4459 prop.
1927 4389 2032 4461 IX,
2074 4390 2206 4457 127,
2249 4392 2302 4447 4.
2337 4406 2402 4459 Ρ.
2447 4392 2584 4445 524.
2615 4408 2661 4446 ε.

226 4478 429 4539 &adan
456 4488 693 4543 admittit
720 4488 777 4543 J.
810 4489 885 4545 Η.
919 4488 1107 4561 Serv-y,
1138 4492 1354 4546 aweit.
1386 4492 1453 4545 de.
1490 4491 1706 4547 Christo
1738 4492 1892 4563 LIV,
1927 4495 1981 4546 6.
2003 4510 2063 4562 Ρ.
2098 4494 2272 4561 197.,·
2313 4512 2412 4548 nec
2456 4495 2665 4563 respuit

225 4580 505 4645 Benedictus
546 4592 708 4662 XIV,
747 4594 817 4648 de
833 4592 1005 4662 sestis
1034 4594 1109 4647 D.
1143 4594 1215 4652 N.
1245 4594 1300 4651 J.
1344 4594 1403 4651 0.
1438 4596 1483 4651 Ῑ.
1524 4598 1573 4665 7,
1609 4598 1706 4653 86.
1740 4613 1804 4666 Ρ.
1841 4599 1972 4666 88.,·
2004 4598 2216 4667 probat
2257 4598 2315 4654 J.
2356 4598 2427 4656 H.
2462 4598 2662 4653 Fried-
