3267 5259
516 385 642 434 XIV
1233 433 1240 444 .
1298 400 1544 443 Protheofia
1569 401 1616 442 ln
1644 401 1759 443 mat.
1797 401 1902 443 Rev.
1932 401 2033 443 mv.
2062 402 2115 444 N.
2146 402 2194 443 Τ.

519 575 697 625 conati
740 579 867 625 sunt
909 577 1239 641 interpretes.
1299 577 1442 638 Quot
1487 581 1541 626 et
1591 591 1750 642 quam
1796 576 2033 627 diversas
2072 577 2137 627 de
2180 577 2599 643 Evangeliorum
2650 579 2997 629 similitudine

521 667 574 712 et
597 662 1022 712 dissimilitudine
1049 664 1355 728 propositae
1393 663 1590 712 fuerint
1619 665 1975 725 coniecturae,
2012 666 2068 714 in
2092 679 2415 730 unaquaque
2450 681 2494 714 s.
2519 665 2571 714 d.
2595 665 2996 716 Introductione

518 749 581 800 N.
607 751 669 799 Τ.
695 749 901 814 legitur.
951 751 1014 799 V.
1041 750 1136 800 Ad.
1161 749 1346 812 Maier,
1374 750 1515 800 Einl.
1550 751 1604 800 in
1631 749 1717 800 die
1744 749 2007 801 Schriften
2033 751 2083 801 d.
2111 751 2173 800 N.
2199 752 2260 801 T.
2288 751 2434 800 Frib.
2463 754 2613 802 1862.
2650 769 2701 818 p.
2733 755 2813 802 16.
2840 769 2909 816 s.;
2948 758 3001 802 et

519 838 787 901 copiosius
834 837 899 887 de
936 837 1138 900 Wette,
1181 835 1375 886 Lehrb.
1423 837 1474 888 d.
1511 837 1630 887 hist.
1670 837 1802 888 Krit.
1840 838 1983 888 Einl.
2029 839 2084 888 in
2127 838 2213 888 (118
2258 837 2393 887 Κ811.
2440 838 2651 888 Bsscher
2696 839 2789 888 des
2840 841 2902 889 N.
2940 841 2999 890 Τ.

521 923 659 974 Berl.
699 925 849 974 1860.
885 941 935 990 p.
973 926 1090 975 150.
1125 939 1167 974 s.
1224 924 1304 975 cf.
1341 941 1386 974 8.
1420 925 1483 974 L.
1514 924 1566 975 J.
1593 924 1787 988 Rhesa,
1827 925 1893 975 de
1926 929 1991 974 tr.
2028 925 2234 991 Evang.
2270 927 2325 975 in
2364 924 2495 976 Can.
2533 927 2596 976 N.
2633 926 2696 976 T.
2734 943 2813 992 pr.
2851 927 2999 976 fonte

521 1025 586 1062 ac
626 1013 845 1076 origine.
905 1011 1108 1077 Regim.
1150 1013 1299 1063 1829.
1337 1029 1388 1078 p.
1428 1014 1508 1062 11.
1546 1029 1588 1063 s.

724 1101 798 1152 12.
850 1100 1168 1166 Reselluntur
1200 1101 1371 1152 variae
1406 1101 1657 1169 opiniones
1700 1102 1833 1152 circa
1869 1107 2099 1152 mutuam
2134 1099 2519 1169 Evanqeliorum
2554 1102 2681 1152 inter
2716 1119 2765 1153 se
2798 1101 2995 1153 relatio-

517 1203 640 1238 nem.
701 1185 785 1235 Ad
831 1201 930 1236 nos
978 1187 1069 1251 qui
1114 1185 1363 1237 historico
1389 1214 1456 1222 —
1481 1187 1717 1236 criticam
1766 1188 2259 1236 commentationem
2295 1187 2363 1237 de
2398 1187 2547 1237 libris
2585 1189 2648 1236 N.
2685 1187 2746 1236 1⁴¹.
2785 1189 3000 1238 minime

521 1273 819 1334 scribimus,
847 1289 952 1323 non
981 1275 1170 1324 attinet
1194 1273 1430 1339 singulas
1455 1272 1557 1324 hac
1584 1273 1651 1323 de
1676 1275 1987 1339 quaestione
2015 1275 2288 1338 opiniones
2314 1290 2604 1325 recensere.
2644 1275 2705 1325 V.
2725 1275 3001 1342 Maignan,

518 1359 598 1408 les
643 1360 936 1425 Evangiles
983 1364 1036 1410 et
1081 1360 1135 1410 18
1184 1362 1412 1426 critique
1469 1376 1539 1411 au
1583 1361 1728 1412 XIX.
1779 1359 1956 1411 siecle.
2002 1362 2121 1410 Par.
2173 1364 2324 1412 1864.
2397 1361 2639 1412 Sufficiat
2683 1377 2997 1414 commemo-

524 1459 672 1496 rasse
725 1448 894 1512 primo
949 1447 1234 1498 absurdam
1286 1447 1462 1510 illam,
1523 1453 1604 1498 tot
1656 1448 1845 1498 iterum
1900 1453 2111 1514 tamque
2168 1449 2389 1500 diversis
2443 1450 2625 1499 formis
2679 1449 3001 1516 disputatam

525 1534 828 1598 opinionem
895 1533 1010 1595 „de
1069 1535 1455 1600 Evangelio
1517 1535 1915 1600 primitivo“
1980 1537 2312 1586 sententiam.
2389 1535 2615 1586 Omnino
2678 1541 2853 1585 81118111
2916 1552 2999 1586 res

523 1619 591 1669 ad
635 1620 775 1670 idem
823 1621 984 1686 redit3
1033 1623 1146 1671 sive
1181 1637 1344 1672 unum
1380 1627 1584 1686 ponant
1617 1622 1987 1688 Evangelium,
2040 1623 2182 1688 quod
2230 1623 2413 1673 dicunt
2456 1623 2791 1688 primitivum,
2829 1623 2997 1673 literis

521 1705 786 1756 hebraicis
839 1722 880 1756 8.
919 1709 1200 1758 aramaicis
1249 1714 1522 1758 exaratum
1558 1737 1624 1746 —
1662 1710 1739 1758 ita
1782 1710 1841 1758 P.
1879 1709 1940 1760 A.
1986 1708 2145 1759 Gratz
2194 1709 2345 1772 fecit,
2400 1725 2565 1759 neuer
2611 1709 2853 1759 Versuch
2910 1709 2994 1758 die

523 1793 861 1860 Entstehung
897 1793 990 1844 der
1025 1795 1124 1844 Ev.
1163 1811 1226 1844 zu
1266 1794 1528 1845 erkliiren.
1565 1795 1699 1845 Tiib.
1740 1797 1888 1846 1812.
1926 1813 1977 1862 p.
2016 1797 2097 1846 51.
2130 1811 2173 1845 s.
2222 1795 2427 1846 Komm.
2452 1801 2503 1846 fl.
2530 1796 2580 1846 d.
2606 1797 2706 1846 Ev.
2736 1796 2785 1846 d.
2812 1797 3001 1846 Matth.

522 1881 595 1930 ib.
635 1883 785 1931 1821.
832 1881 873 1944 Ι,
912 1883 959 1930 2.
997 1897 1040 1931 8.
1088 1887 1143 1931 81
1186 1881 1276 1931 8111
1313 1909 1405 1945 -,
1447 1883 1558 1932 sive
1606 1883 1763 1948 plura
1809 1881 2013 1948 fingant
2065 1884 2256 1949 partim
2304 1882 2535 1932 hebraea
2578 1885 2767 1948 partim
2806 1898 3003 1948 graeca

522 1968 833 2033 fragmenta,
860 1968 1156 2034 singulares
1182 1969 1249 2019 D.
1270 1969 1334 2018 N.
1354 1969 1405 2019 J.
1427 1968 1483 2019 C.
1511 1968 1761 2020 historias
1786 1971 2121 2021 orationesve
2148 1969 2423 2036 complexa
2442 1971 2604 2019 -ita
2626 1970 2715 2020 Fr.
2737 1968 3001 2020 Schleier-

522 2054 759 2117 macher,
797 2059 849 2105 11.
888 2055 937 2105 (1.
977 2053 1186 2106 Schrift.
1227 2055 1276 2107 d.
1313 2057 1516 2107 Lukas.
1563 2056 1761 2107 Berlin.
1804 2058 1951 2106 1817.
1994 2060 2041 2106 1.
2080 2073 2119 2106 s.
2158 2056 2357 2122 aliique
2382 2075 2476 2120 —3
2514 2058 2647 2105 istae
2694 2056 3001 2123 similesque

523 2140 844 2207 hypotheses
881 2157 1091 2208 semper
1127 2143 1496 2208 reprobandae
1534 2149 1691 2193 erunt
1726 2148 1940 2209 propter
1986 2143 2291 2210 implicitam
2339 2158 2517 2193 earum
2557 2148 2610 2192 et
2646 2143 2801 2193 valde
2838 2150 3000 2194 teme—

523 2230 718 2278 rariam
754 2229 1027 2279 rationem.
1087 2229 1170 2278 En
1210 2235 1547 2296 argumenta:
1601 2247 1647 2279 α.
1686 2230 2017 2280 desideratur
2053 2230 2209 2280 huius
2248 2230 2391 2296 quod
2436 2231 2709 2296 appellent
2744 2247 3002 2299 ,,πρωτευ-

525 2312 788 2384 αγγέλιονὸ(
833 2317 1112 2380 vestigium
1158 2317 1212 2365 in
1257 2321 1395 2378 tota,
1441 2332 1548 2384 qua
1592 2316 1700 2367 late
1744 2323 1893 2383 patet
1940 2318 2287 2382 antiquitate3
2338 2314 2549 2383 β.(111κ1
2596 2317 2680 2367 vel
2716 2319 3003 2384 Apostolos

523 2402 611 2452 vel
657 2402 791 2454 alios
841 2403 1129 2468 discipulos
1179 2419 1390 2454 movere
1439 2405 1725 2469 potuisset,
1776 2410 1835 2454 ut
1870 2405 1977 2454 tale
2014 2407 2127 2455 sive
2162 2404 2293 2454 talia
2337 2403 2695 2470 relinquerent
2734 2407 3003 2470 primitiva

523 2491 882 2540 monimenta?
930 2489 1062 2540 Cum
1099 2508 1145 2558 γ.
1183 2491 1238 2540 in
1277 2491 1518 2542 omnibus
1557 2493 1939 2558 cuiuscumque
1977 2492 2135 2542 rebus
2172 2485 2226 2541 τὸ
2256 2491 2479 2557 simplex
2514 2493 2701 2541 merito
2739 2491 2999 2542 habeatur

523 2576 773 2626 indicium
811 2577 952 2640 νοτὶς
990 2579 1148 2626 etiam
1173 2580 1228 2626 in
1253 2577 1355 2627 hac
1392 2579 1705 2643 quaestione
1744 2594 1849 2644 quo
1874 2579 2216 2644 paucioribus
2253 2578 2624 2628 indulserimus
2662 2580 2998 2641 coniecturis,

526 2665 845 2729 parciusque
882 2663 1238 2715 laxaverimus
1273 2664 1590 2714 luxuriantis
1629 2666 1825 2730 ingenii
1863 2666 2040 2725 frena,
2080 2681 2143 2715 eo
2180 2666 2397 2730 propius
2436 2679 2469 2714 a
2506 2667 2577 2714 rei
2614 2667 2839 2714 veritate
2878 2683 2998 2715 cen-

525 2751 759 2801 sebimur
795 2751 1002 2800 abesse.
1051 2751 1394 2816 Reliquarum
1421 2757 1598 2802 autem
1633 2756 1743 2802 tres
1779 2751 2079 2802 adscribere
2119 2753 2395 2818 opiniones
2420 2753 2585 2802 iuvat.
2641 2752 2740 2801 Vel
2778 2755 3001 2802 sumitur

527 2837 904 2903 Evangelistas
931 2853 959 2887 e
996 2839 1134 2888 suis
1169 2839 1446 2887 invicem
1485 2840 1875 2888 commentariis
1897 2867 1962 2875 -
1984 2853 2121 2905 quae
2148 2840 2411 2889 sententia
2440 2841 2625 2889 rursus
2647 2839 2837 2904 triplex
2865 2841 2997 2906 ipsa,

523 2930 682 2990 prout
717 2924 830 2975 sive
865 2923 1122 2974 Matthaei
1159 2926 1271 2975 sive
1307 2925 1501 2987 Marci,
1539 2926 1653 2975 sive
1688 2926 1871 2975 Lucae
1907 2925 2261 2991 Evangelium
2297 2926 2691 2992 primoprimum
2732 2927 2996 2978 existima-

522 3017 610 3061 tur
634 3029 728 3075 ——3
765 3011 850 3062 vel
884 3027 913 3062 e
939 3013 1201 3062 communi
1237 3011 1382 3062 fonte
1419 3027 1588 3077 eoque
1626 3013 1854 3078 seript03
1893 3017 1986 3062 aut
2021 3027 2130 3062 ore
2166 3018 2531 3078 propagato
2567 3012 2826 3064 hausisse.
2874 3014 2995 3064 Jam

524 3113 650 3148 vero
702 3098 831 3163 quid
878 3098 944 3148 de
993 3098 1194 3162 ordine,
1247 3114 1353 3164 quo
1397 3115 1456 3150 se
1497 3099 1802 3165 exceperint
1838 3115 1879 3150 8.
1909 3099 2204 3165 Scriptores
2245 3099 2531 3149 tenendum
2580 3101 2662 3162 sit,
2703 3101 2997 3151 rationibus

525 3187 748 3236 internis
785 3185 973 3236 confici
1011 3187 1222 3251 nequit3
1259 3187 1488 3236 maxima
1524 3187 1663 3235 enim
1700 3186 1917 3236 licentia
1954 3191 2005 3236 et
2042 3188 2336 3236 temeritate
2373 3187 2515 3236 viros
2552 3188 2763 3237 criticos
2798 3188 2854 3236 in
2892 3203 3001 3238 una

527 3273 820 3338 eademque
857 3272 1170 3338 quaestione
1196 3289 1260 3323 ex
1287 3273 1444 3322 animi
1471 3274 1551 3323 sui
1578 3273 1843 3323 sententia
1869 3279 1922 3323 et
1945 3273 2245 3323 huiusmodi
2272 3275 2593 3338 argumentis
2618 3275 2839 3324 internis
2867 3275 2998 3324 alios

525 3359 679 3409 aliter
715 3361 981 3423 statuisse,
1019 3375 1192 3426 neque
1227 3361 1480 3424 ignotum,
1519 3375 1694 3425 neque
1740 3360 2037 3410 mirandum
2074 3365 2169 3410 est.
2196 3387 2262 3398 —-
2288 3361 2561 3424 Legantur
2596 3375 2641 3409 e.
2680 3377 2725 3409 c.
2764 3359 2997 3427 disputa—

523 3449 724 3497 tiones:
762 3447 958 3509 Wilke,
998 3447 1092 3496 der
1126 3446 1502 3512 Urevangelist
1537 3463 1584 3497 o.
1613 3463 1693 3497 ex.
1719 3447 1811 3496 Kr.
1838 3447 2051 3497 Unters.
2078 3463 2129 3496 u.
2157 3445 2206 3496 d.
2234 3447 2842 3497 Verwandschaftsverh.
2872 3448 2921 3498 d.
2948 3449 2997 3499 d.

525 3551 570 3584 8.
598 3535 698 3584 Er.
723 3533 914 3585 Dresd.
944 3535 1093 3584 1838.
1131 3549 1182 3599 p.
1219 3535 1302 3584 36.
1335 3551 1375 3584 s.
1413 3535 1530 3584 684.
1557 3549 1598 3583 s.
1648 3534 1717 3583 H.
1744 3533 1949 3596 Ewald,
1984 3535 2039 3583 in
2074 3535 2184 3583 suis
2222 3548 2342 3583 ann.
2377 3534 2419 3594 I,
2459 3536 2574 3583 113.
2609 3550 2651 3584 8.
2698 3534 2767 3596 II,
2807 3537 2922 3584 180.
2958 3552 2998 3585 8.

523 3621 621 3684 ΙΙΙ,
659 3623 774 3671 140.
811 3637 852 3671 8.
891 3621 1016 3670 item
1051 3620 1136 3670 die
1165 3619 1588 3684 johanneischen
1626 3620 1892 3670 Schriften
1929 3621 2104 3671 iibers.
2130 3637 2181 3670 u.
2210 3621 2339 3670 erkl.
2378 3619 2519 3670 Gett.
2548 3621 2697 3671 1861.
2736 3621 2776 3683 Ι,
2804 3623 2924 3671 221.
2953 3623 2998 3671 7.

527 3709 610 3758 34.
656 3707 726 3770 ΙΙ,
762 3709 879 3757 361.
913 3735 979 3744 -—-
1014 3707 1093 3756 Ne
1139 3707 1298 3772 igitur
1343 3707 1639 3758 rationibus
1676 3723 1705 3756 e
1742 3724 1935 3773 genere
1972 3708 2179 3758 interno
2216 3709 2271 3756 in
2308 3723 2462 3757 omne
2506 3708 2779 3757 arbitrium
2817 3709 2999 3758 iudicii

527 3809 802 3860 perperam
841 3794 1179 3859 abripiamur,
1218 3809 1436 3844 necesse
1475 3799 1556 3844 est
1590 3793 1779 3844 relicta
1812 3795 1906 3844 illa
1940 3793 2253 3859 probatione
2292 3809 2357 3843 ex
2394 3793 2592 3857 altera3
2639 3809 2775 3859 quae
2814 3797 3000 3845 nititur

527 3882 840 3947 colligendis
887 3881 1222 3931 monimentis
1267 3881 1560 3941 veteribus,
1609 3896 1717 3930 rem
1764 3881 2063 3931 decernere.
2125 3881 2328 3930 Eadem
2376 3879 2427 3930 S.
2466 3881 2519 3931 S.
2556 3881 2615 3931 P.
2654 3881 2712 3930 P.
2752 3887 2805 3931 et
2842 3881 2895 3931 S.
2934 3883 2997 3932 E.

525 3970 825 4018 testimonia
874 3966 925 4016 S.
953 3967 1186 4030 11811881,
1227 3967 1498 4033 Origenis,
1535 3968 1787 4030 Eusebii‚
1826 3967 1876 4017 S.
1905 3967 2222 4033 Epiphanii,
2268 3967 2319 4016 S.
2351 3967 2578 4017 Joannis
2618 3967 2996 4034 chrysostomi,

525 4055 576 4105 S.
590 4055 899 4120 Hieronymi
920 4061 972 4104 et
992 4055 1043 4104 S.
1058 4055 1366 4121 Augustini3
1388 4069 1524 4120 quae
1544 4055 1957 4120 Evangeliorum
1978 4054 2302 4104 authentiam
2324 4053 2685 4120 comprobant,
2706 4057 2819 4120 pari
2842 4056 2999 4104 modo

525 4143 914 4201 demonstrant:
974 4141 1486 4207 Evangeliorum
1547 4141 1951 4207 Scriptores,
2013 4156 2084 4190 eo
2146 4156 2330 4206 quem
2390 4141 2453 4190 in
2510 4139 2773 4191 Canone
2831 4158 2999 4192 nunc

524 4233 752 4280 tenent
794 4229 1046 4292 ordine,
1096 4229 1430 4280 volumina
1471 4244 1586 4279 8118
1633 4228 1942 4279 edidisse.
2003 4227 2103 4278 His
2146 4227 2501 4293 suffragantur
2544 4227 2772 4279 Codices
2816 4245 2996 4280 manu-

523 4317 731 4382 scripti,
783 4319 872 4381 qui
921 4317 1107 4382 paucis
1156 4315 1343 4365 demtis
1391 4317 1560 4381 primo
1609 4315 1809 4365 habent
1856 4330 1896 4364 s.
1934 4314 2286 4377 Matthaeum,
2336 4314 2525 4364 deinde
2580 4331 2619 4364 s.
2658 4315 2897 4366 Marcum
2948 4323 3000 4365 et

524 4419 566 4454 s.
591 4403 818 4466 Lucam3
855 4403 1068 4452 tandem
1106 4419 1147 4453 s.
1173 4403 1454 4464 Joannern,
1491 4401 1632 4468 quod
1657 4406 1853 4452 temere
1879 4418 1985 4452 non
2018 4401 2225 4450 accidit.
2278 4401 2433 4451 Certe
2467 4416 2672 4451 summa
2696 4402 2745 4451 d.
2772 4403 2998 4452 Joannis

524 4490 811 4540 auctoritas
839 4491 1021 4552 suasit,
1052 4494 1112 4539 ut
1133 4491 1306 4556 ipsum
1333 4504 1373 4538 s.
1399 4488 1726 4539 Matthaeum
1764 4488 2121 4554 praecederet,
2160 4487 2353 4537 nedum
2392 4503 2433 4538 8.
2460 4503 2500 4537 s.
2528 4487 2711 4539 Marco
2738 4495 2793 4539 et
2816 4491 2999 4540 Lucae

523 4581 947 4642 postponeretur.
