3267 5259
605 420 733 483 322
1347 432 1463 473 πω.
1491 432 1599 473 Rev.
1628 430 1720 474 «nv.
1749 430 1918 474 renos.
1945 430 2003 473 11.
2025 442 2117 483 ap.
2145 432 2344 483 primun.

610 604 938 692 Splendor
990 606 1249 669 interim
1302 607 1591 669 veritatis
1641 615 1707 669 et
1749 604 2213 691 prodigiorum,
2270 604 2362 667 uti
2407 602 2747 689 pavendus
2789 600 3045 665 Ananiae

610 727 675 782 et
744 716 1057 803 Saphirae
1128 740 1351 802 casus,
1422 718 1834 782 adversarios
1892 715 2362 803 Apostolorum
2430 714 2596 780 adeo
2643 713 2938 801 perculit3
2995 724 3053 777 ut

608 830 819 895 nullus
880 854 1105 896 eorum
1166 854 1235 895 se
1295 830 1417 895 illis
1476 832 1748 916 iungere
1767 881 1783 914 ,
1845 840 1959 894 aut
2019 852 2168 894 eum
2227 828 2348 893 illis
2411 828 2741 915 disputare
2799 826 3052 891 auderet.

609 943 899 1029 Populus
932 954 1152 1009 autem
1182 946 1247 1007 vi
1278 942 1387 1008 illa
1434 942 1714 1029 Spiritus
1745 942 1987 1026 Sancti,
2021 964 2191 1029 quae
2224 964 2294 1006 se
2327 964 2551 1006 eorum
2584 964 2698 1006 ore
2729 939 3057 1027 promebat,

612 1066 860 1142 captus,
892 1059 1136 1122 nemini
1167 1066 1629 1144 praeterquam
1663 1055 1996 1143 Apostolis
2027 1078 2217 1120 aures
2249 1053 2724 1120 accomodabat
2746 1058 2785 1117 ¹.
2825 1051 3058 1117 Nullum

609 1191 847 1233 aevum
905 1192 983 1234 eo
1045 1168 1506 1233 miraculorum
1570 1170 1852 1233 feracius
1863 1219 1879 1252 ,
1943 1190 2072 1254 quo
2137 1190 2363 1232 omnes
2415 1166 2586 1231 malo
2646 1167 2862 1229 affecti
2905 1187 3058 1229 cura-

611 1281 882 1347 bantur:
929 1281 1279 1347 luminibus
1328 1280 1650 1368 siquidem
1697 1282 1942 1346 orbatis
1985 1282 2182 1365 visus,
2232 1279 2478 1345 claudis
2522 1279 2864 1361 rectitud0‚
2899 1300 3058 1365 pars·

608 1394 821 1479 lyticis
865 1395 1154 1477 firmitas,
1201 1393 1662 1480 languentibus
1707 1396 1876 1459 vires
1907 1392 2240 1477 redditae3
2283 1416 2418 1459 non
2462 1414 2812 1479 corporum
2847 1401 3060 1455 attactu

614 1506 823 1571 solum
882 1506 1001 1573 sed
1056 1507 1372 1572 adiutrice
1433 1508 1611 1572 Petri
1673 1508 1939 1591 umbra,
2005 1530 2173 1593 quae
2235 1508 2288 1571 si
2348 1515 2654 1591 aegrotos
2703 1506 3061 1589 contigisset,

614 1620 828 1683 statim
872 1619 1165 1684 iacentes
1212 1619 1509 1704 erigebat
1526 1622 1567 1684 2.
1633 1618 1938 1705 Synedrii
1987 1642 2146 1684 vero
2191 1641 2498 1704 proceres
2545 1615 3062 1703 quemadmodum

614 1730 890 1795 antehac
915 1733 982 1795 in
1006 1731 1352 1816 Christum,
1388 1734 1479 1797 sic
1510 1734 1577 1797 in
1609 1735 1747 1798 eius
1779 1732 2129 1818 discipulos
2160 1732 2502 1796 immanius
2533 1732 2846 1795 feruntur.
2903 1728 2979 1793 Ut
3002 1750 3061 1791 se

615 1866 881 1930 operam
926 1844 1205 1931 perdere
1255 1857 1551 1929 cernunt,
1600 1845 1885 1932 Caiphas
1917 1868 2206 1910 summus
2237 1844 2545 1910 sacerdos
2576 1854 2644 1909 et
2677 1840 3062 1908 Sadducaeo-

612 1980 757 2023 rum
811 1960 936 2044 ipsi
993 1958 1487 2023 adhaerentium
1547 1958 1922 2045 collegium,
1980 1981 2256 2044 quorum
2313 1958 2532 2023 odium
2591 1980 2858 2024 movere
2912 1956 3063 2019 Petri

613 2070 955 2153 miracula,
1022 2094 1247 2135 omnes
1302 2070 1659 2157 Apostolos
1719 2073 1972 2136 iniectis
2024 2070 2300 2136 vinculis
2361 2073 2748 2136 constrictos
2801 2068 3066 2134 custodia

615 2184 934 2248 froenant.
997 2181 1238 2268 Angeli
1270 2194 1487 2248 autem
1517 2186 1872 2251 ministerio
1907 2186 2133 2270 erepti,
2181 2184 2335 2249 dum
2379 2194 2646 2270 postera
2679 2183 2828 2247 luce
2859 2180 3064 2247 Christi

614 2318 855 2361 nomen
892 2294 1117 2382 ‚palam
1166 2296 1487 2383 intrepide
1534 2298 1600 2362 in
1632 2296 1907 2384 Templo
1956 2297 2360 2384 praedicant,
2405 2319 2660 2361 rursum
2699 2296 2958 2361 adducti
2997 2292 3064 2356 ad

614 2408 988 2494 synedrium
1049 2432 1313 2473 causam
1388 2410 1605 2475 dicere
1667 2410 1974 2475 iubentur
2035 2434 2254 2475 coram
2320 2419 2550 2475 coacto
2611 2420 2861 2475 senatu.
2939 2407 3066 2471 Hoc

614 2544 771 2585 sane
816 2522 1114 2608 prodigio
1150 2522 1435 2608 synedrii
1468 2546 1649 2589 error
1693 2523 1884 2588 evelli
1924 2522 2167 2605 debuit,
2215 2521 2332 2587 sed
2363 2522 2528 2587 dura
2557 2521 3066 2587 Sadducaeorum

614 2643 883 2719 pectora
934 2637 1275 2699 veritatem
1332 2657 1465 2700 non
1522 2635 1987 2719 admittebant,
2039 2638 2260 2722 itaque
2317 2634 2690 2700 rebellionis
2748 2643 2816 2698 et
2867 2642 3066 2697 contu-

612 2750 863 2811 maciae
932 2747 1267 2833 postulant
1332 2746 1710 2834 Apostolos.
1811 2748 1976 2813 Cum
2039 2758 2466 2833 arguerentur
2524 2749 2726 2833 spreti
2783 2744 3068 2823 mandati,

615 2884 663 2923 s.
688 2860 923 2924 Petrus
955 2883 1073 2946 pro
1115 2862 1349 2925 ceteris
1394 2884 1477 2924 ex
1518 2884 1702 2926 more
1735 2860 1822 2925 ad
1854 2860 2010 2925 faeti
2048 2861 2362 2925 vindicias
2401 2882 2642 2945 magna
2679 2860 2873 2923 animi
2903 2858 3068 2923 liber-

614 2982 744 3036 tate
779 2972 944 3036 dixit
966 2976 1007 3035 ³.
1068 2972 1247 3037 Petri
1279 2996 1579 3038 sermone
1616 2996 1902 3038 summas
1936 2983 2322 3038 exarserunt
2350 2974 2416 3037 in
2445 2975 2593 3037 iras.
2654 2972 2790 3037 Eos
2825 2978 3069 3035 cunctos

614 3087 759 3148 neci
808 3084 984 3168 dare,
1032 3096 1099 3149 et
1143 3088 1395 3150 animus
1443 3096 1507 3150 et
1546 3086 1884 3151 eonsilium
1930 3086 2085 3169 fuit3
2134 3088 2257 3149 nisi
2297 3085 2662 3151 Gamaliel⁴
2705 3086 2806 3149 vir
2835 3085 3070 3169 sapiens

616 3196 967 3262 obstitisset
986 3202 1027 3262 ⁵.
1105 3199 1414 3264 Judicum
1470 3202 1535 3262 in
1592 3209 1888 3263 extrema
1941 3198 2389 3264 inclinantium
2443 3200 2695 3263 animos
2753 3191 3069 3271 Gramaliel²

825 3472 861 3539 ¹)
897 3472 961 3522 In
1006 3473 1213 3538 porticu
1259 3479 1437 3523 autem
1482 3472 1783 3523 Salomonis
1827 3473 2157 3539 frequentius
2205 3473 2541 3535 visebantur,
2591 3472 2754 3521 facile
2791 3468 2929 3535 quod
2963 3480 3070 3533 pars

611 3557 706 3607 illa
752 3558 959 3624 Templi
1006 3561 1249 3609 omnibus
1293 3560 1513 3610 Judaeis
1563 3575 1732 3626 aeque
1779 3575 1844 3609 ac
1893 3558 2195 3610 Gentilibus
2241 3562 2463 3625 pateret.
2529 3558 2593 3608 V.
2627 3558 2697 3607 H.
2731 3558 2796 3607 R.
2833 3558 2899 3606 D.
2929 3556 2986 3603 V.
3018 3552 3072 3601 Τ.

614 3661 666 3709 p.
700 3646 819 3695 497.
892 3644 932 3711 ²)
975 3647 1091 3695 Act.
1131 3648 1179 3709 5,
1216 3648 1435 3699 11—16.
1510 3646 1549 3711 ³)
1590 3646 1742 3697 Haec
1789 3647 2042 3712 imprimis
2089 3646 2279 3695 effatus
2325 3651 2431 3695 est:
2477 3644 2694 3695 obedire
2733 3646 2936 3709 oportet
2967 3642 3072 3690 Deo

612 3732 797 3796 magist,
837 3747 993 3797 quam
1018 3732 1336 3796 hominibus,
1376 3734 1465 3799 qui
1490 3733 1677 3783 Jesum
1703 3748 1738 3783 a
1761 3734 1914 3783 vobis
1949 3734 2004 3781 in
2033 3748 2244 3782 crucem
2281 3738 2458 3782 actum
2482 3748 2512 3781 e
2543 3732 2765 3781 mortuis
2801 3728 3072 3785 suscitavit,

613 3832 677 3867 ac
718 3818 1021 3882 Principem
1064 3824 1117 3868 et
1158 3818 1488 3869 Salvatorem
1533 3820 1822 3869 constituit.
1895 3818 1994 3868 His
2041 3819 2267 3885 aliisque
2313 3824 2423 3868 tum
2462 3818 2660 3867 Christi
2697 3817 2942 3883 gloriam,
2973 3818 3074 3862 tum

612 3906 847 3969 ipsorum
882 3906 939 3954 in
962 3904 1106 3954 illum
1135 3905 1367 3955 admissa
1403 3906 1624 3954 crimina
1650 3920 1921 3971 exponens
1947 3906 2232 3970 peroravit.
2293 3906 2334 3971 ⁴)
2375 3904 2538 3955 Cuius
2575 3904 2842 3969 sapientia
2875 3906 3074 3950 senatus

611 3992 911 4057 regebatur.
986 3993 1024 4057 ι5)
1074 3992 1307 4058 Surgens
1361 3993 1524 4058 Legis
1573 3992 1788 4055 doctor,
1838 4008 1994 4058 quem
2041 3996 2184 4043 totus
2233 3990 2466 4058 populus
2511 3992 2569 4040 in
2615 3990 2787 4057 pretio
2840 3987 3074 4044 habebat,

612 4084 772 4145 atque
819 4080 1011 4129 iubens
1064 4081 1289 4144 primum
1336 4080 1621 4145 Apostolos
1665 4080 1810 4130 foras
1862 4078 1932 4128 ad
1985 4079 2248 4129 modicum
2303 4078 2594 4141 discedere,
2643 4078 2700 4127 in
2748 4076 2878 4126 haec
2921 4073 3076 4124 verba

612 4168 929 4216 sententiam
974 4165 1121 4215 dixit.
1184 4166 1288 4227 Qui
1323 4167 1379 4215 in
1415 4164 1640 4232 pusillos
1687 4166 1927 4216 homines
1974 4170 2181 4215 tantum
2218 4164 2650 4215 exacerbamini?
2708 4164 2966 4225 Quorsum
2997 4159 3074 4207 hic

610 4252 792 4304 furor?
838 4254 893 4302 in
930 4252 1057 4319 quid
1101 4258 1211 4302 tam
1259 4258 1412 4303 atrox
1459 4254 1724 4304 saevitia?
1771 4252 1938 4303 Sinite
1985 4252 2120 4303 illos.
2183 4252 2239 4301 Si
2275 4251 2419 4318 quod
2453 4250 2508 4300 hi
2545 4250 2836 4301 moliuntur
2876 4248 3076 4304 human,

609 4339 811 4404 ingenii
846 4344 949 4401 est,
996 4346 1186 4405 sponte
1224 4339 1383 4390 cadet
1418 4345 1472 4389 et
1506 4342 1679 4405 ipsum
1715 4356 1811 4406 per
1848 4355 1907 4391 se
1943 4338 2292 4403 dissolvetur3
2345 4339 2430 4387 sin
2477 4354 2605 4388 vero
2656 4352 2691 4387 a
2729 4338 2846 4387 Deo
2890 4336 3078 4392 manat,

610 4425 769 4475 nullis
814 4424 1083 4476 hominum
1128 4427 1406 4476 conatibus
1454 4426 1769 4476 destruetur.
1833 4427 2054 4477 Cessate
2089 4442 2158 4475 ne
2195 4426 2332 4476 forte
2369 4430 2424 4475 et
2456 4426 2576 4475 Deo
2613 4438 2908 4490 repugnare
2941 4422 3078 4469 inve-

611 4511 845 4561 nianimi.
894 4512 956 4562 T.
982 4528 1031 4563 o.
1068 4511 1288 4581 ,,μήποτε
1312 4511 1393 4561 καὶ
1414 4508 1649 4583 θεόμαχοι
1682 4508 1965 4580 εὗρεθῆτε“;
1999 4512 2068 4562 ad
2100 4526 2238 4577 quae
2263 4512 2384 4562 vide
2409 4512 2480 4562 M.
2506 4510 2570 4561 F.
2600 4511 2660 4562 C.
2684 4510 2923 4569 But-heri,
2961 4506 3078 4556 diss.

613 4595 679 4645 de
715 4593 975 4665 θεομάχοις
1010 4600 1067 4648 in
1102 4600 1259 4650 Thes.
1292 4600 1365 4650 th.
1402 4600 1488 4666 ph.
1525 4617 1578 4665 p.
1610 4602 1732 4650 431.
1766 4616 1808 4654 s.
