3267 5259
1084 411 1131 453 S.
1152 410 1338 453 Jacobus
1366 410 1398 452 r.
1433 409 1486 452 D.
1515 410 1698 460 eiusque
1724 409 1952 461 epistolae.
2629 393 2760 461 485

285 595 569 670 impetum
599 594 933 652 faciendum
962 594 1117 653 versi
1139 591 1177 665 ¹,
1210 594 1443 651 demum
1473 591 1693 650 Urbem
1724 596 2004 667 ceperunt
2024 587 2067 649 ².
2107 592 2250 649 Mox
2279 591 2759 665 augustissimum

282 698 605 775 Templum,
654 700 875 757 frustra
920 698 1052 783 Tito
1098 700 1397 757 obnitente
1444 696 1726 771 flagravit
1746 694 1788 755 ³.
1839 696 2094 754 Victoris
2149 696 2396 771 imperio
2441 696 2757 752 secundum

283 804 523 861 Domini
574 804 1061 881 praedictionem,
1118 805 1327 862 civitas
1377 802 1497 861 solo
1550 806 1797 879 aequata
1847 807 2112 858 aratrum
2163 801 2232 857 de
2283 818 2442 857 more
2496 800 2753 857 admisit.

282 909 645 967 Christianos
694 908 921 967 nullam
967 911 1031 966 in
1076 909 1187 967 hac
1231 908 1563 967 calamitate
1615 912 1843 982 partem
1895 905 2167 962 habuisse
2213 904 2450 961 Veteres
2495 906 2758 961 tradunt.

284 1014 433 1071 Nam
465 1013 699 1071 sedibus
729 1012 869 1090 suis,
900 1014 1277 1090 obsequentes
1306 1016 1527 1070 monito
1558 1011 1897 1081 Salvatoris,
1925 1009 2150 1068 Pellam
2179 1006 2503 1076 translatis;
2531 1014 2759 1065 mature

283 1118 457 1175 saluti
480 1136 619 1175 suae
644 1117 985 1174 consuluere
1004 1114 1048 1173 ⁴.
1082 1116 1193 1174 Tot
1215 1117 1477 1173 cladibus
1500 1116 1710 1173 affecta
1730 1116 2083 1173 ‚Iudaeorum
2105 1134 2261 1188 gens,
2297 1134 2497 1171 everso
2521 1114 2759 1188 Templo

281 1230 339 1280 et
366 1222 559 1279 deleta
580 1221 755 1293 Urbe,
790 1242 893 1297 per
913 1221 1172 1280 diversas
1194 1221 1367 1279 Orbis
1388 1226 1582 1296 partes
1606 1222 1864 1295 dispersa
1888 1224 1974 1276 est
1995 1217 2042 1288 ⁵3
2077 1219 2294 1296 ubique
2318 1224 2514 1275 tamen
2539 1220 2752 1289 invisa,

280 1346 505 1403 semper
544 1330 740 1402 spreta
764 1323 805 1383 ⁶.

484 1496 735 1563 Diqressio
770 1496 817 1548 d.
855 1496 904 1547 S.
944 1494 1141 1549 Jacobis
1176 1498 1231 1546 in
1268 1497 1499 1548 Historia
1534 1496 1606 1547 N.
1655 1496 1702 1547 T.
1753 1494 1914 1547 obviis.
1971 1493 2116 1543 Inter
2154 1492 2434 1543 duodecim
2471 1492 2756 1559 Apostolos

279 1584 401 1633 duo
438 1584 701 1633 nomine
737 1582 974 1632 Jacobi
1012 1580 1382 1647 designantur-3
1422 1598 1513 1632 eos
1551 1581 1805 1631 describit
1842 1580 1893 1629 S.
1919 1580 2238 1643 Matthaeus,
2281 1582 2360 1641 10,
2389 1582 2436 1629 3.
2467 1588 2755 1642 enumerat,

280 1670 329 1720 d.
364 1670 583 1719 Marcus
620 1672 669 1731 3,
707 1671 787 1718 17.
816 1670 913 1731 18.,
951 1674 1193 1717 recenset
1228 1686 1270 1718 s.
1296 1668 1475 1718 Lucas
1512 1670 1560 1731 6,
1590 1669 1672 1717 14.
1709 1668 1790 1717 15.
1829 1672 1884 1717 et
1917 1667 2032 1717 Act.
2063 1670 2108 1731 1,
2139 1668 2218 1717 13.
2266 1667 2412 1717 Inter
2447 1667 2546 1717 hos
2581 1669 2760 1733 prior

278 1773 319 1807 s.
346 1756 651 1807 Jacobus
688 1755 831 1821 apud
866 1754 1195 1805 Matthaenm
1235 1761 1288 1804 et
1312 1754 1551 1804 Marcum
1588 1754 1922 1804 Zebedaei
1959 1754 2385 1819 cognominatur3
2423 1756 2760 1819 posterior

278 1844 345 1894 ad
392 1845 647 1893 maiorem
696 1842 1087 1893 distinctionem
1136 1842 1333 1907 ubique
1382 1844 1593 1891 nomine
1642 1840 1924 1907 Alphaei
1971 1840 2252 1890 indicatur.
2317 1842 2470 1891 Prior
2517 1841 2757 1891 Jacobus

278 1947 573 1997 cognomen
610 1944 763 1980 suum
800 1944 833 1979 a
868 1934 1017 1994 patre
1056 1944 1153 1979 suo
1192 1930 1385 1992 traxits
1404 1931 1481 1979 uti
1512 1933 1661 1994 patet
1698 1944 1762 1978 ex
1797 1928 1982 1977 Matth.
2011 1931 2058 1991 4,
2087 1929 2188 1992 21„
2228 1927 2371 1993 quod
2408 1928 2552 1993 apud
2589 1928 2754 1978 Marc.

279 2020 325 2081 1,
364 2021 446 2068 19.
482 2020 566 2068 20.
612 2018 799 2068 eodem
835 2016 991 2067 modo
1029 2020 1300 2080 narratur3
1349 2016 1478 2066 alibi
1525 2018 1684 2065 etiam
1720 2016 1958 2066 Jacobus
1996 2020 2050 2065 et
2083 2016 2323 2066 Joannes
2361 2013 2455 2064 filii
2492 2015 2760 2065 Zebedaei

276 2112 551 2155 vocantur.
602 2106 761 2154 Hune
809 2103 1153 2165 Jacobum,
1212 2105 1301 2168 qui
1348 2103 1434 2153 die
1481 2104 1738 2153 vicesima
1785 2106 1972 2168 quinta
2025 2103 2158 2153 Julii
2215 2103 2430 2165 colitur,
2485 2103 2756 2152 fratrem

274 2193 587 2255 Joannis,
625 2191 803 2257 gladio
843 2191 1038 2241 occidit
1070 2190 1313 2241 Herodes
1338 2191 1591 2256 Agrippa,
1626 2197 1689 2240 ut
1713 2190 1936 2240 traditur
1959 2191 2074 2240 Aet.
2104 2192 2183 2253 12,
2211 2192 2258 2239 2.
2294 2190 2502 2240 Jacobo
2528 2189 2756 2255 Alphaei

278 2279 461 2329 eadem
499 2294 614 2329 sors
652 2279 841 2343 obtigit
878 2294 997 2328 cum
1047 2276 1098 2327 S.
1137 2278 1189 2327 S.
1233 2278 1530 2343 Apostolis:
1568 2277 2006 2341 Bartholoman,
2046 2276 2259 2327 Simone
2299 2276 2622 2327 chananaeo
2661 2292 2758 2327 seu

277 2366 477 2428 Zelote,
516 2366 771 2430 aliisque3
810 2363 951 2431 quod
1004 2364 1253 2415 videlicet
1291 2366 1402 2414 eius
1440 2366 1635 2414 mentio
1675 2381 1782 2414 non
1818 2364 1910 2413 fiat
1947 2366 1999 2413 in
2040 2364 2091 2413 S.
2132 2364 2418 2430 Scripturis
2453 2364 2560 2414 nisi
2595 2378 2758 2429 supra

278 2453 521 2519 allegatis
561 2458 789 2517 quatuor
813 2451 961 2501 locis.
1010 2452 1220 2501 Dicitur
1245 2457 1421 2501 autem
1447 2452 1688 2501 Jacobus
1711 2450 2014 2516 Alphaei,
2053 2466 2150 2501 seu
2174 2456 2233 2501 ut
2258 2466 2440 2501 omnes
2474 2451 2758 2501 admittunt

274 2540 501 2607 Alphaei
538 2539 701 2603 filius3
740 2540 879 2589 sicut
907 2538 1041 2588 alter
1066 2554 1106 2588 s.
1132 2538 1371 2587 Jacobus
1398 2538 1662 2588 Zebedaei
1700 2540 1825 2604 quia
1863 2537 2189 2587 Zebedaei
2227 2536 2382 2587 filius.
2434 2537 2486 2588 S.
2513 2538 2754 2589 Joannes

488 2700 527 2757 ¹)
563 2698 751 2761 Neque
778 2698 919 2747 enim
945 2696 1161 2761 dignum
1186 2695 1469 2746 videbatur
1494 2695 1688 2745 famem
1715 2696 2053 2746 obsessorum
2093 2696 2350 2760 opperiri3
2387 2696 2756 2762 poscebatque

272 2786 515 2852 pericula
563 2799 685 2849 pars
722 2786 943 2849 virtute3
992 2782 1145 2833 multi
1193 2783 1397 2832 ferocia
1435 2788 1489 2832 et
1531 2786 1886 2847 praemiorum
1935 2782 2206 2847 cupidine.
2281 2782 2321 2848 ²)
2357 2783 2628 2847 Josephus
2666 2786 2758 2850 qui

275 2874 481 2925 cladem
524 2873 805 2937 spectavit,
846 2871 1179 2935 captivorum
1216 2872 1512 2935 nonaginta
1550 2876 1756 2936 septem
1787 2870 1972 2931 millia,
2011 2875 2336 2919 mortuorum
2381 2871 2435 2919 in
2479 2872 2759 2922 obsidione

273 2960 531 3010 undecies
570 2963 797 3007 centena
830 2957 1003 3006 millia
1037 2956 1203 3006 fuisse
1241 2962 1427 3007 auctor
1465 2962 1563 3005 est.
1615 2956 1829 3006 Etenim
1867 2962 1982 3007 tota
2019 2974 2149 3022 gens
2187 2974 2252 3007 ex
2292 2959 2536 3008 omnibus
2574 2960 2758 3009 mundi

273 3048 451 3112 regnis
494 3061 558 3095 eo
602 3044 673 3094 ad
718 3044 853 3094 diem
891 3042 1137 3093 Paschae
1190 3042 1567 3092 celebrandum
1612 3048 1951 3093 convenerat.
2007 3044 2092 3093 Ita
2129 3045 2242 3094 Deo
2291 3044 2548 3109 placitum
2597 3051 2657 3095 ut
2693 3062 2757 3096 eo

272 3137 537 3197 tempore,
577 3146 681 3196 quo
722 3131 788 3180 D.
828 3130 891 3180 N.
928 3130 1113 3179 Jesum
1153 3128 1423 3179 Christum
1462 3131 1609 3193 impii
1645 3129 1843 3179 Judaei
1883 3126 2028 3180 cruci
2065 3130 2362 3193 affixerant,
2403 3134 2752 3183 internecioni

274 3220 551 3269 darentur!
608 3218 863 3283 Septenni
916 3218 1090 3281 spatio
1138 3222 1199 3266 ut
1244 3232 1309 3265 ex
1357 3215 1624 3281 Josepho,
1675 3215 1740 3265 de
1789 3216 1930 3266 bello
1981 3217 2090 3266 iud.
2129 3218 2192 3267 V.
2232 3218 2320 3268 VI.
2358 3218 2476 3271 VII.
2525 3220 2758 3269 confecit

271 3306 462 3357 Justus
510 3305 748 3370 Lipsius,
788 3304 854 3354 de
892 3304 1197 3354 constantia
1232 3302 1302 3364 Π,
1340 3305 1423 3351 21.
1464 3302 1563 3367 Op.
1604 3302 1687 3352 ed.
1725 3302 1885 3353 Antv.
1926 3305 2074 3354 1637.
2114 3305 2204 3367 IV,
2231 3307 2349 3356 412.
2379 3308 2427 3355 3.
2459 3308 2515 3355 in
2553 3322 2758 3357 summa

274 3396 319 3455 1,
340 3396 459 3443 334.
482 3395 599 3443 490.
631 3391 775 3443 bello
801 3393 1095 3457 perierunt3
1123 3391 1411 3441 innumeris
1438 3388 1559 3439 aliis
1586 3391 1991 3454 praetermissis,
2018 3393 2108 3457 qui
2135 3392 2288 3453 fame,
2318 3392 2497 3454 exilio,
2525 3394 2754 3443 miseriis

272 3482 657 3531 occubuerunt.
720 3478 895 3529 Ceteri
947 3479 1259 3543 superstites
1308 3475 1623 3527 mortalibus
1678 3477 2024 3539 documento,
2070 3494 2178 3528 non
2226 3477 2443 3528 aliunde
2487 3494 2646 3544 quam
2684 3482 2752 3529 ob

272 3566 450 3618 illatas
490 3567 633 3617 Filio
670 3567 773 3617 Dei
811 3566 1104 3631 sacrilegas
1142 3578 1329 3614 manus
1376 3578 1579 3629 poenas
1616 3562 1801 3614 luisse.
1877 3564 1916 3627 3)
1953 3564 2029 3615 Ut
2066 3566 2190 3615 inde
2232 3571 2517 3615 noscerent
2554 3582 2756 3628 omnes,

272 3660 489 3721 peraeto
528 3656 633 3703 iam
670 3654 722 3703 J.
763 3653 821 3703 C.
862 3652 1127 3703 sacrificio
1175 3650 1379 3701 nullum
1426 3652 1656 3715 amplius
1695 3650 1958 3717 legalibus
2007 3652 2240 3702 victimis
2289 3652 2464 3702 locum
2513 3654 2753 3705 subesse.

270 3742 472 3792 Judaei
499 3741 713 3805 quidem
748 3740 955 3791 Juliani
985 3740 1279 3806 Apostatae
1304 3739 1479 3803 gratia
1508 3743 1563 3787 et
1598 3740 1874 3803 promissis
1911 3738 2049 3800 freti,
2089 3738 2220 3788 nihil
2258 3741 2446 3804 reliqui
2495 3739 2754 3803 fecerunt,

272 3844 379 3895 quo
426 3830 871 3879 instaurationem
908 3827 1118 3892 Templi
1155 3826 1375 3875 summis
1410 3826 1553 3875 votis
1590 3840 1623 3875 a
1661 3826 1823 3891 longo
1861 3831 2098 3889 tempore
2136 3828 2424 3890 expetitam
2470 3834 2756 3893 peragant3

270 3916 365 3967 sed
394 3917 563 3965 invito
589 3915 818 3965 Numine
852 3915 920 3965 ab
958 3914 1126 3965 hoece
1160 3919 1353 3978 coepto
1388 3913 1648 3963 desistere
1686 3914 1860 3963 coacti
1899 3918 2036 3962 sunt.
2078 3912 2159 3962 Cf.
2187 3913 2237 3963 J.
2277 3914 2345 3963 H.
2380 3914 2433 3963 S.
2459 3913 2754 3975 Holtzfuss,

271 4004 336 4054 de
372 4003 584 4068 Templi
621 4001 817 4052 Hieros
852 4000 1061 4051 «Iuliani
1099 4002 1222 4066 imp.
1248 4000 1423 4051 mand.
1458 4015 1554 4065 per
1588 3998 1831 4049 Judaeos
1856 3999 2052 4049 frustra
2089 4004 2295 4050 tentata
2325 4000 2753 4052 Restauratione.

270 4091 396 4141 Hal.
425 4091 577 4140 1751.
605 4106 654 4155 p.
676 4092 723 4139 3.
752 4105 793 4139 s.
850 4088 907 4138 C.
936 4087 1193 4148 Semisch‚
1220 4088 1408 4138 Julian
1437 4086 1485 4136 d.
1513 4086 1663 4137 Abtr.
1689 4085 1858 4135 Bresl.
1890 4088 2037 4136 1862.
2064 4102 2113 4151 p.
2141 4089 2222 4140 49.
2251 4104 2292 4136 s.
2354 4086 2394 4153 ⁴)
2422 4088 2484 4137 L.
2511 4088 2754 4151 Eusebii,

272 4178 415 4229 nist.
438 4177 589 4227 Eecl.
610 4177 707 4239 111,
729 4178 775 4226 5.
804 4193 855 4241 p.
878 4178 959 4226 75.
996 4176 1045 4225 J.
1067 4175 1164 4225 Th.
1185 4174 1336 4237 Plitt,
1366 4174 1431 4225 de
1459 4172 1649 4239 Cyrilli
1677 4174 1824 4223 Hier.
1847 4189 1920 4223 or.
1948 4177 2050 4223 eat.
2077 4172 2326 4223 Heidelb.
2357 4176 2505 4224 1855.
2533 4192 2583 4239 p.
2608 4177 2688 4225 11.
2711 4194 2753 4226 s.

270 4268 311 4331 ⁵)
340 4264 481 4315 Con.
501 4265 592 4315 Ps.
613 4266 697 4327 58,
720 4267 799 4313 12.
827 4264 961 4313 Luc.
980 4265 1064 4326 21,
1086 4264 1168 4312 24.
1184 4277 1227 4312 s.
1277 4262 1319 4327 ⁶)
1348 4262 1505 4311 Unde
1524 4264 1629 4312 iam
1650 4259 1778 4312 olim
1800 4260 1879 4311 01.
1903 4260 2136 4310 Rutilius
2154 4261 2510 4311 Numatianus
2533 4264 2753 4313 cecinit:

272 4352 483 4417 „Atque
506 4354 713 4402 utinam
740 4366 1009 4416 nunquam
1035 4349 1249 4401 Judaea
1273 4349 1501 4399 subacta
1536 4350 1748 4413 fuisset3
1788 4349 2030 4412 Pompeii
2055 4347 2230 4411 bellis,
2269 4350 2596 4414 imperioque
2620 4351 2754 4414 'riti;

268 4440 435 4489 latius
474 4440 691 4489 excisae
723 4440 889 4503 pestis
920 4439 1173 4503 contagia
1206 4442 1451 4502 serpunt;
1489 4438 1922 4500 victoresque
1959 4450 2143 4498 suos,
2182 4438 2366 4486 natio
2405 4438 2588 4488 victa
2623 4454 2755 4502 pre-

269 4528 431 4577 mit.“
460 4526 811 4587 ItinerariiH,
828 4526 943 4577 395.
960 4526 1041 4575 ed.
1055 4523 1220 4577 Th..J.
1237 4526 1304 4574 ab
1320 4523 1684 4574 Almeloveen.
1703 4522 1924 4572 Amstel.
1943 4524 2089 4572 1687.
2105 4539 2156 4587 p.
2176 4526 2256 4572 11.
2285 4523 2752 4589 Cf.e.Sitzmanni‚

270 4628 355 4665 an.
382 4617 437 4663 in
460 4614 506 4665 h.
538 4613 573 4663 1.
598 4613 671 4663 ib.
697 4627 747 4678 p.
778 4614 892 4664 147.
919 4628 961 4662 s.
997 4612 1045 4662 J.
1080 4610 1305 4674 Wessel,
1335 4611 1400 4660 de
1428 4610 1566 4661 adm.
1602 4626 1650 4677 g.
1682 4609 1808 4659 Jud.
1836 4624 2077 4663 conset-v,
2107 4611 2161 4660 in
2189 4611 2332 4661 Diss.
2359 4612 2428 4675 11,
2457 4614 2574 4661 647.
2601 4628 2641 4663 s.
