3267 5259
392 692 475 759 pit
494 692 655 759 „quid
672 690 801 742 mihi
814 695 869 740 et
878 691 977 741 tibi
989 694 1071 741 est
1087 690 1309 741 mulier?

392 762 625 812 nondum
651 762 799 811 venit
822 760 953 811 hora
975 763 1125 810 mea“
1167 798 1179 810 .
1224 798 1236 810 .
1284 797 1295 810 .

254 850 312 928 ἓ.
331 849 364 913 1
375 848 406 911 1
417 895 432 910 .
450 846 688 911 Mulier
703 845 1114 909 samaritana.
1127 843 1299 909 Chri·

459 944 593 997 stus
651 930 1012 997 Galilaeam
1070 953 1302 1018 perva-

457 1018 551 1083 dit
595 1016 919 1085 docendo,

322 1124 455 1174 Eius
491 1123 819 1189 praedicatio
874 1158 1293 1173 ........

326 1192 545 1243 Sanatio
583 1190 679 1241 filii
715 1191 886 1257 reguli
938 1228 1296 1242 .......

324 1263 390 1312 N.
427 1264 475 1311 6.
519 1260 652 1322 Quis
686 1261 847 1311 fuerit
882 1260 967 1310 hic
1004 1259 1309 1326 regulus?
1378 1286 1445 1296 —-

322 1330 511 1381 Plures
527 1330 774 1396 Apostoli
792 1328 1057 1379 Christum
1076 1344 1306 1395 sequun-

326 1404 599 1519 οιξέξ...
627 1436 1063 1535 satanam:
1109 1436 1307 1517 sas..

392 1538 539 1587 Petri
594 1542 649 1587 et
704 1537 928 1587 aliorum
982 1538 1306 1599 sanationes,

392 1607 597 1657 sedatio
636 1608 798 1658 maris
822 1642 1297 1657 .........

1377 1605 1446 1655 48

2615 446 2747 513 625

1622 689 1840 741 Obsessi
1879 688 2025 755 apud
2061 686 2364 739 Gerasenos
2413 702 2604 738 curan·
2639 632 2744 686 pq·

1690 764 1792 809 tur.
1841 757 2236 825 Caphamaumi
2278 757 2606 823 paralyticus

1691 830 1867 878 animo
1895 833 1949 877 et
1972 842 2194 893 corpore
2219 831 2454 877 sanatur.
2497 826 2603 875 Vo-

1691 898 1831 948 catio
1863 912 1906 947 s.
1935 894 2209 945 Matthaei.
2245 895 2606 945 Resuscitatio

1689 965 1834 1015 filiae
1857 966 2010 1017 Jairi.
2048 964 2490 1015 Haemorrhoissa
2515 978 2604 1014 va-

1690 1034 1914 1085 letudini
1950 1035 2258 1098 restituitur,
2307 1033 2416 1084 alia
2450 1034 2602 1083 mira-

1690 1104 1814 1154 cula
1849 1102 1984 1153 fiunt
2006 1139 2592 1155 ...........

1618 1191 1686 1241 N.
1723 1193 1772 1241 6.
1817 1190 1926 1240 Cur
1959 1188 2122 1241 Jesus
2158 1204 2277 1239 cum
2313 1190 2606 1255 peccatori-

1690 1262 1790 1311 bus
1826 1260 2246 1309 manducaverit.
2295 1259 2474 1321 Quare
2511 1257 2604 1308 illo

1689 1330 1902 1379 vivente
1929 1328 2179 1394 discipuli
2205 1329 2318 1378 eius
2343 1343 2451 1379 non
2475 1328 2606 1377 ieiu-

1687 1399 1974 1448 naverint‘?
2001 1434 2595 1449 ...........

1618 1466 1686 1517 N.
1733 1469 1781 1517 7.
1846 1466 2089 1517 Mulieris
2148 1466 2606 1517 haemorrhoissae

1694 1537 1939 1601 morbus3
1981 1540 2160 1587 statua
2197 1550 2358 1603 quam
2395 1534 2606 1587 Christo

1690 1607 1931 1671 posuerit
2553 1606 2639 1669 49,
2677 1608 2745 1657 60

2674 1103 2742 1151 49

731 1794 1111 1847 SECUNDUS
1148 1793 1543 1846 PRAECONII
1579 1793 1979 1846 COELESTIS
2014 1792 2270 1845 ANNUS.

252 1936 313 2016 §-
363 1937 462 2001 12.
508 1932 807 1997 Alterum
875 1931 1113 1997 Christi
1184 1931 1309 1995 Pa-

504 2018 679 2083 scha.
743 2019 1006 2085 Curatio
1055 2019 1305 2103 aegroti

506 2127 823 2169 annorum
904 2106 1169 2189 triginta
1244 2114 1308 2169 et

506 2201 653 2257 octo
702 2248 1295 2261 ...........

322 2297 388 2346 N.
413 2299 463 2347 4.
501 2297 582 2346 De
620 2297 829 2363 piscina
852 2297 1133 2363 probatica
1166 2332 1177 2345 .
1224 2333 1237 2346 .
1281 2333 1293 2346 .

325 2364 565 2416 Christus
590 2365 828 2416 Judaeos
853 2365 1189 2430 indignantes
1226 2380 1306 2413 re-

391 2435 619 2500 darguit,
669 2435 855 2484 horum
902 2434 1045 2483 mala
1084 2432 1308 2484 consilia

390 2505 447 2553 in
472 2520 623 2568 eum3
651 2502 940 2569 discipulos
965 2504 1141 2568 spicas
1167 2502 1305 2552 evel-

392 2572 563 2623 lentes
599 2573 839 2623 defendit
872 2574 1135 2623 Dominus
1170 2611 1180 2621 .
1228 2611 1239 2621 .
1284 2611 1296 2623 .

324 2640 563 2693 Christus
610 2647 769 2692 sanat
820 2657 1034 2692 manum
1088 2641 1305 2703 aridam,

393 2711 625 2776 loquitur
684 2710 750 2761 de
810 2709 1195 2761 benefaciendo
1249 2711 1307 2759 in

393 2780 481 2830 die
504 2780 733 2831 sabbati.
772 2780 845 2829 Ut
870 2780 1047 2829 odium
1072 2778 1305 2829 Judaeo·

392 2864 509 2898 rum
546 2849 855 2911 declinaret,
892 2850 1085 2913 migrat
1108 2850 1163 2898 in
1200 2848 1303 2898 Ga·

392 2917 631 2981 lilaeam3
694 2920 785 2968 ubi
846 2923 1001 2967 sanat
1054 2916 1305 2979 infirmos,

393 2992 509 3036 orat
534 2988 591 3037 in
615 2992 793 3037 monte
817 3024 1295 3037 .........

326 3069 576 3136 Electio
624 3081 690 3135 et
731 3072 997 3135 nomina
1025 3069 1305 3155 Aposto-

394 3157 605 3223 lorum
644 3212 1295 3227 ............

321 3261 387 3312 N.
436 3264 486 3312 4.
540 3263 627 3312 De
677 3263 893 3313 nomine
946 3258 1199 3329 ,,Πέτρος“
1254 3268 1308 3311 et

394 3346 503 3397 qua
556 3332 622 3381 de
679 3346 845 3381 causa
892 3332 1081 3381 Petrus
1136 3332 1305 3397 primo

392 3401 512 3451 loco
548 3402 603 3449 in
641 3400 899 3466 catalogis
932 3398 1307 3465 Apostolorum

394 3472 763 3520 enumeretur?
814 3506 1296 3521 .........

254 3557 311 3635 ξ.
352 3558 451 3621 13.
500 3553 728 3619 Sermo
749 3552 985 3619 Christi
1000 3554 1065 3618 in
1083 3563 1305 3619 monte

504 3640 783 3723 habitus,
814 3661 995 3709 variae
1015 3658 1305 3721 doctrinae,

510 3728 699 3779 modus
734 3728 989 3794 precandi
1052 3766 1296 3778 .....

322 3798 388 3847 N.
424 3798 475 3847 4.
512 3796 595 3847 Ad
631 3812 765 3863 quos
802 3798 905 3848 ista
942 3798 1111 3847 oratio
1136 3798 1207 3847 sit
1231 3796 1306 3847 di-

391 3871 555 3929 recta,
578 3870 632 3916 et
648 3881 775 3916 num
796 3868 981 3917 concio
996 3866 1183 3917 Matth.
1198 3882 1245 3917 c.
1260 3882 1307 3917 e.

393 3936 444 3985 4.
495 3942 550 3986 et
596 3938 645 3985 6.
694 3936 764 3985 sit
812 3935 997 3985 eadem
1050 3950 1115 3985 ac
1162 3934 1307 4001 apud

391 4003 527 4054 Luc.
554 4007 602 4067 6,
631 4006 893 4055 20—40.?
938 4042 1296 4054 .......

320 4074 595 4139 Digressio
633 4073 700 4123 de
733 4074 974 4123 oratione
1009 4073 1307 4123 Dominica.

324 4141 636 4193 Orationem
697 4142 1034 4192 Dominicam
1094 4156 1123 4191 e
1180 4143 1308 4192 scri-

392 4212 494 4261 niis
539 4211 912 4262 Hebraeorum
956 4216 1050 4261 aut
1091 4210 1307 4261 aliunde

390 4285 685 4331 mutuatam
718 4295 850 4343 esse,
881 4281 1040 4347 impie
1064 4279 1308 4330 nonnulli

394 4349 589 4400 docent
645 4387 1297 4400 ............

325 4418 807 4469 Commentariolus
870 4420 927 4469 in
999 4418 1311 4469 Orationem

391 4487 728 4537 Dominicam
764 4524 1296 4538 ..........

322 4556 653 4621 Doxologia:
697 4549 770 4606 ὅτι
807 4555 896 4605 σοῦ
934 4552 1062 4605 ἐστιν
1096 4554 1127 4619 ἡ
1165 4552 1307 4621 βασι-

1378 2210 1446 2259 60

1378 2296 1441 2345 61

1377 2573 1441 2622 61

1377 2987 1444 3036 62

1493 2947 1501 3210 ἒ

1494 3257 1501 3344 4

1494 3366 1499 3480 1

1378 3705 1500 3808 ssf

1377 4351 1446 4399 66

1379 4487 1446 4535 66

1495 3811 1501 3997 i

390 4622 503 4676 λεία
525 4640 567 4677 κ.
590 4640 630 4675 τ.
649 4622 719 4689 λ.,
745 4642 851 4677 non
878 4630 959 4676 est
983 4624 1305 4678 authentica.
1377 4624 1445 4674 58
1496 4620 1503 4693 Ι

1552 1935 1612 2014 ξ.
1665 1935 1763 2001 14.
1812 1930 2051 1997 Christi
2126 1930 2208 1995 de
2275 1933 2342 1995 vi
2405 1930 2607 2016 Legis

1803 2018 2133 2083 Mosaicae
2171 2019 2492 2083 sententia
2524 2074 2537 2087 ,
2583 2074 2596 2087 .

1620 2124 1686 2173 N.
1727 2124 1775 2173 7.
1810 2124 2088 2173 Primitiva
2133 2121 2450 2188 significatio
2487 2138 2605 2172 ver-

1691 2193 1878 2242 borum
1901 2192 2088 2241 Matth.
2115 2194 2164 2255 6,
2192 2193 2274 2241 17.
2300 2188 2424 2252 „eim
2451 2182 2602 2255 ἦλθον

1690 2258 1960 2311 καταλῦσαι
1983 2254 2115 2310 ἀλλὰ
2136 2258 2430 2329 πληρῶσαι“
2469 2259 2602 2310 dilu-

1691 2330 1900 2380 cidatur
1944 2366 2592 2381 ............

1622 2398 1675 2449 S.
1701 2400 1984 2464 Augustini
2008 2400 2075 2449 de
2099 2400 2244 2465 Lege
2276 2397 2604 2449 cerimoniali

1691 2470 1959 2519 sententia
2003 2468 2279 2534 distinguit
2321 2468 2427 2517 tria
2474 2472 2602 2517 tem·

1689 2552 1822 2603 pora
1889 2573 2594 2588 .............
2675 2537 2740 2587 61

2677 2038 2744 2088 69

2673 2330 2742 2379 69

1550 2624 1609 2703 ξ.
1663 2626 1762 2689 15.
1807 2621 2142 2706 Leprosus
2226 2630 2291 2686 et
2375 2643 2601 2686 servus

1804 2709 2197 2772 centurionis
2231 2716 2538 2772 curantur
2581 2764 2594 2777 .
2676 2728 2742 2776 62

1619 2812 1790 2863 Filius
1843 2813 2039 2862 viduae
2091 2812 2268 2861 Naimi
2314 2812 2385 2863 ad
2437 2813 2600 2863 vitam

1689 2886 1974 2931 revocatur
1993 2917 2592 2933 ...........

1619 2950 1867 3016 Baptista
1888 2949 2094 3016 legatos
2119 2950 2190 3000 ad
2213 2951 2246 3000 J
2251 2966 2398 3001 esum
2432 2951 2605 3001 mittit.

1691 3019 1886 3069 Christi
1918 3018 1988 3069 ad
2019 3034 2111 3070 eos
2144 3035 2474 3085 responsum.
2511 3019 2602 3070 Je-

1690 3104 1780 3139 sus
1806 3087 2146 3154 reprehendit
2174 3087 2430 3151 Judaeos,
2467 3092 2521 3138 et
2549 3090 2604 3138 in

1691 3159 1870 3223 specie
1895 3156 2213 3208 Pharisaeos
2237 3196 2596 3209 .......
2678 3160 2744 3209 63

1593 3243 1944 3307 Peccatrix
1984 3263 2238 3326 ungens
2275 3240 2604 3307 Christum
2674 3289 2740 3298 .-

1621 3348 1686 3397 N.
1724 3349 1773 3397 2.
1816 3345 2112 3397 Comitatus
2146 3347 2427 3397 mulierum
2465 3361 2603 3412 quae

1688 3416 2303 3535 fissimissuiff‘fuffbfffff’.
2325 3416 2604 3536 ffffffnffiffnf

1622 3570 1939 3622 Calumniae
1993 3575 2047 3619 et
2097 3572 2367 3622 temeritas
2420 3570 2604 3621 Phari-

1691 3655 1952 3702 saeorum,
2007 3640 2217 3705 signum
2262 3640 2438 3691 Jonae
2483 3656 2604 3707 pro-

1689 3710 1904 3775 ponitur
1948 3745 2596 3761 ............
2678 3736 2744 3746 -

1624 3792 1906 3879 Cognati
1966 3791 2009 3857 J
2012 3815 2198 3857 esum
2263 3793 2600 3858 insaniisse

1693 3879 1918 3944 dieunt
1940 3934 2475 3949 ..........
2549 3900 2634 3961 64,

1619 3985 1686 4034 N.
1723 3985 1774 4035 8.
1811 3982 2141 4049 Significatio
2184 3985 2333 4034 vocis
2371 3980 2606 4049 ,,ἐξέστη“

1690 4052 1879 4103 Matth.
1905 4055 1954 4116 3,
1975 4055 2058 4103 21.
2086 4052 2382 4119 explicatur
2408 4092 2420 4104 .
2467 4092 2478 4103 .
2525 4092 2536 4103 .
2582 4091 2595 4104 .

1620 4122 1814 4171 Mulier
1852 4119 2118 4172 Christum
2149 4122 2440 4189 praedicat,
2478 4124 2604 4189 ipsi-

1691 4206 1862 4258 usque
1899 4192 2114 4241 beatam
2147 4196 2396 4257 matrem3
2435 4191 2604 4241 diver-

1691 4275 1786 4311 sae
1822 4259 2114 4326 parabolae
2178 4298 2595 4311 ........

1620 4345 1910 4397 Nazarethi
1976 4346 2238 4397 Dominus
2297 4347 2606 4397 vaticinium

1691 4416 1869 4465 Isaiae
1905 4415 1972 4465 de
2009 4430 2068 4465 se
2105 4416 2324 4481 exponit
2351 4452 2598 4467 .....
2679 4443 2744 4454 -

1621 4483 2117 4535 Nazarethanorum
2161 4484 2388 4535 insidiae
2422 4486 2480 4534 in
2514 4484 2550 4535 J
2555 4500 2605 4534 e-

1693 4568 1839 4616 sum3
1876 4551 2254 4619 Apostolorum
2279 4554 2485 4617 missio3
2519 4554 2606 4604 de-

1695 4621 1910 4675 collatio
1948 4620 2001 4671 S.
2027 4621 2255 4673 Joannis
2290 4622 2446 4691 Bapt.
2469 4661 2480 4675 .
2527 4661 2539 4673 .
2585 4661 2598 4675 .

2676 3486 2745 3535 64

2678 4263 2745 4311 66

2679 4624 2746 4675 66
