3267 5259
1180 476 1226 516 s.
1248 473 1367 515 Petri
1395 473 1607 515 adventus
1635 474 1830 515 nomam.
2619 459 2750 525 345

254 664 497 716 unquam
555 649 733 701 dicere
787 664 951 700 ausus
1010 654 1107 699 est.
1177 649 1281 699 Hic
1334 647 1387 699 S.
1434 648 1681 699 Pontifex
1733 648 2154 699 luculentissime
2219 646 2476 699 affirmat:
2532 648 2750 699 Petrum

255 738 361 787 sub
403 736 631 787 Claudio
669 737 891 787 Romam
925 738 1155 798 venisse,
1204 742 1489 801 antequam
1528 735 1597 784 ad
1634 749 1752 785 eam
1788 737 1995 785 venerit
2033 751 2074 786 s.
2101 734 2318 785 Paulus.
2379 735 2462 785 Eo
2499 736 2604 786 loci
2641 752 2752 787 non

252 825 617 874 Historiarum
652 826 925 889 scriptoris
972 839 1188 874 munere
1225 824 1373 888 fungi
1411 822 1459 872 d.
1494 821 1759 886 Leonem,
1796 822 1890 872 sed
1929 822 2197 885 Oratoris,
2236 823 2399 887 gratis
2448 822 2747 873 obtendunt

256 911 578 961 adversarii.
625 911 917 961 Advertere
943 926 1036 963 eos
1062 911 1321 975 oportuit:
1362 911 1792 959 concionatorem
1819 914 1877 957 ut
1903 914 2100 974 ageret,
2139 925 2246 958 non
2271 909 2422 958 licuit
2452 924 2571 959 esse
2606 926 2751 960 men·

254 998 449 1047 dacem
494 998 851 1047 Historiarum
897 999 1223 1061 scriptorem.
1286 994 1537 1045 Saniores
1583 996 1776 1056 critici,
1825 1000 1878 1044 et
1923 996 2059 1044 inter
2105 1000 2310 1045 ceteros
2356 995 2748 1059 Tillemontius,

250 1086 417 1135 Mem.
443 1084 486 1145 I,
514 1086 597 1133 34.
648 1084 700 1135 S.
726 1084 908 1133 Pierre
944 1100 995 1149 p.
1025 1085 1157 1145 178„
1196 1081 1521 1148 persuadere
1556 1082 1661 1131 sibi
1685 1087 1976 1146 nequeunt,
2013 1086 2092 1131 tot
2115 1086 2402 1148 tantosque
2441 1082 2494 1131 S.
2523 1080 2576 1131 S.
2602 1083 2662 1131 P.
2689 1084 2748 1133 P.

256 1175 311 1221 et
358 1170 413 1223 S.
456 1171 521 1220 E.
568 1170 923 1221 nobilissimos
973 1169 1208 1219 Orientis
1255 1174 1309 1219 et
1350 1167 1658 1218 Occidentis
1707 1170 1989 1233 magistros
2037 1168 2182 1217 Petri
2227 1170 2524 1219 Romanum
2559 1170 2662 1219 iter
2699 1174 2752 1219 et

255 1262 385 1308 acta
420 1257 707 1307 referentes
746 1271 967 1307 errasse.
1018 1256 1264 1305 Profecto
1296 1260 1421 1305 ante
1458 1254 1788 1320 Scaliger-um
1825 1270 1978 1305 nemo
2017 1254 2282 1305 dubitavit
2319 1254 2544 1306 Claudio
2585 1258 2750 1321 impe·

256 1352 413 1394 rante
450 1344 671 1394 Romam
708 1344 923 1393 Petrum
970 1343 1267 1393 advenisse.
1330 1341 1700 1407 Chronologus
1747 1343 1846 1391 iste
1893 1344 2126 1405 omnium
2175 1344 2374 1408 primus
2410 1344 2464 1392 in
2502 1346 2644 1393 notis
2682 1343 2752 1393 ad

254 1431 487 1482 Eusebii
522 1430 843 1491 chronicon,
886 1430 1267 1480 Amstelodami
1306 1430 1454 1479 1658.
1502 1428 1951 1479 animadversion.
1990 1446 2041 1495 p.
2080 1431 2197 1479 189.
2243 1429 2311 1478 ab
2357 1429 2460 1479 hac
2505 1430 2754 1481 discessit

255 1520 541 1569 sententia.
591 1517 721 1567 Post
746 1517 1073 1583 Scaligerum
1100 1518 1353 1567 Nicolaus
1380 1516 1648 1578 Vedelins,
1689 1517 2066 1567 commentario
2104 1516 2171 1567 de
2195 1522 2432 1583 tempore
2468 1519 2749 1583 utriusque

254 1605 621 1669 Episcopatus
670 1604 724 1654 S.
767 1605 866 1671 Ap.
911 1606 1071 1666 Petri,
1120 1620 1213 1655 seu
1264 1605 1502 1653 Historia
1544 1604 1708 1669 episc.
1757 1604 2074 1653 Antiocheni
2124 1610 2178 1653 et
2220 1604 2449 1655 Romani
2499 1604 2749 1655 refutata.

258 1690 514 1741 Genevae
554 1692 704 1740 1624.
751 1707 802 1755 p.
840 1692 925 1739 43.
963 1706 1005 1739 s.
1056 1692 1299 1740 evincere
1349 1690 1528 1740 studet
1574 1691 1790 1741 Petrum
1838 1692 2134 1755 imperante
2184 1690 2410 1741 Claudio
2461 1705 2750 1756 numquam

254 1776 463 1825 Romae
506 1775 689 1827 fuisse.
748 1776 895 1825 Idem
942 1778 1147 1826 recoxit
1188 1778 1251 1827 A.
1288 1778 1550 1841 Wagner,
1597 1777 1734 1843 disq.
1771 1776 1821 1827 h.
1861 1778 1925 1827 de
1973 1776 2188 1827 Simone
2233 1777 2410 1843 Mago.
2460 1778 2749 1843 Marpurgi.

262 1863 415 1912 1680.
452 1879 502 1927 p.
545 1864 623 1912 14.
660 1878 701 1911 s.
760 1863 848 1913 Fr.
887 1862 1267 1929 spanhemius,
1319 1864 1445 1915 dise.
1484 1864 1549 1914 de
1597 1863 1724 1915 ficta
1767 1864 2098 1930 profectione
2146 1864 2293 1914 Petri
2326 1863 2426 1930 Ap.
2471 1866 2524 1913 in
2561 1864 2750 1915 urbem

254 1948 509 2011 Romam,
556 1948 728 2013 deque
774 1965 883 1999 non
928 1964 1039 2000 una
1081 1950 1383 2000 traditionis
1431 1953 1660 2017 origine,
1700 1950 1799 2016 Op.
1837 1950 2061 2001 Miscell.
2100 1950 2182 2000 ed.
2221 1950 2396 2016 Lug-d.
2438 1951 2556 2001 Bat.
2598 1954 2748 2002 1703.

252 2035 337 2097 Π,
377 2036 495 2086 331.
528 2051 571 2085 s.
626 2036 926 2086 Romanum
978 2038 1233 2103 principis
1285 2037 1661 2103 Apostolorum
1715 2040 1816 2088 iter
1869 2036 2010 2087 haud
2065 2038 2281 2087 dubiam
2336 2037 2493 2089 modo
2543 2038 2640 2089 sed
2688 2043 2744 2089 et

257 2123 619 2186 vanissimam,
659 2124 993 2189 antiquitatis
1017 2125 1401 2189 propemodum
1434 2127 1736 2187 universae,
1777 2124 2114 2175 traditionem
2145 2140 2262 2175 esse
2290 2124 2578 2175 contendit.
2625 2125 2752 2175 Jam

256 2224 389 2259 vero
436 2212 619 2275 ecquis
664 2215 907 2261 numeret
954 2226 1135 2263 omnes
1182 2211 1596 2262 acatholicarum
1640 2212 2036 2263 confessionum
2081 2217 2398 2275 sectatores,
2448 2212 2644 2278 quibus
2681 2212 2750 2262 ad

256 2302 473 2347 nostros
508 2311 681 2363 usque
716 2296 831 2347 dies
858 2326 922 2334 —
950 2314 999 2347 v.
1024 2297 1342 2361 Heinichen,
1380 2297 1464 2349 ed.
1490 2299 1620 2349 Eus.
1647 2298 1718 2347 H.
1742 2298 1809 2348 Ε.
1841 2299 1885 2360 Ι,
1915 2301 2030 2349 137.
2081 2298 2308 2359 Simeon,
2348 2298 2470 2351 diss.
2498 2300 2554 2349 in
2578 2298 2748 2365 Ilgen,

260 2384 318 2433 Z.
356 2383 395 2433 f.
434 2382 484 2432 d.
520 2382 641 2433 hist.
679 2382 865 2434 Theol.
908 2384 973 2433 L.
1014 2386 1165 2435 1841.
1210 2383 1320 2447 111,
1362 2386 1442 2434 18.
1476 2400 1519 2435 s.
1575 2385 1645 2438 H.
1693 2384 1996 2449 Schlurick,
2046 2385 2111 2436 de
2161 2384 2388 2435 Simonis
2433 2385 2580 2450 Magi
2625 2386 2750 2437 fatis

256 2470 531 2521 Romanis.
588 2470 746 2520 Misn.
792 2472 941 2521 1844.
997 2488 1047 2536 p.
1091 2474 1140 2521 9.
1189 2486 1231 2521 s.
1300 2472 1467 2535 Baur,
1528 2488 1621 2521 zur
1669 2473 1940 2522 Literatur
1988 2473 2082 2522 der
2126 2470 2513 2537 Petrus-Saga,
2577 2474 2632 2522 in
2683 2474 2753 2523 ei.

259 2556 465 2607 Paulus
502 2572 625 2623 app.
662 2574 715 2623 p.
750 2559 869 2607 674.
904 2574 946 2607 s.
984 2586 1048 2594 —
1074 2559 1291 2624 egregia
1324 2559 1443 2609 laus
1478 2558 1581 2608 fuit
1616 2558 1842 2609 eandem
1879 2559 2218 2609 traditionem
2254 2558 2554 2609 lacessere?
2614 2558 2756 2620 Quid

258 2643 423 2709 quod,
459 2645 631 2709 magis
656 2643 913 2707 dolemus,
951 2644 1091 2695 hanc
1116 2647 1451 2706 sententiam,
1491 2661 1631 2711 quae
1656 2650 1806 2697 tanto
1833 2651 2163 2697 vetustorum
2199 2647 2516 2712 scriptorum
2543 2647 2755 2712 agmine

254 2732 456 2781 meruit
490 2733 808 2793 consecrari,
846 2732 1146 2797 relinquere
1182 2732 1467 2783 maluerint
1504 2735 1664 2783 etiam
1699 2735 1800 2783 viri
1839 2734 2105 2796 catholici,
2143 2734 2334 2785 veluti:
2383 2734 2450 2783 H.
2487 2733 2754 2795 Valesius,

258 2826 444 2868 annot.
468 2818 583 2868 inl.
608 2818 679 2868 11.
705 2818 774 2877 H.
799 2820 865 2868 E.
892 2834 939 2869 c.
966 2820 1047 2869 16.
1084 2836 1135 2884 p.
1160 2820 1243 2869 34.
1292 2819 1355 2869 A.
1390 2820 1608 2886 Pagius,
1647 2819 1776 2871 Crit.
1809 2820 2002 2871 Annal.
2038 2821 2256 2871 Baronii
2291 2834 2339 2871 a.
2375 2822 2458 2871 45.
2485 2820 2526 2881 1,
2557 2821 2676 2869 318.
2705 2822 2755 2871 9.

255 2905 329 2955 H.
364 2904 647 2967 Baluzius,
692 2910 801 2955 not.
838 2905 909 2955 ad
943 2904 1301 2956 Lactantium.
1340 2905 1424 2956 ed.
1462 2906 1654 2957 Ultrai.
1697 2909 1846 2957 1693.
1897 2924 1951 2973 p.
1991 2910 2071 2957 10.
2122 2906 2173 2957 J.
2213 2906 2276 2957 G.
2309 2907 2535 2970 Herbst,
2573 2907 2663 2959 ub.
2703 2906 2756 2956 d.

254 2990 575 3042 Aufenthalt
610 2991 705 3041 des
728 2992 828 3057 Ap.
855 2992 1045 3041 Petrus
1069 2993 1123 3041 in
1148 2992 1298 3053 Rom,
1336 2994 1393 3042 in
1419 3007 1541 3042 ann.
1580 2993 1918 3054 Quartalsch.
1949 2996 2098 3044 1820.
2136 3011 2187 3059 p.
2215 2996 2333 3044 605.
2359 3011 2402 3044 s.
2451 2994 2505 3044 J.
2529 2994 2754 3044 Rutten-

258 3078 435 3140 stock,
474 3078 542 3128 H.
568 3079 634 3129 E.
670 3079 713 3142 I,
742 3080 858 3130 178.
910 3079 1113 3129 Contra
1147 3095 1281 3145 quos
1318 3080 1660 3145 disputarunt
1695 3062 1988 3131 doctissimi
2024 3081 2284 3147 Theologi
2317 3082 2508 3131 nostri:
2547 3080 2756 3131 Natalis

256 3165 583 3229 Alexander,
620 3167 678 3216 in
712 3166 852 3217 Hist.
879 3166 1011 3216 eccl.
1036 3181 1177 3216 saec.
1213 3166 1256 3217 1.
1294 3167 1419 3217 diss.
1444 3166 1592 3217 XIII.
1632 3168 1702 3217 de
1737 3169 1978 3219 sessione
2013 3185 2054 3219 s.
2082 3168 2226 3217 Petri
2263 3168 2479 3217 Romae.
2519 3182 2668 3231 prop.
2707 3168 2756 3215 3.

257 3253 361 3315 ΙΠ,
392 3256 508 3305 148.
534 3270 576 3303 s.
624 3253 711 3304 Pr.
736 3253 1011 3314 Maranus,
1049 3253 1217 3321 praef.
1254 3254 1310 3303 in
1347 3252 1449 3317 Op.
1484 3254 1686 3304 Justini
1723 3254 1821 3317 111,
1848 3256 1896 3305 6.
1933 3272 1985 3320 p.
2014 3256 2095 3305 77.
2121 3269 2161 3303 s.
2212 3254 2274 3303 A.
2303 3254 2590 3313 Calmetus,
2631 3252 2756 3303 diss.

260 3341 329 3391 de
382 3340 596 3391 Simone
640 3340 829 3406 Mago,
875 3358 928 3407 p.
962 3343 1080 3391 279.
1120 3356 1161 3390 s.
1210 3340 1261 3390 J.
1300 3340 1361 3390 B.
1401 3340 1723 3403 Cotelerius,
1760 3346 1871 3390 not.
1911 3344 1960 3391 8.
1999 3346 2052 3391 et
2091 3344 2170 3391 15.
2215 3340 2286 3391 ad
2323 3339 2607 3390 Constitut.
2657 3338 2756 3405 Ap.

261 3427 365 3489 VI,
405 3429 454 3477 9.
500 3444 552 3493 p.
590 3430 707 3478 340.
770 3426 1099 3493 Stengelius,
1150 3426 1351 3477 Comm.
1400 3445 1451 3493 p.
1493 3430 1609 3478 196.
1647 3444 1688 3479 s.
1737 3431 1857 3478 201.
1895 3445 1937 3479 s.
1999 3429 2058 3477 P.
2097 3428 2184 3476 Fr.
2224 3427 2542 3493 Pogginius,
2597 3441 2758 3491 opere

260 3514 709 3580 praeclarissimo,
736 3514 805 3565 de
828 3516 1069 3565 Romano
1095 3514 1145 3563 d.
1172 3515 1231 3563 P.
1258 3529 1341 3579 ep.
1368 3530 1543 3565 exerc.
1568 3515 1668 3564 ΙΙΙ.
1695 3516 1784 3564 IV.
1811 3516 1874 3565 V.
1903 3516 1992 3565 VI.
2020 3515 2138 3563 VII.
2164 3515 2310 3564 VIII.
2350 3531 2400 3579 p.
2429 3515 2511 3563 60.
2533 3530 2573 3563 s.
2603 3514 2684 3563 78.
2714 3529 2756 3563 s.

258 3602 347 3650 87.
376 3618 417 3651 s.
457 3603 572 3651 101.
598 3618 641 3651 s.
682 3604 798 3652 127.
824 3616 866 3651 s,
902 3604 1016 3652 139.
1044 3616 1085 3650 s.
1122 3602 1185 3651 A.
1213 3600 1451 3663 Sandini,
1491 3601 1609 3651 hist.
1636 3607 1808 3667 apost.
1846 3618 1896 3667 p.
1935 3604 2018 3651 53.
2053 3618 2094 3651 s.
2145 3601 2432 3667 Gregorius
2469 3601 2757 3662 Cortesius,

260 3692 325 3736 tr.
355 3686 479 3735 adv.
504 3703 623 3752 neg.
652 3688 711 3737 B.
740 3688 955 3739 Petrum
988 3690 1050 3738 A.
1087 3688 1288 3738 Romae
1327 3689 1507 3749 fuisse,
1544 3690 1600 3737 in
1628 3688 1711 3736 ed.
1739 3703 1820 3753 ep.
1848 3689 1971 3737 fam.
1999 3689 2132 3738 Ven.
2164 3690 2313 3738 1673.
2351 3705 2401 3753 p.
2437 3690 2554 3737 311.
2590 3701 2631 3736 s.
2683 3686 2758 3737 St.

258 3774 479 3838 Borgia,
506 3774 679 3823 Vatic.
712 3773 864 3823 Conf.
891 3772 952 3823 B.
978 3775 1133 3823 Petri.
1176 3773 1325 3826 Rom.
1356 3776 1507 3824 1776.
1546 3791 1597 3838 p.
1626 3776 1707 3823 72.
1735 3788 1777 3822 s.
1829 3774 2137 3837 Saccarelli,
2166 3776 2233 3823 H.
2269 3776 2335 3824 Ε.
2372 3774 2414 3831 Ι,
2442 3776 2560 3823 219.
2608 3773 2660 3822 .Ι.
2695 3772 2758 3822 L.

261 3859 597 3925 Selvaggius,
635 3860 813 3925 Antiq.
850 3859 957 3910 chr.
989 3862 1112 3911 inst.
1156 3862 1309 3909 Vere.
1350 3862 1496 3911 1778.
1536 3860 1577 3921 Ι,
1619 3864 1665 3909 1.
1712 3876 1918 3910 excurs.
1957 3865 2000 3910 1.
2040 3878 2090 3925 p.
2131 3864 2213 3909 41.
2249 3878 2292 3911 s.
2347 3861 2398 3910 J.
2436 3860 2633 3920 Braun,
2675 3860 2758 3909 ed.

260 3946 409 4011 apol.
438 3946 490 3996 S.
515 3946 715 3995 Justini
740 3948 810 3995 M.
838 3947 1059 3997 Bonnae
1088 3948 1239 3998 1830.
1268 3942 1351 3997 ad.
1377 3946 1420 4009 Ι,
1450 3950 1533 3997 31.
1576 3946 1666 3995 Fr.
1693 3946 2154 4009 Windischmann,
2187 3947 2466 3995 Vindiciae
2491 3946 2757 3995 Petrinae.

258 4050 313 4099 p.
354 4034 471 4082 112.
506 4050 548 4083 s.
604 4034 894 4099 Stengleiu,
943 4035 1107 4083 XXV.
1138 4033 1277 4097 jiihr.
1314 4034 1567 4099 Episcop.
1605 4035 1752 4083 Petri
1789 4049 1856 4082 zu
1893 4034 2047 4094 Rom,
2094 4035 2148 4082 in
2187 4032 2366 4083 annal.
2404 4031 2540 4082 Tub.
2589 4033 2758 4092 Quar-

258 4119 481 4170 talschr.
512 4122 659 4170 1840.
696 4138 746 4185 p.
774 4123 892 4170 246.
918 4136 961 4170 s.
1012 4120 1303 4182 Wiseman,
1329 4120 1591 4170 Abhandl.
1618 4120 1750 4185 Reg.
1780 4121 1928 4170 1854.
1967 4120 2066 4180 ΙΙΙ,
2094 4121 2211 4169 263.
2237 4136 2280 4169 s.
2331 4118 2541 4179 Aberle,
2569 4118 2760 4168 Petrus

260 4206 361 4256 der
385 4206 623 4272 Apostel,
662 4208 716 4256 in
742 4206 872 4256 Lex.
898 4207 1043 4256 Frib.
1072 4207 1218 4270 VIII,
1245 4209 1361 4257 334.
1390 4222 1430 4256 s.
1478 4208 1532 4257 J.
1558 4206 1786 4269 Bucher,
1824 4220 1918 4255 zur
1945 4205 2194 4255 Chronol.
2235 4206 2329 4255 ‹ler
2358 4204 2759 4269 Apostelgesch.

258 4295 317 4343 in
354 4306 479 4341 ann.
519 4280 719 4343 Osterr.
745 4292 1171 4343 Vierteliahress.
1202 4293 1273 4355 11,
1300 4295 1417 4343 578.
1468 4294 1554 4342 Fr.
1580 4293 1633 4343 J.
1662 4292 1858 4354 Wolf,
1884 4292 2073 4342 Petrus
2099 4293 2154 4341 in
2179 4292 2330 4343 Rom.
2367 4291 2579 4340 Innsbr.
2611 4291 2760 4341 1866.

258 4397 314 4445 p.
345 4380 428 4428 13.
455 4392 496 4427 s.
546 4378 733 4443 Neque
758 4378 891 4429 illud
920 4379 1445 4445 praetermittendum
1470 4379 1640 4429 multa
1676 4378 2056 4444 martyrologia
2091 4378 2211 4428 Kal.
2249 4377 2528 4427 sextilibus
2567 4392 2758 4437 memo·

266 4480 391 4516 rare
437 4464 637 4514 Romae
686 4464 1073 4521 dedicationem
1123 4468 1323 4531 primae
1376 4466 1654 4515 Ecclesiae
1705 4480 1740 4515 a
1785 4465 1942 4514 Petro
1989 4470 2352 4514 consecratae.
2421 4463 2499 4512 Cs.
2551 4464 2639 4512 Fr.
2691 4462 2760 4511 M.

258 4551 601 4613 Florentinii,
652 4566 823 4600 exerc.
864 4552 929 4600 de
965 4553 1137 4616 prima
1172 4550 1373 4601 Romae
1418 4549 1501 4599 ad.
1540 4552 1699 4601 Petro
1739 4550 1984 4600 dedicata
2018 4550 2284 4613 Ecclesia,
2324 4551 2377 4598 in
2416 4550 2448 4598 l.
2489 4550 2760 4599 vetustius

258 4637 549 4688 Ecclesiae
588 4636 951 4687 Occidentalis
989 4637 1438 4702 martyrologium.
1479 4636 1610 4686 Luc.
1642 4639 1792 4686 1668.
1831 4654 1882 4699 p.
1916 4638 2032 4686 697.
2061 4654 2102 4687 s.
