3267 5259
332 698 557 764 Missio
580 698 1047 786 Apostolorum
1077 702 1141 763 in
1174 702 1311 763 uni·
1347 630 1449 680 Pm-

400 808 663 851 versum
698 786 1031 851 mundum.
1074 806 1136 855 A.
1175 822 1225 871 q.
1262 822 1313 855 v.

398 875 684 941 imaginem
772 874 907 925 libro
998 874 1313 941 praefixam3

401 942 596 994 Christi
634 944 898 1009 apparitio
924 942 1132 994 Jacobo
1170 945 1316 995 facta
1354 944 1453 993 175
1503 921 1507 944 Ι

263 1032 320 1109 ξ.
364 1030 471 1095 40.
523 1026 813 1093 Christus
844 1028 1069 1094 ultimo
1113 1052 1153 1093 a
1202 1052 1312 1115 pa·

522 1124 622 1179 ret
678 1114 1029 1201 discipulis,
1099 1138 1134 1180 e
1184 1116 1316 1180 ucit

530 1223 643 1266 eos
660 1202 727 1265 in
744 1211 1031 1267 montem
1053 1200 1313 1285 Oliveti,

527 1286 809 1374 denique
886 1287 1179 1352 aseendit
1250 1289 1317 1353 in

526 1373 779 1439 eoelum
834 1430 1307 1444 .........
1374 1420 1437 1429 -

333 1461 398 1511 N.
414 1463 460 1511 1.
475 1460 529 1512 S.
542 1461 722 1513 Lucas
741 1463 981 1513 scribens
1003 1461 1118 1512 Act.
1136 1465 1183 1526 1,
1201 1464 1283 1513 12.
1300 1479 1313 1512 :

2621 441 2748 507 531

2646 629 2752 679 Pag.

1699 702 1882 762 „Tunc
1947 702 2148 751 reversi
2210 705 2336 750 sunt
2399 700 2616 751 Jeroso·

1695 769 1888 835 lymam
1932 785 1967 820 a
2008 776 2205 831 monte,
2257 770 2348 835 qui
2393 774 2618 820 vocatur

1699 840 1914 903 Oliveti,
1961 839 2176 890 sabbati
2211 839 2414 889 habens
2463 840 2616 902 iter“,

1699 924 1808 959 non
1832 908 2150 959 contradicit
2171 909 2275 961 sibi
2297 908 2504 973 Evang.
2531 910 2614 973 24,

1699 980 1783 1028 30.
1819 982 2023 1029 testans
2053 977 2285 1038 „Eduxit
2318 982 2497 1027 autem
2523 992 2616 1027 eos

1698 1047 1841 1097 foras
1863 1048 1918 1097 in
1939 1045 2313 1110 Bethaniam“;
2337 1046 2464 1097 licet
2481 1046 2616 1097 haec

1699 1116 2005 1181 quindecim
2023 1116 2202 1168 stadia
2219 1116 2288 1166 ab
2309 1116 2456 1167 Urbe
2476 1116 2620 1167 absit
2657 1117 2755 1166 177

1634 1199 1929 1265 Christus
1954 1199 2138 1266 sedet
2161 1200 2246 1265 ad
2271 1200 2610 1265 dexteram

1701 1286 1916 1351 Patris
1956 1344 2605 1357 ............
2658 1307 2756 1356 178

1630 1394 1906 1459 Digressio
1934 1393 2000 1443 de
2027 1392 2222 1445 Christi
2257 1392 2326 1445 ad
2349 1394 2454 1443 Dei
2491 1392 2615 1442 dex-

1700 1468 1868 1512 teram
1898 1464 2136 1512 sessione
2190 1499 2609 1513 ........
2675 1488 2737 1498 -

265 1668 603 1721 DODECAS
651 1669 1255 1732 DISQUISITIONUM
1304 1669 1938 1720 THEOLOGICARUM
1986 1670 2182 1731 QUAE
2227 1669 2326 1720 AD
2375 1666 2757 1721 HISTORIAS

904 1758 970 1807 D.
1016 1758 1081 1807 N.
1127 1756 1309 1807 JESU
1354 1755 1645 1807 CHRISTI
1689 1755 2123 1809 PERTINENT.

263 1890 319 1955 Ι.
406 1890 769 1957 Harmonia
875 1893 1319 1979 Genealogiae

518 1978 755 2044 Christi
776 2002 811 2043 e
833 1978 1087 2045 duobus
1100 1980 1317 2044 Evan-

515 2065 721 2149 geliiS.
746 2086 1145 2135 Enumerantur
1168 2100 1319 2151 prae-

520 2154 664 2217 cipui
724 2155 1039 2220 scriptores,
1100 2156 1193 2219 qui
1254 2154 1321 2203 de

519 2220 717 2271 Christi
781 2222 1111 2288 Genealogia
1181 2238 1319 2273 com-

519 2292 740 2343 mentati
793 2297 917 2342 sunt
950 2330 1311 2343 .......
1361 2294 1460 2344 180

339 2358 531 2424 Capita
573 2360 923 2427 genealogica
957 2360 1155 2413 Christi
1205 2361 1321 2427 plu-

408 2429 551 2479 rimis
621 2428 1027 2480 difficultatibus
1100 2432 1323 2497 obsepta

410 2503 535 2547 sunt
600 2536 1311 2551 .............
1362 2502 1461 2551 182

340 2565 701 2633 Genealogiae
781 2568 1002 2631 Christi,
1075 2585 1208 2635 quas
1280 2586 1322 2620 s.

408 2634 711 2688 Matthaeus
784 2642 837 2687 et
894 2655 937 2689 s.
990 2638 1171 2689 Lucas
1231 2638 1319 2689 ‹ie-

410 2706 759 2771 scripserunt‚
785 2704 1156 2758 ‘historiarum
1218 2706 1321 2757 fide

408 2780 689 2825 contextae
722 2775 989 2826 habentur
1010 2815 1312 2827 ......
1362 2777 1460 2826 183

339 2842 621 2904 Quaestioz
662 2846 927 2910 quomodo
954 2860 998 2898 s.
1016 2846 1321 2895 Matthaeus

409 2914 693 2963 conveniat
741 2918 795 2963 et
840 2915 1068 2979 qualiter
1115 2915 1321 2965 discon-

408 2984 589 3032 veniat
613 2998 733 3033 cum
771 2998 813 3033 s.
839 2983 993 3034 Luca
1016 2985 1069 3033 in
1096 2984 1325 3035 texenda

411 3050 739 3117 Genealogia
789 3051 985 3104 Christi
1038 3054 1322 3119 investiga-

406 3124 493 3169 tur
547 3159 1312 3173 ..............
1364 3122 1462 3172 184

340 3204 680 3271 Exploratur,
718 3223 813 3258 cur
836 3224 878 3259 s.
904 3209 1211 3259 Matthaeus
1234 3225 1323 3273 ge-

409 3274 708 3341 nealogiam
721 3276 777 3326 in
790 3283 895 3327 tres
907 3275 1323 3347 τεσσαραδέκαδας

411 3343 737 3396 distribuerit
781 3385 1311 3398 ..........
1362 3348 1462 3398 185

343 3430 522 3483 Causa
550 3433 867 3497 assignatur,
907 3434 975 3484 ob
1002 3448 1163 3499 quam
1187 3434 1325 3483 forte

412 3506 639 3567 quatuor
676 3517 854 3568 reges:
892 3501 1198 3564 Ochoziam,
1226 3503 1322 3554 Jo-

409 3584 586 3635 asum,
641 3572 911 3621 Amasiam
964 3572 1088 3621 item
1135 3571 1323 3621 Joaki-

410 3638 550 3690 nium
613 3642 1030 3705 praetermiserit
1092 3658 1133 3691 s.
1188 3640 1323 3691 Mat-

412 3708 601 3758 thaeus
666 3746 1313 3760 ............
1377 3738 1443 3747 -

344 3794 451 3845 Cur
510 3796 564 3844 in
629 3796 787 3845 tertia
845 3793 1222 3863 τεσσαραδέκαδι
1281 3813 1323 3847 s.

411 3863 669 3914 Matthaei
707 3864 862 3930 longe
887 3863 1067 3931 plures
1104 3880 1324 3931 genera-

409 3934 583 3984 tiones
654 3936 988 3999 reperiantur
1052 3950 1213 4000 quam
1270 3936 1327 3984 in

413 4003 658 4068 catalogo
696 4018 739 4051 s.
776 4004 959 4053 Lucae
1012 4040 1315 4055 ......
1365 4005 1464 4055 188

344 4088 485 4151 Quid
509 4089 837 4141 censendum
860 4090 927 4140 de
952 4092 1165 4139 nomine
1191 4089 1326 4139 Cai-

412 4160 575 4208 nani
644 4160 895 4221 iunioris,
975 4158 1119 4224 quod
1190 4162 1328 4209 inter

410 4227 699 4280 Abrahami
748 4229 1005 4289 maiores,
1052 4228 1325 4295 Arphaxa—

413 4296 538 4347 dum
574 4302 627 4347 et
663 4296 839 4347 Salem
875 4296 1094 4347 infixum
1131 4296 1329 4348 habent

415 4366 627 4416 codices
664 4382 707 4416 s.
744 4366 945 4429 Lucae,
984 4368 1033 4428 3,
1063 4368 1147 4417 36.
1189 4406 1201 4416 .
1245 4406 1258 4418 .
1304 4405 1315 4417 .
1366 4368 1465 4417 190

276 4450 363 4515 ΙΙ.
388 4450 494 4515 De
526 4448 865 4514 Fratribus
894 4460 959 4515 et
981 4450 1327 4516 Sororibus

524 4537 791 4601 Domini
836 4593 1314 4607 .........
1364 4558 1463 4606 192

345 4624 655 4677 Sententiae
679 4625 782 4677 hac
802 4625 869 4677 de
890 4640 945 4675 re
964 4624 1323 4693 blasphemae.
1365 4627 1461 4675 192

1634 1892 1688 1945 S.
1718 1895 1892 1944 Maria
1927 1898 1982 1944 et
2015 1894 2078 1945 B.
2102 1894 2373 1961 Josephus
2411 1909 2619 1961 semper

1703 1964 2060 2029 virginitatem
2097 1969 2377 2014 servarunt
2421 2002 2434 2015 .
2480 2002 2492 2016 .
2539 2002 2550 2014 .
2597 2002 2608 2014 .
2659 1966 2756 2015 192

1631 2050 1836 2100 Fratris
1861 2049 2152 2115 adpellatio
2177 2052 2232 2101 in
2261 2048 2316 2101 S.
2343 2048 2620 2117 Scriptura

1706 2119 2044 2186 quadruplici
2079 2136 2240 2171 sensu
2275 2121 2499 2170 sumitur
2536 2157 2549 2170 .
2595 2158 2606 2169 .
2657 2120 2756 2171 193

1634 2206 1852 2257 Fratres
1887 2206 2104 2256 Domini
2141 2204 2286 2272 apud
2323 2221 2506 2256 omnes
2541 2207 2620 2256 in-

1705 2281 1964 2341 terpretes
2000 2275 2320 2325 orthodoxos
2355 2280 2482 2325 sunt
2505 2276 2619 2326 eius

1706 2346 1943 2409 cognati3
1981 2360 2204 2411 quorum
2230 2345 2476 2409 cognatio
2502 2359 2618 2410 per-

1705 2415 1931 2479 quiritur
1957 2450 2609 2464 ............
2662 2415 2762 2464 194

1638 2482 1860 2534 Sorores
1871 2482 2089 2533 Domini
2103 2496 2365 2548 quaenam
2383 2482 2619 2535 fuerint?
2657 2485 2756 2533 196

1567 2569 1692 2634 ΙΙΙ.
1758 2568 1862 2632 De
1909 2566 2071 2633 Jesu
2127 2566 2363 2631 Christi
2416 2568 2620 2633 nomi-

1817 2654 2010 2718 nibus
2053 2656 2122 2718 in
2165 2653 2358 2719 Novo
2390 2652 2617 2719 Testa-

1818 2750 2038 2805 mento
2081 2738 2290 2804 obviis
2313 2796 2606 2810 ......
2657 2760 2758 2809 197

1636 2848 1758 2897 Non
1771 2847 1887 2896 sine
1905 2846 2222 2911 gravissima
2233 2844 2621 2911 significatione

1706 2915 1839 2967 Jesu
1875 2915 2091 2965 fuerunt
2124 2915 2341 2965 nomina
2373 2916 2623 2981 imposita
2677 2942 2743 2951 —

1636 3003 1872 3053 Nomen:
1943 2998 2150 3065 Ἰησοῦς,
2215 3002 2320 3059 ΨΦ]
2390 3001 2622 3054 illustra·

1639 3365 1900 3415 Nomina:
1953 3361 2189 3423 Βασιλεύς
2243 3380 2284 3413 τ.
2335 3361 2389 3426 1.,
2439 3362 2620 3431 κύριος,

1707 3432 1984 3502 προφήτης,
2039 3428 2066 3483 ὅ
2121 3426 2222 3491 utin
2277 3430 2452 3496 Δαυίδ,
2512 3432 2624 3492 παῖς

1710 3503 2068 3554 discutiuntur
2080 3540 2614 3553 ..........
2661 3504 2764 3553 200

1639 3590 1970 3656 Adpellatio:
2025 3583 2127 3648 υἱὸς
2161 3590 2250 3639 τοῦ
2288 3586 2413 3640 Θεοῦ
2465 3595 2626 3655 atque

1707 3653 1812 3780 ἒιὶιῖς
1884 3658 1970 3709 τοῦ
2043 3652 2298 3727 ἀνθρώπου
2373 3658 2624 3725 explana·
2663 3728 2762 3777 201

1641 3814 1758 3876 Quo
1796 3830 1958 3865 sensu
1993 3814 2256 3865 Dominus
2293 3814 2488 3865 Noster
2523 3808 2622 3863 Λό-

1707 3900 1794 3951 γος
1831 3883 2072 3933 dicatur?
2136 3918 2612 3935 .........
2660 3882 2764 3933 204

1639 3969 1910 4020 Adversus
1937 3969 2271 4035 quorundam
2295 3970 2626 4035 suspiciones

1709 4038 2034 4089 vindicatur:
2093 4034 2242 4108 λόγον
2298 4038 2347 4089 d.
2395 4039 2625 4089 Joannis

1711 4112 1822 4158 toto
1843 4107 1994 4157 coelo
2017 4107 2224 4157 differre
2245 4109 2314 4158 ab
2341 4108 2433 4157 illo
2461 4122 2625 4171 penes

1711 4176 1988 4227 Philonem
2025 4214 2615 4227 ...........
2663 4140 2765 4225 207

1643 4262 1839 4313 Omnia
1863 4261 2155 4313 Salvator-is
2179 4264 2398 4314 nomina
2429 4264 2484 4312 in
2511 4277 2624 4312 ear-
2735 4324 2742 4331 ι

1712 4348 1834 4382 men
1882 4332 2101 4382 redacta
2145 4346 2180 4382 a
2214 4332 2476 4383 Pontifiee
2516 4331 2626 4381 Da·

1711 4416 1859 4451 maso
1899 4401 2216 4452 exhibentur
2255 4438 2617 4451 .......
2664 4402 2769 4452 210

1640 4488 1746 4549 Qui
1793 4488 2013 4538 nomina
2049 4491 2103 4539 et
2137 4488 2458 4553 cognomina
2492 4487 2628 4538 Jesu

1710 4556 1906 4608 Christi
1938 4556 2166 4623 amplius
2192 4557 2508 4621 discussero,
2545 4572 2625 4606 re-

1709 4631 1993 4679 censentur
2021 4664 2616 4678 ...........
2685 4654 2747 4665 -
