3267 5259
586 368 717 435 456
1320 378 1435 421 nist.
1468 379 1571 421 sev.
1600 378 1690 419 siv.
1721 376 1888 419 period.
1921 378 1974 419 11.
1997 388 2090 429 ap.
2119 377 2318 419 numm.

794 556 1057 626 Biyt-ossio,
1094 576 1197 626 qua
1230 562 1537 609 monstratur
1572 557 1617 607 d.
1659 554 1883 607 Paulum
1916 572 1970 607 eo
2003 554 2211 614 biennio,
2249 555 2391 607 cuim
2423 556 2650 607 meminit
2684 572 2720 607 s.
2753 555 2916 607 Luem
2947 556 3038 607 Art.

593 646 678 705 28,
717 646 806 697 30.
842 646 997 697 vitam
1031 663 1133 696 novi
1154 644 1376 712 finiisse,·
1411 644 1495 695 sed
1526 644 1584 694 in
1622 642 1893 695 libertatem
1928 647 2168 695 assertam
2202 643 2368 695 Roma
2401 642 2681 695 disce-seme.
2719 640 2977 691 Historiae
3009 658 3044 691 s.

590 731 762 793 Pauli,
804 746 937 797 quas
974 731 1024 779 d.
1062 731 1240 779 Lucas
1279 730 1564 791 contexuit,
1602 728 1890 795 perductae
1929 728 1997 778 ab
2037 744 2102 779 eo
2139 734 2264 779 suut
2298 744 2468 794 usque
2503 729 2572 779 ad
2611 728 2853 795 Apostoli
2887 744 2916 778 e
2947 730 3045 777 vin-

590 818 724 869 culis
762 816 1101 867 biennalibus
1138 832 1432 867 excessum.
1480 817 1555 865 Et
1588 817 1646 865 in
1684 815 1760 865 eis
1799 815 2010 881 quidem
2049 831 2188 881 quae
2220 814 2394 865 Paulo
2429 831 2524 881 per
2560 816 2834 865 biennium
2869 830 2968 881 quo
3001 816 3046 863 in

589 920 803 955 carcere
842 905 1041 957 Romae
1080 904 1325 953 detentus
1362 904 1535 953 fuerat
1572 904 1924 967 contigerunt,
1961 918 2003 953 s.
2041 902 2246 953 Lucam
2283 902 2474 953 ducem
2509 902 2785 965 habemus,
2823 904 2910 967 qui
2943 918 3050 951 cum

591 992 643 1044 S.
670 989 841 1043 Paulo
872 993 928 1040 in
964 990 1203 1056 epistolis
1238 991 1305 1040 de
1331 1006 1389 1041 se
1413 992 1531 1057 ipso
1556 994 1802 1052 testante,
1829 1006 1926 1041 nos
1953 1005 1987 1040 a
2011 1006 2136 1039 vero
2161 991 2412 1040 aberrare
2437 1006 2544 1039 non
2567 990 2711 1041 sinit.
2748 990 2888 1052 Quid
2909 990 2974 1040 ab
2995 1004 3048 1039 eo

592 1086 829 1145 tempore
864 1078 1065 1129 Paulus
1103 1079 1285 1143 egerit,
1324 1092 1393 1128 an
1432 1083 1485 1127 et
1522 1092 1630 1143 qua
1667 1078 1966 1139 occasione,
2006 1092 2180 1143 quave
2217 1078 2422 1127 ratione
2459 1076 2691 1127 vinculis
2727 1076 2928 1127 solutus
2961 1077 3049 1126 sit?

592 1166 718 1233 quid
756 1168 881 1215 item
917 1170 1105 1231 postea
1142 1180 1314 1214 rerum
1352 1170 1406 1214 et
1440 1165 1534 1214 ubi
1570 1166 1828 1230 gesserit?
1863 1165 1932 1215 ob
1969 1178 2128 1229 quam
2165 1180 2274 1213 rem
2311 1164 2530 1213 Romam
2567 1164 2789 1214 redierit
2823 1165 2897 1214 ibi
2927 1178 3048 1213 mar·

590 1255 725 1319 tyrio
751 1251 1090 1315 afficiendus3
1118 1251 1217 1301 hoc
1243 1254 1435 1301 acriter
1457 1252 1594 1301 inter
1621 1251 1857 1301 eruditos
1883 1253 2308 1302 controvertitur.
2334 1250 2534 1318 Nempe
2559 1258 2688 1302 sunt
2711 1254 2800 1317 qui
2821 1252 3051 1301 doceant:

594 1339 645 1390 S.
683 1340 965 1389 Paulum
1002 1339 1101 1389 bis
1136 1340 1443 1389 Romanis
1481 1340 1910 1388 constrictum
1946 1337 2152 1389 fuisse
2191 1339 2506 1401 vinculis,
2545 1354 2816 1405 quorum
2851 1340 3054 1405 priora

594 1428 908 1487 evaserit,
946 1425 1439 1492 posterioribus
1476 1430 1750 1477 necatus
1787 1426 2022 1489 fuerit3
2061 1426 2155 1475 ubi
2189 1442 2288 1491 per
2323 1426 2526 1492 aliquot
2563 1425 2867 1476 adhucdum
2903 1440 3054 1475 annos

592 1514 943 1579 Evangelium
982 1513 1364 1579 praedicasset.
1400 1514 1675 1563 Nominari
1713 1518 1954 1577 possunt,
1989 1518 2049 1562 ut
2076 1512 2270 1563 multos
2306 1514 2524 1564 minoris
2564 1515 2896 1563 auctoritatis
2931 1515 3056 1563 viros

594 1602 1089 1667 praetermittamus,
1130 1599 1189 1649 C.
1211 1600 1491 1661 Batonius,
1510 1600 1705 1649 Annal.
1726 1602 1809 1663 61,
1833 1604 1879 1649 1.
1899 1616 1942 1649 s.
1969 1617 2018 1665 p.
2043 1602 2160 1649 583.
2183 1616 2224 1650 s.
2262 1601 2325 1650 L.
2353 1600 2624 1667 Capellus,
2647 1602 2886 1651 Historia
2901 1608 3056 1667 apost.

594 1688 755 1738 illust.
782 1686 1045 1737 Salmurii.
1070 1689 1219 1736 1683.
1243 1703 1295 1752 p.
1317 1689 1399 1735 29.
1424 1703 1463 1735 s.
1498 1686 1561 1735 G.
1582 1686 1889 1748 Henschen,
1917 1687 1984 1736 ad
2004 1687 2054 1737 d.
2075 1688 2216 1737 XVI.
2243 1686 2523 1737 Februarii
2545 1688 2616 1749 11,
2637 1691 2757 1737 857.
2794 1688 2846 1738 J.
2865 1689 3056 1738 iVesse-

595 1775 714 1835 lius,
736 1789 810 1825 or.
836 1773 901 1823 de
920 1773 1171 1823 laudibus
1192 1773 1289 1837 Ap.
1311 1772 1464 1823 Pauli
1486 1774 1570 1823 ad.
1593 1790 1638 1821 c.
1667 1774 1791 1823 diss.
1813 1788 1855 1823 s.
1883 1773 2134 1823 Leidens.
2158 1774 2333 1839 Lugd.
2353 1776 2414 1823 B.
2440 1776 2588 1824 1721.
2608 1791 2662 1840 Ρ.
2686 1776 2805 1825 542.
2837 1774 3058 1835 Sandini,

594 1862 733 1911 Hist.
760 1875 846 1926 ap.
872 1878 923 1926 p.
950 1862 1033 1911 90.
1076 1860 1127 1909 .Ῑ.
1154 1860 1494 1923 Pearsonius,
1520 1860 1710 1909 Annal.
1749 1860 1959 1910 Paulini
1995 1860 2077 1910 ed.
2103 1860 2364 1911 Dodwell.
2401 1860 2632 1911 Londin.
2674 1862 2824 1912 1688.
2849 1878 2900 1927 p.
2927 1864 3002 1911 19.
3023 1879 3058 1911 s.

596 1950 655 1999 P.
680 1948 743 1999 Ε.
764 1948 799 1997 J
802 1947 1081 2011 ablonsky,
1110 1946 1232 1996 diss.
1255 1946 1320 1995 de
1346 1945 1541 1997 ultimis
1562 1946 1717 1996 Pauli
1742 1962 1830 2013 ap.
1849 1947 2123 1999 laboribus
2144 1948 2212 1997 ab
2233 1948 2386 1998 Luca
2409 1949 2813 2014 praetermissis,
2839 1947 3059 2014 opuscul.

595 2036 693 2097 111,
722 2036 839 2085 292.
866 2052 907 2084 s.
959 2032 1022 2084 G.
1058 2035 1147 2083 Fr.
1176 2033 1345 2097 Gude,
1383 2035 1524 2084 vind.
1562 2034 1759 2084 vincul.
1805 2034 1866 2083 Ρ.
1905 2036 2254 2099 posteriorum
2305 2037 2524 2102 eiusque
2573 2037 2812 2100 martyrii
2846 2038 2902 2085 iu
2935 2051 3060 2085 com-

596 2128 755 2173 ment.
794 2121 859 2171 de
884 2121 1165 2171 Ecclesiae
1189 2120 1494 2186 Ephesinae
1532 2124 1692 2171 statu.
1731 2121 1876 2186 Lips.
1907 2122 2056 2171 1732.
2081 2138 2132 2187 p.
2161 2125 2254 2171 211
2287 2137 2328 2173 s.
2377 2122 2654 2183 Mosheim,
2681 2123 2835 2173 ΕΓΗ.
2859 2122 2909 2172 d.
2933 2122 3060 2171 beid.

596 2210 685 2260 Br.
722 2208 879 2260 Pauli
918 2224 987 2258 an
1025 2208 1073 2257 d.
1100 2207 1423 2257 Timotheus.
1476 2207 1669 2257 Hamb.
1698 2209 1849 2257 1775.
1877 2225 1927 2273 p.
1954 2210 2071 2257 609.
2099 2226 2140 2259 s.
2189 2208 2494 2270 Saccarelli,
2528 2210 2665 2260 Hist.
2691 2210 2840 2259 Eccl.
2863 2209 2931 2272 11,
2957 2210 3061 2258 117.

594 2298 766 2359 Dans,
803 2296 927 2346 diss.
954 2294 1161 2345 deloco
1188 2294 1413 2344 Eusebii
1444 2294 1512 2344 H.
1537 2296 1601 2343 Ε.
1628 2294 1698 2356 Ιῐ,
1726 2297 1809 2345 22.
1836 2296 1928 2361 qui
1952 2295 2018 2345 de
2045 2296 2215 2346 altera
2247 2296 2308 2345 P.
2333 2296 2396 2347 A.
2423 2298 2734 2363 captivitate
2771 2297 2922 2346 Rom.
2946 2298 3060 2361 agit.

596 2385 716 2435 Jen.
748 2385 900 2433 1816.
946 2382 999 2431 J.
1024 2382 1083 2431 P.
1110 2382 1364 2446 Mynster,
1404 2380 1469 2431 de
1506 2381 1706 2431 ultimis
1743 2384 1896 2431 annis
1935 2384 2166 2433 muneris
2193 2382 2472 2449 apostolici
2509 2398 2544 2432 a
2569 2383 2739 2433 Paulo
2765 2386 2919 2449 gesti.
2943 2383 3061 2448 disq.

597 2472 774 2521 Havn.
805 2471 955 2519 1815.
994 2486 1046 2535 p.
1074 2470 1121 2518 8.
1148 2484 1190 2517 s.
1217 2469 1300 2518 65.
1326 2484 1387 2529 s.,
1422 2473 1587 2533 repet.
1626 2469 1679 2518 in
1720 2469 1832 2517 eius
1869 2469 1918 2517 d.
1957 2468 2028 2518 kl.
2066 2468 2139 2519 th.
2167 2468 2315 2519 Schr.
2347 2468 2591 2535 Kopenh.
2629 2471 2790 2520 1825..
2807 2487 2857 2536 Ρ.
2883 2472 2992 2519 291.
3025 2486 3062 2519 s.

598 2558 739 2623 Hug,
787 2556 928 2606 Einl.
968 2555 1036 2617 ΙΙ,
1076 2557 1192 2604 322.
1229 2572 1270 2605 s.
1309 2554 1633 2617 Heinichen,
1675 2555 1756 2604 ed.
1793 2556 2016 2605 Eusebii
2051 2556 2094 2619 1,
2124 2558 2238 2605 162.
2269 2572 2320 2606 ιι.
2355 2559 2404 2607 3.
2453 2556 2710 2620 Wocher,
2755 2556 2842 2607 die
2882 2556 3062 2606 letzten

598 2646 795 2695 Reisen
833 2642 941 2693 und
970 2642 1279 2693 Schicksale
1318 2642 1412 2691 der
1436 2642 1658 2708 Apostel
1684 2642 1870 2692 Petrus
1895 2642 2005 2692 und
2031 2643 2248 2703 Paulus,
2275 2646 2330 2693 in
2356 2659 2478 2693 ann.
2503 2643 2689 2695 Theol.
2715 2644 3060 2705 Quartalschr.

600 2732 737 2782 Tub.
766 2732 915 2781 1830.
942 2746 993 2795 p.
1020 2731 1135 2779 626.
1164 2744 1204 2777 s.
1255 2728 1455 2791 Schott,
1494 2730 1633 2793 lsag.
1673 2744 1816 2795 spec.
1853 2746 1904 2795 p.
1948 2730 2062 2780 198.
2101 2745 2140 2779 s.
2191 2730 2367 2793 Mack,
2407 2730 2698 2781 Comment.
2738 2732 2825 2781 ub.
2861 2731 2942 2781 die
2973 2731 3059 2779 Pa-

600 2818 842 2869 storalbr.
868 2834 919 2879 p.
947 2818 1063 2866 527.
1090 2832 1132 2866 s.
1176 2814 1438 2879 Neander,
1467 2814 1660 2866 Gesch.
1687 2816 1736 2865 d.
1763 2816 1963 2866 Pflanz.
1990 2816 2070 2867 ed.
2099 2819 2147 2865 3.
2174 2818 2367 2867 Hamb.
2398 2820 2546 2867 1841.
2572 2817 2616 2878 1,
2641 2820 2762 2867 453.
2787 2835 2829 2868 s.
2866 2816 3058 2874 Aberle,

602 2907 655 2955 in
694 2904 873 2954 Frieb.
908 2902 1242 2953 Kirchenlex.
1278 2902 1425 2965 VIII,
1452 2906 1569 2953 255.
1608 2918 1649 2951 s,
1701 2901 1992 2968 Dollinger,
2032 2902 2154 2953 Chr.
2189 2920 2242 2953 u.
2277 2904 2472 2953 Kirche
2498 2921 2550 2969 p.
2579 2906 2660 2953 79.
2699 2920 2742 2954 s.
2801 2905 2864 2953 A.
2891 2904 3056 2963 Maior,

600 2991 744 3043 Einl.
782 3008 834 3057 Ρ.
862 2992 978 3040 208.
1018 3007 1058 3040 s.
1098 2990 1348 3053 Guerikc,
1386 2990 1836 3054 Gesammtgesch.
1874 2990 1924 3039 d.
1959 2990 2024 3039 N.
2058 2991 2120 3039 Τ.
2157 3008 2208 3057 p.
2245 2993 2328 3040 53.
2367 3008 2409 3041 s.
2458 2990 2697 3057 Bisping‚
2734 2990 3056 3041 Riimerbrief.

600 3080 798 3129 Miinst.
828 3079 979 3127 1854.
1013 3094 1065 3142 p.
1092 3078 1175 3125 58.
1201 3094 1242 3128 s.
1292 3077 1353 3127 A.
1394 3077 1707 3142 Wiesinger,
1748 3077 1832 3127 (lie
1867 3076 2043 3127 Briese
2081 3077 2174 3127 des
2211 3077 2309 3143 Ap.
2345 3078 2406 3127 P.
2441 3093 2508 3128 an
2535 3077 2638 3127 Tit.
2665 3078 2800 3128 Tim.
2827 3077 3056 3141 Ktinigsh.

606 3168 755 3217 1850.
780 3182 831 3231 p.
860 3166 977 3213 575.
1027 3164 1251 3226 Huther,
1276 3164 1421 3214 Einl.
1457 3164 1513 3213 iu
1538 3164 1624 3213 die
1652 3164 2082 3215 Pastoralbriefe.
2122 3164 2265 3215 Gett.
2304 3166 2453 3215 1859.
2491 3181 2542 3231 p.
2568 3166 2651 3213 24.
2680 3182 2723 3215 s.
2771 3166 2899 3227 Leo,
2925 3163 3056 3213 Pauli

604 3270 684 3320 ep.
714 3254 804 3303 alt.
832 3252 916 3302 ad.
943 3252 1076 3301 Tim.
1102 3269 1154 3316 p.
1183 3252 1261 3301 12.
1290 3266 1330 3300 ει.
1378 3251 1605 3313 Bucher,
1641 3267 1736 3301 zur
1771 3251 1964 3302 Chron.
2005 3252 2149 3303 Oest.
2187 3253 2250 3303 V.
2288 3254 2437 3303 1863.
2480 3270 2530 3317 p.
2557 3254 2678 3303 587.
2727 3254 2790 3302 Ρ.
2813 3253 2873 3302 Β.
2899 3252 3058 3310 Galus,

604 3340 886 3403 Kircheng.
926 3355 973 3388 ν.
1012 3337 1263 3404 Spanien.
1300 3338 1429 3402 Reg.
1459 3338 1609 3389 1862.
1636 3338 1678 3401 I,
1705 3340 1755 3388 5.
1781 3356 1824 3389 s.
1859 3340 2046 3403 Bleek,
2083 3339 2226 3390 Einl.
2264 3356 2314 3406 p.
2340 3341 2458 3389 465.
2486 3341 2604 3389 484.
2639 3356 2683 3390 s.
2733 3340 2992 3397 vellemus,
3015 3339 3060 3385 in

606 3426 842 3477 Credner
867 3424 1057 3475 Gesch.
1084 3425 1134 3474 d.
1160 3430 1386 3475 neutest.
1426 3426 1633 3475 Kanon.
1675 3424 1813 3475 Berl.
1844 3427 1993 3475 1860.
2019 3443 2069 3492 p.
2095 3429 2179 3475 52.
2206 3443 2246 3476 s.
2293 3426 2357 3476 F.
2382 3426 2624 3489 Werner,
2651 3428 2708 3475 in
2734 3431 2834 3477 (ist
2859 3424 3060 3474 Viertel·

597 3512 917 3579 jahresschr.
958 3513 1109 3561 1863.
1146 3528 1195 3577 p.
1235 3512 1353 3561 321.
1382 3513 1532 3564 1864.
1561 3514 1605 3560 1.
1633 3528 1674 3562 s.
1731 3512 1898 3577 Sepp,
1933 3511 2124 3561 Gcsch.
2164 3513 2256 3562 der
2292 3512 2510 3578 Apostel
2535 3530 2586 3578 p.
2615 3514 2736 3563 280.
2763 3528 2805 3562 s.
2855 3510 3062 3567 Ginellau

605 3600 670 3650 de
696 3599 840 3649 auth.
866 3614 947 3663 ep.
974 3613 1016 3646 s.
1041 3598 1194 3647 Pauli
1221 3602 1355 3663 past.
1378 3616 1427 3664 p.
1456 3601 1570 3648 120.
1596 3615 1640 3647 s.
1687 3598 1889 3663 Lange,
1925 3603 2095 3665 apost.
2131 3599 2338 3649 Zeitalt.
2373 3600 2444 3661 Π,
2471 3600 2590 3649 374.
2637 3598 2895 3664 Herzog's
2919 3600 2976 3648 R.
3003 3597 3057 3646 Ε.

604 3687 697 3749 XI,
727 3688 843 3736 144.
870 3704 911 3735 s.
962 3684 1127 3734 Secus
1154 3686 1391 3734 sentiunt
1426 3683 1533 3747 alii,
1572 3687 1661 3750 qui
1701 3684 1966 3751 duplicem
2003 3684 2212 3735 modum
2239 3686 2469 3735 carceris
2497 3687 2700 3735 romani
2729 3688 3063 3750 praestruunt,

695 3820 841 3827 --——--
938 3819 1016 3825 ...-

606 3886 838 3938 tumulus
876 3890 994 3937 est?
1028 3884 1249 3936 ostende
1286 3885 1413 3934 mihi
1449 3890 1504 3934 et
1538 3885 1622 3935 dic
1659 3900 1766 3950 quo
1806 3885 1892 3935 die
1927 3892 2166 3935 mortuus
2201 3886 2304 3935 sit?
2337 3886 2406 3934 At
2431 3884 2628 3936 Christi
2665 3902 2934 3937 servorum
2968 3892 3065 3935 tam

607 3973 887 4041 splendida
935 3972 1181 4038 sepulcra
1226 3976 1365 4033 sunt,
1403 3977 1465 4020 ut
1500 3986 1640 4037 quae
1688 3971 1875 4022 urbem
1928 3973 2437 4037 praestantissimam
2492 3975 2824 4039 occuparint,
2871 3982 2922 4023 et
2965 3972 3067 4021 dies

607 4064 719 4113 noti
766 4068 927 4126 atque
976 4060 1122 4123 clari,
1162 4061 1251 4125 qui
1287 4059 1407 4109 festi
1444 4074 1479 4109 a
1512 4064 1625 4109 toto
1665 4058 1794 4109 orbe
1839 4059 2222 4109 celebrentur.“
2263 4060 2419 4110 Hom.
2459 4060 2651 4111 XXVI.
2687 4062 2746 4111 iu
2783 4077 2866 4127 ep.
2903 4060 2968 4109 11.
3003 4058 3062 4107 ad

610 4149 729 4199 Cor.
757 4163 806 4197 n.
834 4150 917 4198 25.
944 4164 994 4213 Ρ.
1022 4149 1139 4197 625.
1167 4146 1571 4197 consueverant
1597 4144 1885 4196 Christiani
1920 4146 2046 4196 inde
2071 4162 2104 4196 a
2129 4148 2311 4213 primis
2349 4148 2701 4213 temporibus3
2739 4164 2850 4198 non
2881 4152 3066 4197 tantum

608 4238 699 4302 qui
722 4236 924 4286 Romae
962 4240 1128 4293 erant,
1167 4232 1263 4283 sed
1300 4248 1365 4283 ex
1400 4234 1766 4305 remotissimis
1793 4232 2026 4283 Orientis
2051 4248 2206 4299 quam
2234 4232 2541 4285 Occidentis
2579 4236 2838 4299 partibus,
2861 4236 3064 4299 ipsaque

610 4321 745 4372 adeo
772 4321 1005 4383 Perside,
1032 4322 1251 4369 Romam
1288 4324 1492 4385 petere:
1531 4324 1591 4368 ut
1626 4318 1854 4370 tumulos
1879 4318 2254 4393 Apostolorum
2287 4321 2580 4371 inviserent
2603 4326 2658 4370 et
2681 4325 3063 4371 venerarentur:

614 4409 708 4469 „In
744 4410 891 4473 regia
924 4409 1056 4457 urbe
1094 4408 1277 4469 Roma,
1316 4408 1391 4455 ait
1424 4404 1565 4455 idem
1602 4422 1643 4456 s.
1673 4404 2096 4471 Chrysostomus,
2133 4407 2271 4457 hom.
2299 4406 2440 4471 quod
2467 4406 2588 4457 Chr.
2615 4409 2685 4457 sit
2709 4408 2872 4468 Deus,
2907 4405 3064 4456 missi.-

611 4494 731 4545 aliis
756 4496 998 4546 omnibus
1024 4496 1093 4545 ad
1118 4494 1421 4560 sepulcrum
1455 4494 1736 4559 piscatoris
1764 4499 1818 4545 et
1841 4495 2124 4545 tentorium
2162 4493 2364 4562 opificis
2403 4499 2690 4547 accurrunt
2721 4495 3063 4563 imperatores,

612 4580 874 4642 consules,
913 4583 1237 4633 exercituum
1275 4580 1489 4633 duces“.
1528 4581 1567 4643 1,
1607 4584 1726 4633 570.
