3267 5259
628 448 753 514 140
1302 461 1418 502 Εἰσὶ.
1448 460 1557 504 Rev.
1584 460 1674 503 div.
1705 461 1756 503 Π.
1782 460 1833 504 Τ.
1861 459 2030 503 Pei-lod.
2057 460 2094 501 1.
2113 472 2206 512 cap.
2235 460 2438 502 alterum.

829 634 1053 699 Judex
1096 636 1292 720 igitur
1352 657 1385 699 e
1446 636 1774 720 praetorio
1839 656 2167 719 egressus,
2230 635 2405 699 iusso
2467 632 2724 699 Christo
2771 655 2842 697 se
2899 634 3075 717 sequi,

623 750 833 833 ipsum
856 752 875 791 ¹
963 746 1236 812 Judaeis
1294 746 1650 811 videndum
1709 746 2012 832 praebuit
2026 748 2068 811 ².
2145 746 2353 812 Foras
2415 767 2572 831 ergo
2633 746 2853 831 prodit
2911 744 3077 809 Jesus

625 881 773 924 cum
820 882 1067 925 corona
1112 861 1341 946 spinea
1386 868 1581 945 atque
1627 867 1812 923 veste
1843 880 2174 945 purpurea
2225 858 2486 923 indutus
2499 861 2550 941 ³3
2597 880 2795 943 quem
2837 856 3077 922 Judaeis

622 970 871 1036 Pilatus
930 969 1281 1036 ostendens
1344 970 1609 1037 dicebat
1668 971 1868 1053 ‚Ecce
1914 971 2132 1036 homo‘
2151 976 2195 1035 ⁴.
2257 969 2394 1035 Sed
2444 970 2531 1034 illi
2577 972 2786 1055 mag-is
2830 968 3074 1033 invales-

625 1092 849 1147 centes
894 1082 980 1147 ad
1026 1105 1290 1147 crucem
1336 1082 1660 1148 Christum
1704 1082 2088 1169 poscebant.
2163 1080 2430 1163 Pilatus,
2491 1084 2601 1167 qui
2646 1080 2894 1145 mavult
2950 1080 3078 1145 alie-

624 1218 781 1259 num
825 1217 967 1259 esse
1016 1197 1261 1260 crimen
1309 1217 1503 1282 quam
1550 1218 1759 1277 suum,
1805 1194 2076 1259 Judaeis
2107 1194 2302 1259 dixit:
2351 1196 2402 1259 si
2441 1217 2588 1259 eum
2623 1195 2887 1258 omnino
2916 1193 3078 1257 vultis

626 1307 938 1393 crucifigi,
983 1310 1107 1393 ipsi
1152 1318 1369 1373 vestro
1416 1307 1484 1372 id
1531 1308 1727 1373 facite
1773 1308 2062 1393 periculo
2081 1312 2122 1371 ⁵.
2168 1308 2407 1373 Judaei
2455 1329 2600 1371 cum
2645 1306 2868 1371 laesae
2911 1306 3078 1369 maie-

624 1422 805 1484 statis
850 1442 1035 1483 reum
1082 1442 1225 1484 esse
1272 1421 1315 1485 J
1320 1442 1501 1485 esum
1546 1420 1755 1486 Pilato
1802 1420 2202 1506 persuadere
2261 1443 2392 1484 non
2450 1429 2748 1506 possent,
2807 1417 3076 1503 blasphe-

622 1534 791 1596 miae
882 1554 1192 1597 accusare
1268 1532 1591 1617 urgebant
1616 1536 1660 1597 ⁶.
1773 1532 1904 1597 Ubi
1976 1555 2134 1597 vero
2212 1534 2425 1597 statim
2515 1530 3082 1596 animadverterent
3180 1580 3181 1615 ἶ

624 1643 903 1707 Pilatum
972 1646 1183 1709 minus
1252 1667 1478 1710 curare
1548 1647 1796 1709 crimen
1861 1644 2306 1731 blasphemiae
2375 1643 2632 1711 Christo
2699 1646 3080 1723 intentatum,

621 1756 901 1821 redeunt
946 1757 1031 1821 ad
1074 1759 1357 1843 priorem
1408 1758 1928 1839 accusationem,
1993 1755 2327 1821 seditionis
2386 1756 2635 1821 scilicet
2695 1764 2764 1820 et
2821 1754 3082 1819 affectati

623 1870 829 1953 regni.
890 1869 1033 1933 Nec
1078 1869 1455 1955 simpliciter
1500 1872 1769 1933 crimen·
1794 1868 1920 1932 hoc
1965 1878 2304 1955 repetunt,
2369 1868 2485 1933 sed
2541 1867 2792 1934 addunt
2846 1868 3081 1931 commi·
3180 1930 3181 1967 ᾖ

624 1983 977 2064 nationem,
1025 2004 1093 2045 se
1140 1981 1310 2045 hanc
1357 2004 1621 2045 causam
1657 1982 1739 2047 ad
1771 1980 2054 2046 tribunal
2087 1980 2387 2045 Caesaris
2419 1979 2746 2045 delaturos
2762 1984 2804 2043 ⁷.
2847 1980 3082 2045 Veritus

622 2092 870 2158 Pilatus
914 2116 997 2158 ne
1057 2096 1267 2177 gratia
1313 2093 1613 2159 Caesaris
1661 2104 1725 2157 et
1771 2092 1970 2158 officii
2017 2093 2330 2178 dignitate
2379 2092 2770 2175 excederet,
2832 2092 3086 2158 ‚Jesumfl
3180 2084 3181 2139 {

837 2356 871 2422 ¹)
922 2355 1151 2407 Caesum
1188 2362 1243 2407 et
1278 2356 1497 2407 ridicule
1537 2358 1802 2407 amictum.
1841 2357 1884 2421 ²)
1934 2357 2116 2407 Voluit
2159 2360 2222 2405 ut
2264 2360 2556 2417 cernerent,
2609 2355 2878 2419 quomodo
2911 2354 3080 2404 Jesum

625 2460 721 2510 pro
760 2444 887 2494 ludo
925 2445 1153 2509 iocoque
1200 2445 1370 2509 ipsius
1418 2444 1613 2494 milites
1659 2443 1986 2494 habuissent.
2051 2443 2092 2507 ³)
2143 2441 2319 2507 Signis
2368 2441 2578 2491 ridiculi
2631 2458 2742 2492 non
2791 2444 2899 2491 veri
2945 2441 3084 2505 regis.
3180 2450 3181 2497 j

625 2530 667 2596 ⁴)
704 2530 779 2581 Ut
814 2546 995 2580 eorum
1032 2530 1449 2581 misericordiam
1488 2534 1740 2580 moveret.
1789 2530 1852 2591 Q.
1879 2530 1930 2579 d.
1967 2530 2148 2579 inveni
2173 2529 2438 2579 hominem
2474 2527 2634 2589 hunc,
2659 2543 2731 2578 an
2765 2530 2814 2578 is
2843 2528 3082 2587 videatur,

630 2618 722 2683 qui
758 2633 939 2683 regem
989 2632 1045 2667 se
1094 2616 1271 2667 facere
1320 2616 1551 2666 voluerit
1594 2616 1960 2666 Judaeorum?
2015 2615 2207 2681 Sperat
2259 2615 2466 2665 Pilatus
2521 2630 2578 2665 se
2634 2615 2850 2665 tandem
2898 2615 3084 2664 feroces
3180 2596 3181 2657 ξ

622 2703 949 2753 molliturum
1000 2704 1229 2765 animos,
1281 2718 1463 2753 verum
1512 2702 1730 2752 humani
1775 2702 1904 2752 nibil
1955 2704 2011 2751 in
2049 2702 2280 2752 clamore
2315 2702 2589 2751 incondito
2627 2704 2860 2751 omnium
2895 2716 3084 2751 crucem

623 2790 853 2840 Domino
890 2790 1085 2839 Nostro
1123 2790 1525 2852 postulantium.
1588 2790 1629 2853 ⁵)
1667 2788 1915 2839 Timebat
1949 2804 2057 2838 non
2093 2789 2208 2837 sine
2245 2802 2428 2847 causa,
2466 2804 2534 2837 ne
2571 2791 2882 2853 sanguinem
2919 2786 3086 2837 funde·

624 2880 705 2926 ret
740 2877 1103 2937 innocentem,
1154 2878 1283 2942 quia
1328 2875 1515 2925 Jesum
1563 2878 1827 2926 insontem
1877 2876 2091 2925 omnino
2141 2890 2260 2925 esse
2308 2878 2424 2924 erat
2460 2873 2768 2939 plenissime
2803 2888 3086 2939 persuasus.

625 2961 667 3029 8)
707 2962 859 3023 Quae
896 2962 1115 3025 capitali
1164 2963 1427 3027 supplicio
1477 2960 1817 3011 afficiendum
1865 2962 2166 3011 istiusmodi
2213 2960 2480 3011 hominem
2529 2961 2704 3023 iubet,
2764 2960 2905 3026 quod
2941 2959 3086 3008 filium
3180 2964 3181 2987 ³

622 3049 727 3099 Dei
765 3064 823 3097 se
860 3048 1058 3097 fecerit.
1119 3048 1251 3097 Inde
1289 3049 1495 3099 Pilatus
1534 3047 1784 3113 religioso
1823 3048 2054 3113 quodam
2099 3052 2242 3097 metu
2291 3048 2569 3112 perculsus
2607 3050 2736 3097 avet
2769 3062 3087 3112 cog-noscere,

628 3134 756 3201 quid
793 3136 862 3185 sit
898 3134 964 3183 de
1002 3134 1103 3183 hac
1140 3136 1485 3185 accusatione
1521 3134 1866 3197 Judaeorum,
1922 3134 2066 3200 quod
2101 3134 2264 3184 Jesus
2303 3150 2360 3183 se
2397 3134 2570 3199 ipsum
2611 3132 2776 3183 filium
2811 3134 2916 3183 Dei
2951 3134 3090 3182 fecit?

624 3222 821 3271 Verum
860 3237 979 3270 cum
1016 3236 1124 3271 non
1162 3234 1341 3271 amore
1376 3223 1593 3286 pietatis
1641 3221 1696 3269 id
1747 3225 2052 3286 quaereret,
2099 3236 2208 3270 non
2255 3222 2514 3270 immerito
2563 3234 2596 3269 a
2641 3219 2852 3271 Christo
2905 3219 3088 3269 nullum

625 3308 822 3373 accipit
857 3322 1188 3372 responsum.
1237 3307 1393 3369 Quod
1429 3310 1603 3373 ipsum
1643 3322 1802 3372 aegre
1837 3307 1975 3369 tulit,
2015 3312 2070 3356 et
2095 3305 2306 3356 Christo
2345 3306 2646 3372 exprobrat,
2671 3322 2921 3372 vaneque
2955 3312 3082 3372 pote-

624 3400 814 3445 statem
852 3396 1018 3445 iactat
1054 3410 1111 3444 se
1148 3392 1345 3443 habere
1382 3394 1469 3443 vel
1504 3393 1850 3459 crucifigendi
1885 3392 2071 3443 Jesum
2106 3392 2194 3442 vel
2231 3392 2546 3443 dimittendi.
2593 3394 2752 3443 Hanc
2801 3394 3090 3442 iactantiam
3180 3438 3181 3465 ÷

624 3480 1003 3531 humanissime
1040 3481 1269 3545 castigat
1305 3479 1548 3530 Christus
1584 3496 1874 3546 responso:
1924 3480 2052 3529 data
2095 3479 2193 3529 tibi
2243 3496 2271 3528 e
2317 3479 2468 3529 coelo
2517 3481 2572 3529 in
2619 3496 2705 3529 me
2755 3484 2990 3545 potestas
3023 3481 3090 3526 est

624 3566 816 3627 Pilato,
854 3571 911 3616 tu
948 3566 1163 3631 quidem
1202 3566 1363 3631 culpa
1397 3582 1505 3617 non
1542 3581 1722 3630 cares3
1763 3565 1858 3616 sed
1895 3566 1987 3630 qui
2025 3566 2242 3615 tradidit
2277 3582 2360 3615 me
2390 3566 2486 3615 tibi
2515 3594 2576 3602 —
2603 3564 2864 3631 singulari
2889 3578 3090 3615 numero
3180 3572 3181 3593 l

625 3667 721 3718 pro
771 3652 967 3717 plurali
1006 3654 1179 3718 posito
1223 3655 1257 3703 i.
1286 3668 1330 3703 e.
1368 3652 1567 3702 iudaici
1603 3668 1850 3717 proceres
1900 3678 1967 3687 —
2013 3652 2173 3717 longe
2209 3652 2424 3716 gravius
2462 3654 2810 3702 committunt.
2863 3652 3090 3702 Animum
3180 3676 3181 3725 ζ

624 3738 785 3788 Pilati
811 3754 919 3787 non
944 3736 1131 3788 leviter
1156 3740 1329 3805 tetigit
1349 3738 1591 3789 Christus
1615 3739 1719 3788 hoc
1741 3754 2001 3800 sermone,
2029 3742 2084 3787 et
2104 3738 2198 3788 ubi
2215 3738 2380 3789 Jesus
2405 3740 2615 3803 peccati
2639 3740 2809 3804 ipsius
2835 3738 3089 3789 conscien·

625 3826 752 3874 tiam
792 3826 1047 3888 convicit3
1086 3825 1209 3874 hinc
1246 3840 1365 3874 eum
1402 3826 1694 3875 maioribus
1730 3825 1934 3875 viribus
1971 3840 2132 3890 quam
2169 3830 2293 3874 ante
2329 3824 2536 3875 studuit
2568 3825 2816 3875 liberare.
2873 3824 2916 3889 ⁷)
2951 3824 3090 3873 Voci·
3180 3846 3181 3901 }

626 3912 886 3961 fetantes:
942 3910 999 3960 Si
1045 3910 1308 3961 hominem
1353 3912 1539 3973 istum,
1594 3912 1688 3976 qni
1735 3926 1913 3977 regem
1967 3926 2024 3961 se
2073 3911 2345 3977 professus
2395 3916 2490 3973 est,
2529 3911 2764 3973 dimittis,
2801 3912 2919 3976 ipso
2965 3910 3090 3959 facto
3180 3914 3181 3981 ζ

626 3998 897 4059 declaras,
952 4003 1006 4047 te
1051 3998 1277 4047 amicum
1326 3997 1575 4048 Caesaris
1608 4013 1718 4048 non
1755 4012 1897 4061 esse;
1954 4013 2073 4047 cum
2109 4000 2230 4047 iura
2262 3998 2432 4062 ipsius
2468 4013 2576 4047 non
2613 3998 2845 4059 tuearis,
2901 4012 2966 4047 ae
3009 4008 3092 4060 pro

624 4087 811 4135 merito
848 4100 957 4134 non
991 4085 1185 4150 punias
1220 4085 1515 4135 maiestatis
1548 4084 1732 4136 laesae
1771 4099 1933 4135 reum.
1967 4085 2206 4135 Noverat
2239 4084 2441 4133 'riberii
2467 4085 2702 4133 animum
2728 4084 2952 4144 Pilatus,
2973 4083 3092 4133 scie·
3180 4076 3181 4091 ³

624 4172 825 4242 batque
881 4174 1137 4236 quantum
1190 4170 1395 4220 valeret
1459 4172 1819 4222 testimonium
1872 4170 2202 4221 Judaeorum
2256 4170 2548 4236 malignum
2609 4200 2673 4209 --
2729 4170 2852 4220 coll.
2903 4170 3093 4227 Tacito,

623 4257 816 4307 Annal.
841 4258 939 4319 m,
967 4257 1050 4306 38.
1088 4274 1139 4322 p.
1169 4260 1284 4307 112.
1340 4285 1408 4293 —
1462 4257 1585 4307 hinc
1630 4257 1697 4307 de
1745 4257 2020 4322 proposito
2069 4273 2167 4308 suo
2219 4262 2390 4307 motus
2441 4262 2536 4319 est,
2597 4272 2662 4307 ac
2708 4271 2869 4321 age-re
2915 4256 3093 4304 iniuste
3180 4278 3181 4293 κ

626 4343 831 4408 aliquid
866 4344 1083 4405 mavult,
1122 4359 1281 4408 quam
1316 4345 1445 4409 pati.
1500 4343 1581 4392 cf.
1617 4344 1680 4392 L.
1706 4343 1796 4393 Fr.
1823 4342 1887 4393 O.
1913 4342 2494 4408 Baumgarten-Crusii,
2534 4343 2600 4393 de
2642 4357 2811 4393 causa
2833 4342 2883 4391 J.
2913 4339 3092 4390 Christi
3180 4410 3181 4413 Ἴ

629 4443 809 4479 coram
860 4428 1085 4479 Judaeis
1140 4434 1263 4479 acta
1317 4435 1371 4479 et
1418 4445 1595 4480 coram
1647 4430 1852 4491 Pilato,
1901 4431 1956 4479 in
2006 4446 2190 4495 opusc.
2234 4429 2395 4480 theol.
2450 4430 2573 4479 Jen.
2613 4430 2762 4479 1836.
2811 4445 2860 4493 p.
2901 4429 3013 4476 167.
3057 4442 3094 4474 s.

628 4513 668 4579 8)
706 4515 877 4575 Quem
913 4514 1210 4565 dimittendi
1247 4516 1471 4567 consilio
1509 4516 1798 4582 reliquerat
1833 4518 1888 4564 in
1924 4518 2210 4581 praetorio,
2233 4516 2355 4567 duci
2391 4516 2550 4565 iussit
2584 4521 2736 4565 extra
2767 4514 3094 4580 praetorium,

626 4603 688 4649 ut
721 4598 1050 4651 Judaeorum
1086 4606 1211 4651 voto
1250 4601 1453 4651 faceret
1486 4603 1633 4663 satis,
1675 4618 1902 4667 eumque
1942 4602 2234 4653 damnaret.
