3267 5259
614 423 743 487 256
1372 436 1565 479 Dodona
1592 436 1954 487 mmai-itionum
1979 436 2336 489 theologicarum.

620 598 803 655 totius
850 597 1208 657 narrationis
1251 600 1491 657 veritas.
1540 598 1710 657 Vidit
1755 600 1816 657 id
1859 598 2002 657 olim
2047 599 2164 656 iam
2195 598 2254 657 S.
2296 600 2686 673 Augustinus,
2733 600 2804 657 de
2831 617 3066 657 consensu

614 702 841 777 Evang.
897 702 1023 761 111.
1084 707 1181 775 13,
1242 707 1344 761 50.
1391 724 1449 779 p.
1503 708 1646 761 127.
1701 705 1990 777 sagaciter
2043 723 2286 761 monens
2343 704 2520 781 ,quod
2577 704 2810 761 Marcus
2871 702 3065 759 tertiam

612 808 819 865 horam
878 807 1207 879 recoluerit,
1270 826 1512 885 eamque
1570 809 1830 865 maxime
1885 808 1958 865 ad
2012 808 2048 864 J
2050 809 2370 866 udaeorum
2429 808 2958 866 condemnationem
3015 808 3064 863 in

613 912 853 970 Domini
883 910 1263 971 crucifixione
1292 930 1744 970 commemorare
1773 911 2070 971 voluerit!
2131 914 2472 971 Notandum
2507 918 2656 971 teste
2689 912 2965 981 Cicerone,
2994 929 3064 984 ep.

616 1016 687 1073 ad
718 1016 965 1075 Curium
996 1016 1136 1088 VII,
1176 1022 1277 1075 30.
1310 1017 1399 1075 ed.
1432 1017 1563 1093 Bip.
1598 1016 1742 1089 VII,
1781 1022 1925 1076 241.
1970 1018 2176 1075 horam
2206 1018 2324 1075 diei
2358 1018 2600 1075 tertiam
2623 1050 2710 1059 -—
2735 1036 2882 1095 quae
2915 1035 3064 1074 nonae

612 1126 843 1179 nostrae
872 1121 1181 1197 respondet
1198 1121 1477 1179 ——fuisse
1508 1122 1864 1180 iudiciorum
1885 1141 2260 1180 romanorum
2283 1122 2673 1192 ordinariam;
2707 1126 2768 1179 et
2788 1122 2910 1179 ideo
2929 1122 3060 1179 canit

612 1225 924 1297 Martialis,
988 1225 1173 1301 epigr.
1215 1224 1322 1297 IV,
1366 1232 1425 1283 8.
1484 1226 1758 1296 ,Exercet
1801 1245 2004 1285 raucos
2049 1226 2229 1285 tertia
2271 1226 2633 1285 causidicos!
2707 1224 3058 1288 Quamobrem

612 1336 893 1387 narrante
924 1330 979 1387 d.
1012 1330 1209 1389 Marco
1240 1330 1543 1402 iudicium,
1577 1350 1693 1409 quo
1725 1332 1918 1389 Filius
1960 1332 2076 1389 Dei
2101 1350 2406 1408 oppressus
2433 1336 2522 1389 est
2552 1330 2786 1389 tertia
2815 1337 3063 1405 coeptum,

612 1454 718 1510 per
760 1439 1033 1514 quartam
1076 1436 1459 1515 quintamque
1500 1436 1913 1495 continuatum
1943 1437 2078 1494 fuit.
2125 1436 2276 1493 Sane
2307 1436 2702 1493 accusationes
2729 1434 2764 1491 J
2769 1434 3062 1501 ndaeorum,

612 1540 811 1597 ductio
868 1540 1090 1597 Christi
1150 1541 1223 1597 ad
1268 1540 1549 1611 Pilatum,
1602 1546 1664 1599 et
1723 1540 1957 1599 diversa.
2000 1540 2184 1598 Pilati
2247 1540 2558 1599 conamina
2599 1558 2710 1615 pro
2753 1539 3062 1597 liberatione

614 1643 888 1715 Domini,
966 1644 1075 1703 vix
1142 1646 1391 1703 duarum
1458 1645 1740 1703 horarum
1813 1644 2204 1721 amplitudine
2279 1644 2692 1721 comprehendi
2767 1648 3066 1719 potuerunt.

614 1747 857 1805 Sextam
900 1749 1107 1807 horam
1152 1749 1527 1809 crucifixioni
1572 1769 1692 1807 esse
1735 1750 2146 1823 assignandam
2191 1750 2356 1809 docet
2405 1770 2454 1807 s.
2483 1748 2817 1807 Matthaeus
2850 1752 2942 1818 27,
2967 1750 3066 1813 454

612 1853 765 1930 quod
810 1872 855 1911 s.
886 1854 1123 1912 Marcus
1166 1859 1226 1911 et
1268 1874 1313 1911 s.
1346 1855 1535 1913 Lucas
1582 1858 1682 1925 23,
1734 1858 1836 1913 44.
1881 1854 2164 1928 suffragio
2206 1871 2310 1911 suo
2355 1855 2624 1929 probant.

822 1958 1043 2015 Verum
1089 1959 1392 2018 enimvero
1434 1960 1674 2017 videtur
1723 1978 1952 2035 semper
1997 1959 2186 2015 adhuc
2230 1958 2549 2015 reclamare
2605 1978 2654 2015 s.
2697 1956 2736 2013 J
2737 1974 2943 2014 oannes
2988 1958 3065 2021 19,

618 2066 717 2121 14.
781 2082 1047 2135 narrans,
1094 2064 1247 2141 quod
1292 2063 1521 2121 Pilatus
1566 2064 1710 2121 hora
1761 2063 2142 2141 quasi'sexta
2185 2061 2408 2121 dixerit
2449 2062 2723 2119 Judaeis:
2780 2078 2922 2131 ,ecce
2975 2076 3062 2115 rex

616 2170 850 2225 vester!
940 2168 1149 2225 Postea
1192 2169 1335 2243 ipsis
1380 2169 1571 2225 adhuc
1616 2146 2080 2243 repugnantibus
2125 2166 2428 2225 Christum
2472 2166 2796 2225 tentaverit
2837 2183 2874 2221 a
2913 2173 3068 2219 morte

613 2271 882 2331 liberare.
930 2272 1207 2330 Nondum
1252 2273 1451 2349 itaque
1483 2273 1814 2343 damnatus,
1863 2274 2124 2331 nondum
2163 2272 2416 2329 traditus
2447 2270 2780 2339 lictoribus3
2825 2275 2883 2327 et
2911 2265 3067 2324 multo

614 2375 799 2449 magis
844 2376 991 2433 hora
1033 2380 1205 2435 sexta
1246 2378 1507 2435 nondum
1538 2379 1700 2435 cruci
1729 2377 2104 2451 affigebatur.
2150 2377 2262 2435 Sed
2293 2380 2478 2434 totam
2505 2376 2662 2433 hanc
2691 2372 3068 2433 difficultatem

612 2479 791 2539 solvit
834 2480 1127 2555 particula.
1172 2474 1342 2557 ,ὡσεὶι
1390 2482 1589 2558 quasi;
1639 2482 1818 2540 habet
1860 2481 2018 2539 enim
2062 2483 2138 2539 ab
2181 2486 2428 2559 utroque
2471 2480 2658 2537 latere
2681 2498 2798 2537 non
2825 2478 3070 2551 exiguam

611 2584 1006 2656 latitudinem,
1032 2585 1121 2641 ita
1141 2590 1208 2643 ut
1232 2586 1437 2643 horam
1460 2585 1754 2659 integram
1775 2590 1964 2662 potest
1985 2584 2310 2661 complecti.
2341 2584 2378 2641 J
2380 2603 2476 2641 am
2499 2582 2644 2641 olim
2666 2582 2879 2659 optime
2899 2578 3068 2637 docuit

614 2688 803 2745 Aulus
834 2688 1059 2746 Gellius
1077 2733 1091 2759 ,
1141 2688 1419 2747 Noctium
1460 2691 1799 2747 Atticarum
1839 2690 1890 2743 V
1893 2690 1980 2761 Π,
2028 2695 2129 2747 21.
2193 2690 2344 2760 ‚Duo
2389 2693 2654 2764 tempora
2695 2706 2824 2745 cum
2853 2686 2998 2743 inter
3021 2702 3070 2739 se

612 2793 877 2869 opposita
908 2798 1064 2864 sunt,
1116 2798 1291 2871 atque
1338 2795 1427 2851 ita
1470 2795 1860 2865 cohaerentia,
1909 2800 1980 2851 ut
2017 2794 2262 2851 alterius
2299 2792 2436 2851 finis
2479 2812 2616 2851 cum
2657 2791 2894 2849 alte-rius
2923 2788 3070 2846 initio

612 2896 953 2965 misceatur3
1001 2917 1117 2955 non
1162 2898 1361 2969 refert,
1412 2904 1613 2956 utrum
1661 2917 1768 2974 per
1807 2898 2246 2959 extremitatem
2291 2897 2536 2974 prioris,
2585 2916 2665 2955 an
2709 2915 2814 2971 per
2855 2892 3070 2951 initium

612 3000 907 3077 sequentis
948 3000 1107 3059 locus
1150 3003 1273 3077 ipse
1313 3002 1558 3061 confinis
1596 3004 2071 3062 demonstretur!
2103 3004 2192 3061 ed.
2224 3002 2462 3078 Bipont.
2507 3006 2692 3059 1784.
2725 3001 2776 3071 Ι,
2814 3002 2951 3057 297.
3009 2994 3068 3051 ln

612 3104 773 3163 hunc
802 3106 1037 3163 modum
1066 3127 1112 3163 s.
1139 3105 1327 3164 Lucas
1358 3108 1553 3183 potuit
1582 3108 1792 3179 dicere,
1827 3107 2004 3165 fuisse
2035 3102 2186 3181 ,ὡσεὶ
2217 3106 2336 3183 ὥρα
2367 3106 2518 3177 ἕκτη*
2554 3105 2656 3163 ubi
2681 3106 2818 3163 Jesu
2839 3103 2902 3161 in
2921 3118 3069 3159 cruce

614 3208 902 3284 pendente
934 3211 1205 3267 tenebrae
1234 3209 1421 3269 factae
1452 3216 1615 3281 sunt3
1651 3211 1790 3270 licet
1818 3213 1966 3269 hora
1996 3210 2100 3269 illa
2127 3210 2192 3268 in
2217 3212 2526 3286 septimam
2547 3210 2752 3267 statim
2775 3207 3072 3265 transitura
3190 3230 3191 3269 ἢ

612 3317 777 3371 esset.
810 3312 906 3370 Ex
930 3312 1118 3372 altera
1139 3320 1307 3389 parte
1332 3315 1505 3373 licuit
1524 3336 1570 3373 s.
1587 3314 1626 3373 J
1628 3317 1806 3373 oanni
1839 3316 2158 3385 observare,
2193 3314 2350 3392 quod
2369 3314 2551 3371 fuerit
2575 3314 2720 3371 hora
2743 3304 2888 3387 ,ὡσεὶ
2919 3307 3068 3377 ἕκτης

614 3434 749 3475 cum
779 3416 1127 3477 imminebat
1156 3418 1263 3476 illa
1290 3420 1453 3492 hora,
1486 3426 1547 3479 et
1568 3423 1780 3497 quinta
1801 3419 1977 3495 paulo
2008 3424 2136 3495 post
2167 3419 2428 3475 desitura
2455 3422 2602 3477 erat.
2645 3416 2733 3475 Cf.
2753 3416 2888 3473 Luc.
2909 3418 2962 3483 9,
2984 3416 3068 3468 28.

612 3520 827 3579 Matth.
868 3526 963 3593 17,
1002 3528 1059 3580 2.
1090 3524 1273 3581 Marc.
1312 3529 1367 3595 9,
1408 3531 1461 3583 1.
1496 3526 1707 3602 Itaque
1737 3526 2058 3582 instante
2095 3524 2242 3581 hora
2268 3527 2438 3581 sexta
2463 3522 2634 3579 «Iesus
2665 3520 3070 3583 condemnatus,

612 3625 811 3682 eadem
870 3626 1223 3701 completa
1280 3628 1598 3687 crucifixus
1643 3635 1747 3687 est.
1823 3628 1935 3687 Sed
1979 3628 2224 3685 fortasse
2268 3628 2446 3685 horae
2493 3625 2752 3701 spatium
2797 3620 3071 3681 videbitur
3188 3614 3189 3653 ἶ

612 3728 883 3801 brevius,
937 3749 1115 3807 quam
1158 3736 1230 3790 ut
1270 3733 1539 3793 sufficere
1572 3734 1770 3791 valeat
1798 3734 1871 3791 ad
1903 3734 2016 3789 iter
2061 3751 2096 3789 a
2139 3730 2433 3806 praetorio
2471 3731 2546 3788 ad
2583 3726 2896 3803 Golgotha?
2957 3722 3070 3781 Hoc

612 3834 830 3909 poterit
858 3835 1053 3893 videri
1084 3835 1177 3907 iis,
1210 3838 1311 3913 qui
1344 3856 1462 3895 non
1484 3838 1854 3895 considerant
1876 3835 2257 3912 praecipitem
2288 3834 2506 3893 furoris
2533 3834 2570 3891 J
2573 3834 2884 3892 udaeorum
2903 3830 3070 3903 impe·

610 3945 757 3995 tum.
820 3938 932 3996 Isti
970 3958 1223 4017 namque
1252 3940 1391 3999 licet
1432 3942 1469 3998 J
1471 3962 1633 3999 esum
1677 3940 2044 4000 fatiscentem
2089 3941 2196 3999 sub
2225 3940 2406 3997 durae
2446 3940 2636 3997 crucis
2675 3938 2916 4015 pondere
2945 3930 3070 3989 laeti

610 4047 941 4111 cernerent3
975 4062 1048 4100 ne
1080 4049 1277 4101 tamen
1306 4044 1403 4101 vel
1422 4045 1533 4103 hac
1550 4046 1777 4103 ratione
1801 4045 2001 4121 paucis
2025 4044 2333 4103 momentis
2357 4044 2762 4101 retardaretur
2775 4042 2890 4099 eius
2909 4056 3069 4103 mom,

611 4147 940 4207 Simeonem
977 4148 1342 4225 Cyrenaeum
1373 4156 1666 4225 praetcrm
1697 4170 1856 4208 orem
1897 4154 2226 4224 coegerunt,
2269 4148 2436 4205 illam
2473 4148 2629 4205 ferre
2668 4167 2782 4226 quo
2817 4146 2980 4203 citius
3008 4138 3072 4197 ad

618 4251 783 4310 illam
808 4260 1165 4329 properaret.
1198 4254 1365 4312 Hora
1382 4274 1536 4313 nona
1551 4255 1802 4331 denique
1815 4254 1851 4311 J
1853 4274 1982 4311 esus
1998 4253 2266 4310 Christus
2281 4253 2560 4328 spiritum
2579 4253 2792 4321 emisit,
2813 4254 2876 4306 ut
2887 4247 3073 4305 Evan-

468 4375 493 4397 ·
612 4355 852 4429 gelistae
878 4358 1239 4415 unanimiter
1264 4364 1577 4417 testantur.
1603 4359 1820 4417 Mat-th.
1839 4362 1940 4429 27,
1958 4361 2061 4415 46.
2081 4358 2265 4415 Marc.
2289 4360 2504 4427 15,34.
2521 4356 2667 4416 Luc.
2687 4360 2783 4427 23,
2802 4356 2894 4411 44.
2917 4348 3074 4412 Quod
3184 4412 3185 4451 ἶ

613 4462 687 4519 ab
716 4460 1139 4540 interpretibus
1173 4464 1317 4521 bene
1350 4462 1569 4534 multis,
1605 4464 1676 4519 de
1707 4463 1866 4521 horis
1895 4461 2014 4519 diei
2044 4462 2346 4520 duodecim
2375 4462 2439 4518 in
2465 4466 2720 4540 quatuor
2749 4458 3074 4539 quadrantes

610 4566 961 4637 distributis,
988 4566 1059 4625 ad
1084 4588 1131 4625 s.
1150 4568 1415 4625 Marcum
1438 4586 1574 4625 cum
1597 4568 1655 4624 d.
1669 4566 1706 4623 J
1709 4585 1895 4625 oanne
1917 4565 2346 4625 conciliandum
2369 4566 2657 4637 adfertur,
2687 4566 2960 4623 incertum
2975 4567 3072 4617 est.
