3267 5259
1102 421 1383 477 evangelium
1412 430 1455 467 S.
1475 422 1504 469 J
1506 422 1674 469 oannis.
2503 410 2632 480 305

188 599 618 683 Argumentum
656 597 835 685 quod
864 597 1159 685 pluribus
1190 622 1231 663 a
1262 599 1590 664 scribendi
1620 623 1864 685 genere
1913 599 2170 665 diverso
2207 611 2305 665 est
2335 604 2630 687 petitum,

190 710 380 775 nullius
418 712 519 777 vis
564 734 713 777 esse
760 734 953 777 nemo
1007 736 1141 777 non
1196 711 1409 795 videt3
1464 736 1616 777 nam
1669 722 1854 778 tanta
1898 735 2030 777 non
2075 715 2416 799 reperitur,
2465 737 2632 801 quae

189 823 346 887 alium
397 826 786 910 scriptorem
844 834 1128 890 statuere
1187 835 1399 910 cogat.
1475 826 1619 891 Imo
1675 835 1824 890 sunt
1879 824 2068 911 plura
2111 828 2176 889 in
2222 825 2348 891 hoc
2397 829 2631 913 capite,

190 959 323 1023 quae
345 960 603 1022 prorsus
636 940 1011 1024 conspirant
1043 961 1191 1003 cum
1216 937 1465 1024 reliquo
1492 938 1857 1024 Evangelio
1887 942 1925 1003 ¹.
1977 938 2064 1002 D.
2091 938 2134 1002 J
2138 941 2364 1004 oannis
2389 938 2633 1004 haben-

191 1048 313 1113 dum
341 1073 473 1115 esse
508 1050 1002 1117 demonstrant2
1052 1051 1333 1117 Codices
1367 1051 1631 1137 quidem
1666 1075 1911 1134 omneS‚
1943 1052 2297 1117 Versiones
2346 1063 2411 1117 et
2457 1050 2524 1117 S.
2555 1052 2628 1115 P.

191 1186 307 1225 eum
334 1161 394 1227 S.
423 1162 537 1248 E.;
586 1163 819 1230 horum
850 1165 1221 1229 testimonia
1252 1163 1617 1249 transgredi
1654 1164 1984 1251 piaculare
2020 1162 2348 1231 ducimus:
2396 1175 2624 1250 argute

188 1274 309 1339 licet
347 1287 783 1361 congerantur
827 1276 1222 1363 hypotheses
1232 1328 1250 1361 ,
1306 1300 1664 1363 numquam
1708 1276 1774 1340 id
1819 1279 2166 1363 impetrare
2213 1288 2507 1365 possunt,
2552 1288 2624 1342 ut

190 1387 455 1453 Veterum
506 1389 895 1455 deserantur
936 1392 1306 1456 testimonia
1324 1394 1366 1454 ³.

186 1556 381 1605 exhiberi
414 1558 601 1623 possit.
661 1558 1015 1622 Evangelista
1050 1559 1307 1623 propositi
1344 1559 1499 1607 bonis
1538 1557 1602 1606 de
1640 1558 1820 1607 causis
1857 1558 2090 1623 suscepti
2127 1563 2304 1621 tenax,
2343 1574 2452 1609 non
2486 1558 2636 1610 adni-
2721 1567 2732 1577 ·

186 1642 288 1691 titur
317 1644 659 1695 Divinitatem
694 1645 763 1694 D.
788 1646 854 1694 N.
881 1644 933 1694 J.
962 1644 1019 1694 C.
1056 1646 1210 1694 novis
1248 1644 1580 1695 documentis
1618 1658 1654 1693 a
1680 1644 1854 1693 reditu
1889 1646 1946 1694 in
1983 1646 2148 1695 vitam
2186 1646 2340 1695 editis
2377 1648 2636 1712 probare3

186 1728 259 1777 aed
291 1731 537 1795 quaedam
578 1736 765 1781 narrat
801 1746 940 1797 quae
976 1730 1231 1781 valebant
1256 1731 1325 1781 ad
1352 1733 1720 1782 auctoritatem
1759 1748 1802 1781 s.
1827 1732 1971 1781 Petri
2003 1732 2436 1797 confirmandam,
2476 1740 2638 1799 atque

186 1814 240 1863 ad
270 1818 595 1867 evertendum
632 1834 897 1867 rumorem
934 1818 999 1867 de
1036 1818 1249 1868 Joanne
1284 1834 1393 1867 non
1427 1820 1701 1868 morituro.

361 1904 395 1968 ¹)
434 1904 741 1954 Occurrunt
778 1906 918 1954 enim
954 1905 1213 1955 formulae
1240 1911 1292 1954 et
1318 1922 1476 1956 voces
1503 1906 1704 1957 Joanni
1729 1906 2020 1955 familiares
2047 1900 2204 1973 ,,μετὰ
2227 1908 2379 1956 ταῦτα
2403 1905 2640 1975 οἵδαμενί(

184 2005 259 2052 per
278 1987 493 2040 κοίνωσιν
520 1991 725 2040 dictum
751 1991 873 2040 coll.
899 1994 947 2053 3,
980 1994 1059 2041 11.
1096 2007 1201 2041 vox
1238 1989 1576 2060 ,,μ.αρτυρία“;
1614 1992 1882 2057 particula
1919 1994 2074 2054 ,,οῦν“
2113 1993 2422 2059 frequenter
2459 1995 2641 2057 obvia,

186 2072 359 2132 ..ozas-au
394 2094 539 2127 more
564 2078 618 2127 J.
645 2068 1028 2145 postposi'tum3
1069 2078 1206 2128 adde
1242 2078 1390 2129 illam
1425 2080 1748 2129 narrationis
1787 2076 2024 2147 ἐνέργειαν
2061 2094 2103 2130 s.
2130 2080 2329 2130 Joanni
2366 2082 2639 2148 propriam

184 2163 280 2212 coll.
317 2166 393 2226 21,
435 2168 483 2215 3.
520 2166 577 2215 4.
604 2166 651 2214 7.
692 2167 774 2215 15.
811 2180 853 2214 s.
915 2165 1123 2216 Deinde
1174 2166 1573 2217 circumlocutio
1622 2169 1706 2229 21,
1753 2168 1836 2217 20.
1883 2184 1945 2229 s.,
1999 2182 2108 2233 qua
2157 2182 2307 2219 suam
2357 2184 2640 2234 personam

184 2248 443 2314 designavit
478 2254 742 2318 scriptor3
789 2258 843 2301 et
879 2252 1022 2318 quod
1057 2254 1113 2301 in
1152 2257 1265 2303 tota
1314 2255 1682 2303 controversia
1725 2254 1940 2304 maximi
1985 2256 2236 2305 momenti
2277 2260 2360 2305 est
2395 2255 2640 2305 clausula

183 2340 249 2397 21,
270 2340 359 2399 25.,
394 2342 523 2390 satis
560 2343 830 2391 testantur
866 2340 915 2389 d.
941 2339 1207 2390 Joannem
1244 2356 1361 2390 esse
1398 2341 1725 2406 scriptorem.
1782 2340 1822 2406 2)
1861 2341 2018 2402 Quod
2055 2343 2214 2393 etiam
2249 2343 2288 2391 ii
2319 2342 2640 2405 concedunt,

182 2424 255 2486 qui
286 2424 343 2475 de
376 2428 583 2491 origine
609 2429 726 2477 eius
762 2427 1011 2477 Joannea
1047 2426 1310 2476 dubitant.
1374 2427 1414 2489 ³)
1451 2427 1597 2477 Inter
1621 2427 1744 2478 illos
1772 2429 1862 2493 qui
1889 2428 2194 2479 authentiae
2221 2445 2376 2479 suum
2400 2429 2639 2480 tulerunt

181 2510 473 2577 suffragium,
528 2514 591 2563 hi
638 2513 946 2563 nominandi
994 2518 1145 2563 sunt:
1193 2513 1243 2563 J.
1288 2513 1515 2577 Minius,
1564 2514 1698 2580 prol.
1737 2514 1806 2563 ad
1847 2516 1914 2564 N.
1949 2515 2011 2564 T.
2051 2515 2131 2565 ed.
2171 2516 2387 2565 Kiisteri
2421 2515 2641 2567 Amstel.

182 2599 306 2647 1710.
330 2602 373 2661 ξ.
396 2603 514 2651 249.
542 2618 599 2667 p.
625 2602 710 2650 29.
760 2600 821 2650 F.
848 2600 909 2650 A.
936 2602 1156 2666 Lampe,
1196 2600 1395 2650 Comm.
1429 2602 1485 2649 in
1520 2601 1621 2651 Ev.
1649 2600 1846 2651 Joann.
1883 2602 1980 2663 ΠΙ,
2011 2602 2124 2652 720.
2151 2619 2193 2651 s.
2243 2602 2640 2667 VVegscheider,

180 2682 207 2731 l.
227 2700 266 2733 c.
288 2703 333 2751 p.
362 2690 471 2738 173.
499 2705 543 2739 s.
598 2682 738 2738 «ΓΟ.
766 2687 1113 2749 Handschke,
1140 2688 1206 2737 de
1232 2687 1469 2738 authent.
1509 2704 1555 2737 6.
1581 2691 1664 2738 21.
1700 2690 1800 2739 Ev.
1829 2688 1917 2737 J0.
1950 2689 2100 2754 Lips.
2130 2690 2278 2739 1818.
2327 2689 2400 2739 M.
2426 2690 2640 2751 Weber,

178 2771 308 2821 luth.
340 2790 384 2823 c.
414 2791 469 2825 u.
504 2776 615 2825 nv.
648 2774 846 2825 Joann.
880 2774 1019 2823 huic.
1046 2774 1146 2824 Ev.
1172 2778 1267 2824 tot.
1293 2775 1438 2824 vind.
1474 2774 1599 2825 Hal.
1627 2776 1778 2825 1823.
1827 2775 1879 2825 J.
1912 2776 1982 2825 H.
2010 2775 2364 2841 Reddingius‚
2405 2762 2642 2843 disp.'de

180 2859 299 2909 auth.
330 2874 439 2928 cap.
474 2862 577 2911 ult.
613 2861 811 2911 Joann.
849 2861 1102 2926 Groning.
1142 2863 1292 2911 1838.
1340 2862 1409 2910 H.
1445 2862 1507 2911 L.
1544 2861 1794 2923 Scheffer,
1833 2876 2001 2912 exam.
2040 2878 2186 2926 exeg.
2225 2866 2278 2911 et
2311 2864 2425 2912 crit.
2463 2862 2534 2913 du
2558 2866 2642 2913 21.

178 2945 306 3011 ehap.
334 2948 567 2999 Strassb.
599 2950 751 2998 1839.
801 2948 1045 3010 Weitzel,
1072 2949 1127 2997 in
1152 2963 1275 2997 ann.
1304 2948 1451 2997 Stud.
1479 2965 1530 2998 u.
1555 2950 1690 2997 Krit.
1721 2951 1868 2999 1849.
1897 2966 1947 3013 p.
1975 2952 2092 3001 601.
2121 2966 2159 2999 s.
2209 2950 2276 2999 Ε.
2303 2949 2644 3015 Lawillarad,

178 3031 289 3098 disp.
315 3035 375 3084 (16
400 3036 501 3086 106.
528 3036 639 3085 Ev.
664 3035 753 3085 J0.
780 3035 949 3101 Lugd.
970 3037 1161 3085 Batav.
1181 3038 1339 3085 1853.
1366 3052 1418 3101 p.
1440 3037 1520 3084 68.
1544 3053 1584 3085 ει.
1632 3036 1774 3085 Sane
1801 3035 2026 3087 Critices
2051 3036 2310 3087 beneficio
2337 3038 2642 3101 abutuntur,

178 3122 251 3183 qui
284 3138 370 3186 pro
407 3123 589 3173 lubitu
627 3123 891 3187 quaedam
928 3124 1244 3187 scriptorum
1282 3123 1404 3172 loca
1439 3124 1549 3173 suis
1593 3123 1926 3171 auctoribus·
1949 3123 2232 3189 denegant.
2293 3125 2497 3185 Quodsi
2533 3124 2643 3188 fiat,

178 3210 377 3259 omnium
402 3225 543 3275 quae
572 3209 751 3259 minus
778 3208 993 3275 placent
1028 3196 1497 3277 expun'gendorum
1534 3208 1744 3258 libidini
1776 3209 1941 3259 latam
1975 3212 2169 3276 aperiri
2203 3216 2428 3275 portam,
2463 3210 2643 3261 fidem-

178 3309 263 3356 que
295 3312 498 3347 omnem
534 3296 901 3346 Historiarum
936 3295 1039 3345 hoc
1086 3296 1325 3345 instituto
1364 3295 1481 3345 tolli
1515 3297 1573 3345 in
1608 3297 1789 3361 aprico
1837 3301 1933 3346 est.
1995 3296 2242 3346 Ceterum
2287 3298 2643 3347 sinceritatem

178 3386 219 3427 et
248 3383 595 3448 integritatem
644 3382 931 3449 Evangelii
978 3384 1153 3447 quarti
1198 3382 1640 3447 propugnandam
1687 3387 2040 3448 susceperunt
2083 3385 2271 3433 etiam:
2320 3383 2383 3433 G.
2422 3384 2491 3433 H.
2539 3399 2644 3433 van

177 3464 530 3535 Griethuysen,
570 3486 673 3536 pro
710 3470 920 3534 Evang.
956 3468 1189 3519 Joannei
1227 3464 1460 3518 αὖθεντία.
1511 3470 1775 3519 Harderv.
1815 3472 1964 3521 1809.
2012 3470 2096 3519 W.
2124 3469 2290 3533 stein,
2325 3470 2493 3521 libell.
2528 3488 2570 3521 s.
2598 3487 2643 3521 6.

174 3552 485 3619 Beineckius,
512 3557 584 3607 de
608 3557 715 3605 Ev.
740 3555 863 3605 Joa.
891 3572 936 3605 c.
960 3555 1033 3605 M.
1058 3555 1131 3604 M.
1164 3561 1215 3605 et
1240 3557 1302 3605 L.
1330 3572 1411 3607 ev.
1438 3556 1627 3605 concil.
1655 3557 1903 3606 Hannov.
1934 3558 2084 3607 1827.
2131 3558 2197 3605 Ε.
2225 3557 2287 3607 A.
2311 3558 2531 3623 Borger,
2571 3558 2638 3607 de

174 3646 409 3694 constanti
446 3649 502 3695 et
541 3644 821 3709 aequabili
856 3644 909 3694 J.
947 3642 1007 3693 C.
1043 3643 1238 3695 indole.
1288 3644 1428 3708 Hag.
1457 3643 1603 3693 Com.
1633 3646 1786 3693 1816.
1833 3644 1896 3693 F.
1921 3644 2006 3692 W.
2031 3644 2304 3710 Rettberg‚
2342 3660 2414 3696 an
2445 3646 2643 3695 Joann.

174 3728 299 3795 reliq.
340 3747 513 3782 canon
564 3712 783 3796 scriptis
831 3734 1105 3797 repugnet.
1169 3730 1315 3780 Gott.
1355 3732 1507 3781 1826.
1574 3731 1635 3779 L.
1684 3730 1887 3794 Usteri,
1938 3747 2123 3781 comm.
2172 3748 2243 3782 cr.
2289 3733 2346 3782 in
2392 3747 2500 3798 qua
2544 3733 2644 3781 Ev.

173 3815 341 3869 Joann.
364 3836 485 3886 gen.
526 3834 653 3869 esse
692 3834 757 3868 ex
795 3834 964 3884 comp.
991 3818 1083 3868 1v.
1109 3819 1208 3867 Ev.
1236 3833 1375 3867 narr.
1415 3818 1481 3867 de
1518 3832 1689 3867 coena
1725 3818 1912 3867 ultima
1948 3823 2001 3867 et
2037 3818 2296 3869 Passione
2335 3819 2644 3869 ostenditur.

174 3904 277 3953 Tur.
302 3909 446 3958 1823.
499 3908 563 3957 C.
590 3908 659 3956 V.
683 3906 877 3969 Hauff,
915 3906 1001 3955 die
1038 3906 1288 3956 Authent.
1326 3922 1379 3955 u.
1408 3906 1456 3954 d.
1492 3905 1632 3955 hohe
1669 3905 1854 3955 Werth
1893 3906 1942 3955 d.
1980 3906 2080 3955 Ev.
2112 3906 2235 3955 Joh.
2263 3906 2465 3956 Niirnb.
2495 3907 2644 3955 1831.

174 3989 445 4057 Fromman,
483 3994 521 4043 l.
550 4010 601 4043 6.
640 4010 691 4058 p.
719 3994 801 4042 33.
828 4010 869 4043 s.
918 3992 998 4042 Id.
1024 3993 1081 4042 in
1113 4007 1234 4042 ann.
1264 3992 1413 4043 Stud.
1441 4008 1491 4041 u.
1520 3992 1713 4041 Kritik.
1742 3994 1892 4042 1840.
1929 4009 1981 4058 p.
2007 3994 2126 4042 853.
2152 4010 2194 4042 s.
2243 3991 2294 4041 J.
2321 3992 2389 4041 H.
2415 3991 2643 4054 Ebrard,

176 4076 215 4125 d.
234 4080 321 4129 Ev.
340 4081 463 4131 Joh.
491 4098 549 4130 u.
580 4080 633 4129 d.
658 4096 713 4129 n.
732 4079 970 4145 Hypoth.
992 4080 1114 4129 zur.
1142 4080 1293 4130 1845.
1333 4078 1409 4129 Id.
1432 4080 1571 4129 wiss.
1597 4080 1734 4128 Krit.
1760 4096 1810 4144 p.
1838 4081 1956 4129 874.
1983 4094 2024 4128 s.
2051 4084 2106 4129 et
2129 4080 2182 4127 in
2209 4079 2464 4143 Herzog-s,
2491 4079 2552 4127 R.
2578 4078 2645 4127 Ε.

176 4163 259 4225 VI,
294 4169 405 4218 ῗ33.
440 4183 484 4217 s.
547 4166 751 4227 Bleek,
798 4166 962 4215 Beitr.
1006 4182 1057 4232 p.
1096 4168 1179 4215 92.
1217 4183 1258 4216 s.
1306 4164 1448 4215 Einl.
1492 4183 1542 4232 p.
1582 4166 1698 4215 177.
1734 4182 1776 4215 s.
1833 4165 1893 4214 A.
1935 4162 2149 4230 Viguie,
2188 4164 2332 4214 auth.
2373 4165 2438 4213 de
2474 4163 2506 4213 l'
2545 4165 2644 4214 Ev.

176 4250 225 4299 de
256 4252 302 4302 8.
326 4254 483 4305 Jean.
509 4254 688 4303 Mout.
719 4254 869 4303 1848.
921 4251 1122 4317 Teipel,
1162 4252 1227 4302 de
1268 4252 1455 4317 Script.
1492 4251 1690 4301 Joann.
1725 4251 1824 4317 Ap.
1852 4250 2005 4301 Coes.
2035 4252 2185 4301 1848.
2234 4250 2294 4299 A.
2323 4252 2645 4316 Niermeyer,

174 4338 217 4386 in
248 4356 323 4405 op.
348 4340 469 4393 Soc.
496 4342 648 4405 Hag.
677 4341 829 4391 1852.
866 4356 917 4405 p.
945 4342 1063 4389 292.
1090 4356 1132 4390 s.
1188 4339 1250 4389 G.
1276 4340 1340 4389 K.
1366 4339 1569 4404 Mayer,
1608 4340 1694 4389 die
1732 4337 1982 4388 Ecbtheit
2018 4338 2112 4387 des
2141 4338 2242 4387 Er.
2275 4354 2327 4387 n.
2353 4338 2645 4388 Johannes.

175 4422 337 4477 Schaff.
366 4431 521 4479 1854.
576 4426 662 4475 Id.
689 4426 741 4476 d.
768 4442 863 4475 ew.
902 4426 1070 4475 Wort.
1099 4425 1148 4475 d.
1173 4426 1415 4490 Ewigen.
1453 4426 1627 4475 Wien.
1657 4426 1808 4475 1857.
1860 4424 1918 4474 C.
1945 4424 2108 4486 Hase,
2148 4424 2232 4474 die
2269 4425 2406 4475 Tiib.
2435 4424 2646 4475 Schule.

173 4510 329 4578 Leipz.
356 4516 511 4565 1855.
564 4514 649 4563 Ut
670 4528 780 4563 non
806 4528 1153 4563 memoremus
1181 4516 1622 4563 commentatores
1650 4517 1702 4561 et
1728 4513 1967 4561 criticos:
2004 4511 2154 4574 Klee,
2181 4512 2324 4576 Hug,
2351 4512 2646 4575 Bertholdt,

175 4594 346 4663 schoa,
373 4602 643 4661 Credner‚
670 4598 932 4662 Tholuck‚
961 4598 1211 4662 Guerike,
1244 4599 1509 4663 Neander‚
1546 4598 1752 4661 Lilcke,
1784 4599 1970 4661 Maier,
2003 4598 2328 4663 Reithmayr,
2366 4598 2647 4661 Luthardt,

258 4692 449 4743 Danko.
482 4692 613 4735 nint.
648 4690 943 4733 Ber-elationis
970 4690 1157 4733 divinae.
1187 4690 1243 4733 11.
2271 4687 2339 4737 20
