3267 5259
640 417 920 473 LXXXIV
1476 438 1721 492 Apparatus
1749 437 1966 483 Histoi-ico
1983 466 2032 473 ·—
2049 437 2299 485 chronicus.

641 620 829 699 liquet
872 620 1071 679 Titum
1122 620 1299 677 fuis-se
1348 620 1411 677 in
1443 621 1704 691 Graecia,
1753 641 1886 679 eum
1933 642 1998 679 eo
2031 624 2260 681 veniret
2297 622 2610 699 Apostolus
2656 624 2727 681 ad
2769 622 3104 699 recipiendas

640 726 907 785 collectas
938 724 1070 783 illas
1092 722 1128 782 ¹.
1162 724 1277 782 Ubi
1311 731 1508 783 autem
1534 726 1754 783 Paulus
1783 728 2048 785 omnium
2077 726 2470 785 Ecclesiarum
2501 729 2810 803 recepisset
2841 728 3100 798 collectas,

640 836 699 889 et
745 832 809 888 in
855 830 1157 905 procinctu
1202 837 1367 901 esset,
1420 836 1490 888 ut
1530 830 1826 907 Philippis
1863 831 2134 902 solveret,
2183 832 2574 909 Jerosolymas
2618 835 3016 907 navigaturus,
3059 844 3106 889 et-

638 934 875 1012 quidem
904 934 1079 993 initio
1122 935 1278 992 veris
1310 967 1393 976 —
1424 955 1633 1011 nempe
1681 955 2024 1013 azymorum
2067 938 2213 993 festo
2233 934 2258 974 ²
2287 970 2370 979 ·-—
2403 936 2605 996 literas
2651 938 2722 994 ad
2761 938 2962 996 Titum
3005 938 3104 993 iam

638 1039 859 1097 dedisse
890 1040 1183 1115 putandus
1212 1044 1316 1097 est.

850 1147 943 1202 53.
1002 1144 1319 1213 Temporum
1372 1145 1519 1199 ratio
1582 1164 1619 1199 a
1651 1147 1834 1215 primo
1883 1146 2133 1216 Apostoli
2191 1148 2433 1201 adventu
2491 1148 2762 1217 Ephesum
2815 1165 2984 1217 usque
3044 1148 3106 1199 ad

630 1247 1025 1317 profectionem
1058 1249 1303 1301 ult-imam
1334 1249 1730 1319 Jerosolymas.
1793 1249 1954 1306 Urbe
1984 1248 2273 1307 Corintho
2303 1248 2512 1307 relicta
2543 1249 2856 1325 Apostolus
2885 1251 3105 1321 navigat

638 1350 953 1426 Ephesum,
1004 1351 1143 1409 inde
1188 1357 1317 1426 post
1348 1371 1559 1427 paucos
1608 1353 1730 1410 dies
1761 1354 2052 1429 profectus
2082 1360 2168 1411 est
2199 1354 2534 1413 Caesaream
2574 1353 2716 1411 hine
2759 1350 2988 1429 ,ἀναβὰς
3027 1348 3106 1407 καὶ

640 1451 1023 1527 ἀσπασάμενος
1052 1452 1151 1526 τὴν
1184 1452 1503 1527 ἐ)ιπι.λησίαινι
1536 1458 1834 1515 deseendit
1863 1458 2240 1515 Antiochiam
2256 1454 2298 1515 ³.
2349 1458 2698 1516 Antiochiae
2731 1456 2946 1533 ,χρὸνον
2984 1454 3103 1512 τινὰδ

639 1561 961 1635 permansit
980 1558 1023 1617 4.
1088 1559 1217 1622 Qua
1264 1560 1557 1619 locutione
1606 1568 1666 1619 et
1711 1562 1760 1619 si
1807 1563 2100 1621 incertum
2119 1562 2170 1633 5,
2228 1562 2528 1637 longius
2573 1567 2770 1620 tamen
2818 1563 3107 1619 denotatur

638 1664 1141 1722 intervallum.
1198 1666 1500 1724 Pensitato
1532 1672 1812 1725 contextu
1843 1669 1918 1725 ab
1949 1666 2474 1743 hierosolymitana
2502 1667 2640 1723 inde
2671 1667 3106 1724 commoratione

637 1789 817 1847 usqne
850 1769 922 1825 ad
956 1770 1199 1827 tertium
1232 1772 1347 1827 iter
1376 1770 1759 1846 apostolieum
1791 1774 1864 1830 ad
1897 1777 2115 1845 gentes,
2151 1772 2258 1829 vix
2291 1773 2484 1829 minus
2515 1772 2706 1829 tribus
2738 1770 2835 1828 vel
2875 1776 3108 1847 quatuor

638 1874 935 1931 mensibus
967 1872 1271 1931 effluxisse
1304 1874 1638 1948 colligitur;
1668 1876 1882 1954 quibus
1912 1878 1960 1933 si
1993 1876 2087 1933 illi
2119 1877 2410 1933 addantur
2441 1894 2682 1945 menses,
2715 1894 2859 1952 quos
2887 1896 2934 1931 s.
2969 1875 3105 1930 Pau-

638 1976 730 2035 lus
778 1979 843 2035 in
892 1979 1273 2053 peragrandis
1304 2013 1388 2019 —
1422 1974 1702 2054 ,κοιθιεῗξςῖῇςί
1736 2000 1810 2037 ex
1855 1982 2062 2038 ordine
2095 2014 2176 2023 —-
2207 1980 2393 2039 variis
2423 1980 2690 2039 Galatiae
2737 1986 2796 2037 et
2827 1980 3106 2054 Phrygiae

637 2082 793 2153 locis,
842 2085 907 2140 in
957 2084 1171 2161 quibus
1202 2084 1423 2141 Christi
1469 2084 1643 2141 fidem
1687 2090 1862 2143 antea
1907 2085 2296 2161 plantaverat,
2345 2085 2724 2162 adeundaque
2755 2084 2984 2159 Epheso
3027 2084 3106 2138 in-

638 2188 873 2255 sumsit;
922 2192 1113 2245 totum
1145 2187 1531 2246 intervallum
1561 2209 1810 2247 novem
1839 2190 2192 2247 mensium
2223 2190 2400 2247 fuisse
2431 2189 2588 2247 haud
2619 2189 2817 2263 inepte
2846 2187 3104 2245 statueri-

638 2311 783 2349 mus.
848 2292 941 2349 Ex
986 2292 1079 2349 his
1110 2313 1313 2350 rursus
1343 2292 1495 2351 illud
1526 2295 1793 2370 sequitur
1819 2294 2164 2370 Apostolum
2195 2314 2322 2352 sero
2351 2298 2636 2352 autumno
2662 2314 2714 2351 a.
2745 2297 2846 2349 54.
2893 2292 3106 2365 Ephe-

634 2414 784 2452 sum
816 2396 1051 2454 altera
1078 2397 1235 2455 vice
1264 2398 1586 2455 advenisse.
1636 2398 1732 2455 Ibi
1763 2403 2030 2457 versatus
2061 2405 2148 2456 est
2177 2400 2251 2455 ad
2281 2399 2656 2456 Pentecosten
2687 2416 2869 2475 usque
2899 2416 2954 2453 a.
2997 2398 3104 2462 57..

634 2500 757 2557 fere
817 2520 921 2575 per
980 2507 1006 2559 t
1025 2501 1091 2558 ri
1109 2503 1425 2559 ennium
1445 2500 1487 2559 θ.
1564 2502 1917 2579 Temporum
1978 2503 2242 2560 ordinem
2303 2502 2366 2559 in
2427 2502 2770 2576 colligendis
2823 2504 2882 2557 et
2933 2498 3105 2573 dispo-

848 2796 885 2860 1)
912 2796 980 2844 11.
1010 2795 1129 2845 cor.
1156 2797 1204 2857 8,
1234 2797 1315 2845 16.
1344 2797 1425 2845 17.
1466 2794 1585 2845 con.
1615 2797 1662 2859 7,
1690 2798 1738 2845 5.
1767 2796 1816 2845 6.
1866 2795 2047 2861 ²)Aet.
2075 2798 2289 2859 20,6.s.
2329 2794 2393 2845 v,
2420 2795 2611 2860 pers.
2637 2808 2680 2843 s.
2733 2794 2772 2858 ³)
2799 2794 2915 2843 Act.
2941 2794 3016 2845 18.
3037 2792 3108 2840 22.

634 2880 674 2931 T
678 2876 702 2931 ὸ
728 2876 997 2946 ,,ἀναβὰς“,
1030 2881 1097 2930 ad
1122 2882 1307 2931 urbem
1331 2881 1723 2946 «lerosolymam
1763 2883 2096 2931 referendum
2127 2897 2244 2931 esse
2284 2888 2546 2947 putamus,
2584 2882 2798 2946 proprio
2825 2880 2974 2929 verbi
3006 2872 3109 2926 ἀνα-
3196 2932 3197 2935 ¹

636 2966 810 3034 βαίνειν
832 2990 893 3012 =
918 2968 1060 3033 qnod
1085 2968 1205 3018 coll.
1232 2968 1419 3018 Matth.
1446 2972 1529 3031 20,
1559 2969 1640 3018 17.
1690 2969 1886 3019 Joann.
1915 2971 1962 3030 7,
1990 2972 2036 3019 8.
2068 2972 2149 3031 12,
2177 2970 2260 3017 20.
2303 2969 2419 3017 Act.
2447 2970 2530 3029 25,
2561 2970 2606 3016 1.
2634 2966 2699 3015 de
2725 2968 2915 3015 itinere
2941 2979 3109 3014 versus

636 3054 969 3121 metropolim
1005 3055 1253 3120 usurpari
1284 3054 1423 3105 solet
1448 3074 1512 3099 =
1538 3054 1840 3119 significatu
1878 3055 2110 3104 adducti.
2160 3054 2279 3104 Hoc
2305 3054 2459 3103 modo
2483 3052 2941 3119 interpretandum
2979 3052 3033 3101 C.
3057 3050 3110 3099 Β.

636 3141 932 3203 Michaelis,
972 3142 1097 3191 diss.
1124 3140 1363 3207 chorogr.
1400 3142 1647 3191 notiones
1686 3143 1864 3206 superi
1902 3146 1956 3191 et
1978 3142 2150 3205 inferi,
2185 3141 2418 3207 indeque
2455 3156 2710 3191 ascensus
2747 3144 2802 3189 et
2835 3139 3111 3189 descensus

635 3228 807 3279 evolv.
834 3230 881 3289 ξ.
908 3230 991 3277 37.
1030 3228 1173 3294 apud
1198 3228 1507 3291 Velthusen‚
1548 3228 1747 3277 Comm.
1775 3227 1933 3277 theol.
1961 3229 2024 3291 V,
2053 3230 2171 3279 459.
2197 3243 2239 3278 s.
2277 3227 2483 3277 idoneis
2515 3226 2746 3276 firmavit
2780 3225 3109 3291 argumentis.

636 3316 840 3378 Quodsi
878 3317 1043 3365 verba
1078 3332 1128 3364 v.
1157 3318 1239 3365 21.
1267 3342 1333 3351 --
1358 3320 1419 3363 ut
1440 3315 1601 3377 Wolf,
1636 3314 1761 3365 Cur.
1787 3332 1839 3380 p.
1869 3316 2019 3365 1281.
2059 3314 2441 3365 demonstravit
2467 3342 2531 3349 —
2559 3310 2686 3374 „Aer
2715 3328 2774 3379 με
2809 3312 3001 3369 παντῶς
3035 3306 3110 3373 ’.ἠν

636 3400 802 3469 ἑορτὴν
823 3430 888 3439 --
907 3404 1281 3467 pentecostes?
1300 3430 1363 3437 —-
1385 3397 1471 3465 τὴν
1498 3398 1764 3469 ἐρχομένην
1792 3404 1990 3465 ποιῆσαι
2014 3398 2079 3459 εἰς
2107 3396 2478 3468 ’,1εροσόλυμα“,
2506 3401 2740 3466 genuina
2771 3400 2902 3462 sint3
2929 3413 3108 3447 novum

634 3490 871 3555 exsurgit
895 3494 1279 3555 argumentum,
1306 3489 1526 3538 verbum
1562 3480 1739 3553 ἀναβὰς
1771 3502 1932 3537 sensu
1958 3488 2332 3554 peregrinandi
2358 3486 2721 3550 Jerosolymas
2749 3486 2882 3536 sumi
2914 3485 3108 3533 debere.

633 3576 675 3640 ⁴)
705 3575 839 3625 Coll.
876 3576 993 3625 Act.
1023 3576 1103 3639 18,
1129 3576 1211 3624 23.
1268 3574 1308 3641 ⁸)
1332 3574 1449 3623 Aet.
1479 3576 1560 3633 19,
1589 3576 1672 3623 22.
1703 3574 1744 3623 1.
1773 3572 1892 3623 Cor.
1923 3576 2004 3636 16,
2033 3576 2080 3623 6.
2108 3576 2155 3623 7.
2219 3574 2258 3638 ⁶)
2298 3572 2431 3622 coll.
2457 3573 2499 3621 Ι.
2525 3571 2647 3621 Cor.
2677 3574 2759 3633 16,
2787 3574 2835 3621 8.
2863 3572 2918 3621 S.
2945 3572 3109 3619 Lucas

632 3662 748 3711 Act.
790 3664 871 3725 19,
910 3664 957 3712 8.
998 3664 1079 3711 10.
1117 3661 1329 3728 quidem
1366 3662 1529 3711 tradit
1564 3662 1613 3709 d.
1641 3660 1868 3711 Paulum
1904 3662 1960 3710 in
1996 3675 2272 3726 synagoga
2307 3676 2403 3726 per
2441 3666 2545 3709 tres
2579 3674 2807 3720 menses,
2845 3660 2902 3707 in
2942 3657 3111 3707 schola

634 3756 810 3797 autem
862 3748 1138 3799 cuiusdam
1186 3749 1423 3813 Tyranni
1472 3764 1568 3814 per
1615 3747 1916 3810 biennium,
1971 3750 2028 3797 in
2074 3749 2380 3797 universum
2425 3746 2588 3811 igitur
2635 3762 2730 3811 per
2779 3746 2861 3795 27.
2913 3758 3110 3794 menses

630 3834 837 3900 Ephesi
872 3836 1231 3900 praedicasse.
1279 3836 1527 3900 Pugnare
1564 3834 1668 3883 hoc
1693 3833 1862 3883 videri
1898 3835 2068 3900 possit
2105 3850 2224 3883 cum
2261 3833 2342 3896 iis,
2383 3834 2603 3898 quaein
2627 3832 2783 3881 Pauli
2809 3832 2877 3881 ad
2905 3832 3110 3897 presby-

632 3926 773 3972 teros
800 3922 1111 3987 ephesiacos
1139 3923 1375 3972 oratione
1400 3920 1752 3970 valedictoria
1775 3920 1894 3970 Aet.
1921 3923 2004 3982 20,
2031 3922 2115 3969 31.
2151 3919 2414 3969 habentur
2444 3918 2784 3983 Apostolum:
2823 3914 3108 3985 ,,τριετῖαν“,

630 4010 1010 4073 triennium,
1047 4008 1249 4074 Ephesi
1286 4008 1475 4073 egisse.
1528 4007 1726 4057 Verum
1751 4023 1860 4056 non
1885 4005 2101 4056 difficile
2127 4010 2222 4069 est,
2261 4012 2539 4070 utramque
2577 4004 2890 4054 relationem
2916 4006 2972 4053 in
2996 4019 3108 4051 con·

630 4096 865 4146 cordiam
903 4095 1159 4161 redigere.
1208 4096 1463 4145 Nimirum
1501 4096 1676 4159 priore
1713 4094 1805 4143 illo
1842 4094 1962 4143 loco
2001 4093 2180 4159 phrasi
2217 4089 2332 4153 „eti
2367 4089 2446 4156 ἔτη
2479 4090 2603 4141 δύο“
2639 4108 2767 4141 non
2805 4096 3110 4141 accurate

631 4183 968 4232 biennium
1004 4182 1291 4245 intellexit3
1331 4180 1425 4231 sed
1462 4180 1609 4245 vulgi
1647 4180 2033 4231 consuetudine
2071 4195 2198 4229 usus
2235 4178 2572 4228 intervallum
2607 4177 2812 4243 aliquot
2849 4178 3109 4227 mensibus

632 4268 841 4333 longius
880 4269 1228 4335 significavit,
1281 4269 1573 4333 posteriore
1611 4282 1738 4316 vero
1778 4268 2110 4316 crassiore
2150 4265 2380 4331 quadam
2419 4266 2913 4331 computatione
2951 4262 3106 4311 idem

631 4358 931 4419 spatium
978 4356 1232 4422 temporis
1270 4351 1549 4421 ,,τριετὶαν“
1588 4353 1884 4419 adpellavit
1918 4354 2034 4419 ipse
2071 4352 2377 4418 Apostolus.
2449 4353 2527 4402 Ac
2577 4368 2616 4402 s.
2657 4352 2882 4401 Paulum
2933 4362 3112 4399 revera

636 4441 837 4491 diutius
875 4457 1031 4507 quam
1068 4458 1163 4508 per
1200 4456 1409 4491 menses
1447 4442 1529 4490 27.
1578 4440 1784 4505 Ephesi
1822 4440 2002 4501 fuisse,
2043 4456 2106 4490 eo
2145 4455 2359 4506 quoque
2395 4444 2710 4504 argumento
2749 4436 3108 4488 confirmatur:

630 4528 822 4593 quodsi
860 4544 954 4593 per
990 4528 1087 4579 hos
1124 4534 1327 4577 tantum
1367 4542 1575 4577 menses
1612 4527 1688 4575 ibi
1722 4526 2032 4590 habitasset,
2072 4527 2324 4591 quoniam
2362 4528 2508 4575 circa
2531 4526 2886 4575 Pentecosten
2923 4524 3108 4572 disces—

630 4616 725 4677 sit,
772 4616 1067 4665 Februario
1114 4613 1202 4664 vel
1248 4615 1441 4663 Martio
1490 4613 1812 4663 advenisset.
1866 4614 1990 4663 Jam
2039 4618 2218 4663 autem
2265 4613 2312 4663 si
2361 4618 2488 4661 tunc
2523 4610 2801 4676 Ephesum
2851 4612 3108 4667 intrasset,
