3267 5259
543 392 672 455 354
1275 405 1393 447 Πίσα.
1424 406 1531 446 Rev.
1561 406 1649 447 div.
1682 406 1849 447 Period.
1878 406 1935 447 11.
1956 418 2052 457 cap.
2084 406 2284 457 primun.

545 600 902 664 mensaque
951 580 1280 643 communi
1329 577 1701 644 subducere
1724 584 1760 644 ¹.
1840 578 1989 659 Qua
2033 602 2104 645 re
2151 578 2611 645 animadversa
2654 579 2721 644 d.
2764 578 3069 643 Paulus²

547 703 844 756 amanter
884 691 1220 777 redarguit
1267 716 1316 757 s.
1349 692 1636 757 Petrum.

755 887 1006 953 Diqmsio
1045 887 1086 938 Ι.
1125 886 1184 937 de
1221 886 1414 953 Synodi
1449 887 1895 955 Jerosolymitanae
1928 887 2127 938 decreto.
2214 886 2473 935 Oriuntur
2528 885 2831 935 nonnullae
2896 900 3063 951 quae-

547 973 746 1022 stiones
787 971 852 1021 de
892 972 1112 1023 decreto
1149 972 1542 1037 Apostolorum.
1579 972 1697 1021 Act.
1726 976 1807 1033 15,
1834 974 1918 1022 28.
1944 974 2027 1021 29.
2066 974 2356 1022 Decretum
2392 972 2495 1023 hoc
2532 972 2661 1021 data
2686 988 2867 1038 opera
2896 972 3065 1038 expli·

548 1064 738 1108 carunt
771 1059 924 1108 multi
962 1060 1322 1123 interpretum,
1363 1048 1588 1124 qu'orum
1624 1060 1912 1109 nonnullos
1948 1058 1999 1109 h.
2026 1059 2059 1109 l.
2099 1074 2465 1109 recensemus:
2500 1060 2551 1109 J.
2580 1059 2642 1109 G.
2678 1060 3065 1119 Dor-achaeus,

549 1145 673 1195 diss.
712 1145 778 1194 de
815 1147 1076 1211 sanguiue
1115 1150 1168 1195 et
1203 1145 1480 1211 suffocat0,
1519 1148 1572 1195 in
1610 1146 1769 1196 Thes.
1796 1146 1885 1212 ph.
1912 1146 1985 1195 th.
2014 1146 2083 1207 11,
2112 1149 2230 1196 457.
2250 1162 2291 1197 s.
2331 1146 2541 1197 Natalis
2566 1146 2907 1207 Alexander,
2936 1146 3065 1195 diss.

547 1232 614 1282 de
652 1233 1007 1283 abstinentiae
1045 1248 1080 1281 a
1115 1235 1372 1299 sanguine
1411 1238 1463 1283 et
1499 1248 1534 1283 a
1569 1234 1844 1285 suffocatis
1882 1234 2179 1299 apostolico
2217 1239 2525 1299 praecepto.
2550 1233 2646 1294 111,
2677 1235 2803 1283 131.
2832 1250 2881 1283 s.
2922 1233 3066 1297 Πεγ-

547 1320 758 1385 lingius,
787 1318 914 1369 Obs.
942 1334 984 1369 s.
1009 1320 1079 1381 II,
1107 1323 1189 1371 39.
1229 1338 1278 1385 p.
1306 1322 1423 1370 358.
1449 1336 1492 1370 s.
1529 1321 1651 1370 Chr.
1690 1320 2128 1387 Schoettgenius,
2174 1321 2299 1370 diss.
2336 1320 2404 1370 de
2443 1321 2631 1370 ritibus
2671 1321 2975 1385 gentilium
3012 1322 3065 1368 in

549 1406 768 1471 Synodo
805 1406 1073 1457 Hierosol.
1112 1407 1408 1473 prohibitis.
1449 1407 1721 1473 Stat-gard.
1764 1410 1909 1459 1723.
1948 1408 2000 1457 J.
2026 1408 2097 1458 H.
2124 1408 2445 1473 Heidegger,
2484 1406 2551 1456 de
2588 1413 2742 1457 tract.
2786 1407 2865 1457 de
2903 1408 3065 1457 liber·

549 1498 662 1543 tate
701 1493 1122 1544 Christianorum
1161 1509 1194 1544 a
1231 1495 1350 1559 lege
1377 1495 1582 1545 cibaria
1605 1500 1845 1545 veterum
1870 1494 1936 1545 de
1962 1496 2223 1559 sanguine
2248 1500 2303 1545 et
2326 1493 2605 1545 suffocato.
2642 1494 2881 1544 Amstel.
2912 1496 3067 1544 1662.

547 1579 644 1629 Th.
682 1580 1046 1643 Bartholinus,
1087 1580 1224 1646 disq.
1249 1581 1387 1631 med.
1413 1581 1480 1630 de
1507 1583 1769 1645 sanguine
1793 1583 1977 1631 vetito.
2001 1582 2194 1630 Franc.
2224 1582 2374 1631 1673.
2400 1580 2497 1630 Ph.
2518 1582 2581 1629 L.
2601 1581 3065 1641 Hanneckenins,

549 1666 673 1716 diss.
713 1666 779 1716 de
816 1670 1076 1733 sanguine
1116 1666 1540 1719 Christianorum
1579 1669 1799 1718 escario,
1841 1668 2017 1718 Gress.
2056 1669 2189 1717 1673
2240 1666 2292 1717 J.
2317 1667 2379 1716 A.
2406 1667 2679 1727 Noesselt,
2718 1666 2789 1717 de
2834 1683 2977 1717 vera
3014 1669 3065 1715 vi

549 1769 612 1803 ac
650 1756 857 1803 ratione
896 1754 1036 1804 decr.
1076 1754 1224 1805 Hier.
1265 1756 1379 1804 Act.
1410 1758 1488 1805 15.
1517 1754 1641 1804 Hal.
1680 1756 1831 1805 1794.
1868 1754 1926 1803 C.
1961 1754 2023 1806 L.
2059 1754 2295 1817 Nitzsch,
2332 1754 2398 1803 de
2432 1768 2593 1803 sensu
2630 1754 2849 1803 decreti
2887 1762 3067 1819 apost.

547 1842 664 1891 Act.
693 1844 773 1891 15.
810 1841 918 1890 Vit.
948 1843 1097 1891 1795.
1136 1856 1336 1891 excusa
1371 1846 1428 1891 et
1460 1843 1514 1891 in
1551 1841 1863 1903 Velthusen,
1903 1840 2252 1891 Commentat.
2290 1840 2454 1891 theol.
2480 1841 2573 1901 VI,
2599 1842 2719 1890 385.
2768 1840 3065 1896 Eiusdem.

551 1928 616 1977 de
655 1928 883 1993 epistola
919 1927 1112 1978 Jacobi
1150 1928 1416 1981 catholica
1464 1944 1584 1977 cum
1631 1928 1861 1993 epistola
1905 1934 2067 1993 atque
2114 1930 2353 1978 oratione
2398 1928 2597 1978 Jacobi
2632 1928 2781 1979 Actis
2834 1930 3065 1987 inserta.

549 2020 604 2064 et
639 2014 741 2063 hac
779 2022 1004 2080 utraque
1041 2030 1162 2065 cum
1207 2015 1298 2065 illa
1345 2014 1544 2065 utiliter
1581 2015 1957 2079 comparanda.
2020 2014 2194 2064 Viteb.
2236 2017 2386 2065 1795.
2436 2032 2485 2080 p.
2522 2016 2608 2064 21.
2644 2029 2688 2063 s.
2750 2015 2909 2065 Dav.
2960 2032 3065 2065 van

549 2099 737 2164 Heyst,
777 2100 902 2152 diss.
941 2100 1007 2149 de
1044 2100 1706 2176 Judaeo-Christianismm
1744 2101 1917 2166 Lngd.
1945 2102 2004 2150 Β.
2035 2102 2185 2152 1828.
2222 2118 2273 2167 p.
2301 2103 2384 2150 67.
2412 2118 2452 2151 s.
2494 2100 2554 2151 C.
2581 2100 2756 2161 Buoh,
2798 2101 2875 2151 de
2906 2103 3065 2151 abro-

549 2188 762 2251 gatione
799 2187 931 2251 legis
967 2203 1097 2238 mos.
1139 2203 1204 2237 ex
1239 2189 1382 2237 Petri
1419 2188 1613 2239 Jacobi
1651 2194 1705 2238 et
1740 2189 1967 2239 Joannis
2002 2190 2129 2237 item
2164 2188 2533 2238 Ecclesiarmn
2570 2188 2641 2237 ab
2679 2189 2748 2238 iis
2786 2192 3067 2239 constitn-

549 2280 722 2323 tarum
759 2276 1038 2325 sententia.
1077 2274 1512 2325 Monte-Albano,
1552 2277 1702 2325 1842.
1740 2277 1804 2325 A.
1842 2275 2104 2336 Neander,
2144 2274 2335 2325 Gescb.
2371 2274 2466 2323 der
2490 2275 2571 2324 Pf.
2612 2290 2665 2323 u.
2688 2274 2839 2324 Leit.
2872 2276 2929 2324 d.
2956 2276 3065 2325 chr.

549 2360 760 2423 Kirche,
786 2361 829 2423 Ι,
859 2363 974 2412 148.
1002 2375 1044 2410 s.
1083 2362 1459 2427 Baumgarten,
1499 2362 1904 2429 Apostelgesch.
1928 2363 1996 2423 11,
2034 2364 2150 2412 146.
2199 2362 2504 2427 Dtillinger,
2553 2362 2979 2413 Christenthum
3014 2380 3065 2428 p.

550 2450 633 2497 61.
660 2461 701 2496 s.
737 2448 1008 2498 Jubentur
1044 2448 1590 2498 Ethnico-Christiani
1630 2465 1687 2499 se
1728 2450 1994 2499 abstinere
2032 2449 2099 2497 ab
2138 2444 2567 2509 ,,εἰδωλοθῦτων“,
2617 2463 2759 2513 quae
2796 2466 2856 2497 v.
2902 2452 2993 2499 20.
3030 2464 3061 2498 a

549 2548 589 2582 s.
625 2534 836 2584 Jacobo
885 2528 1238 2603 ,,ἀλισγήματα
1283 2535 1381 2584 τῶν
1428 2532 1704 2596 εἰδώλων“,
1769 2537 2246 2585 contaminationes
2302 2534 2709 2585 simulacrorum
2766 2534 3059 2593 dicuntur-3

549 2622 584 2669 i.
617 2636 663 2671 e.
701 2620 927 2686 pollutio
965 2638 1063 2687 per
1099 2636 1288 2672 carnes
1329 2624 1659 2673 victimarum
1696 2622 1903 2671 effecta.
1958 2623 2075 2671 Vox
2112 2616 2365 2689 σἰλίσγημα
2400 2628 2481 2671 est
2518 2621 2919 2685 alexandrina,
2970 2640 3065 2688 pro

547 2723 624 2773 gr.
650 2724 700 2757 ν.
729 2703 984 2776 μολυσμός
1019 2708 1088 2757 11.
1116 2708 1237 2759 Cor.
1266 2712 1312 2771 7,
1351 2713 1395 2760 1.
1430 2700 1518 2779 Ε’Βξ
1553 2710 1701 2758 hebr.
1737 2709 1857 2758 coll.
1894 2710 2032 2758 Dan.
2071 2712 2115 2769 1,
2153 2709 2202 2757 8.
2242 2709 2369 2757 Mal.
2410 2712 2455 2767 1,
2496 2710 2541 2757 7.
2579 2710 2663 2757 12.
2712 2706 2819 2759 Sir.
2860 2713 2953 2769 40,
2982 2712 3063 2758 29.

547 2802 867 2866 Hesychius,
895 2804 1077 2853 Lexic.
1106 2804 1188 2854 ed.
1214 2804 1266 2853 J.
1292 2804 1513 2854 Alberti.
1539 2804 1712 2871 Lugd.
1738 2804 1927 2853 Batav.
1966 2806 2115 2853 1746.
2150 2819 2193 2854 s.
2221 2803 2268 2852 h.
2296 2820 2346 2851 v.
2384 2804 2410 2851 Ι
2464 2806 2582 2853 235.
2620 2802 2869 2869 explicat
2910 2800 3063 2865 „ca-.-

549 2885 815 2957 σγημάτων
853 2892 940 2953 τῆς
982 2887 1299 2958 μεταλήψεως
1335 2892 1434 2940 τῶν
1467 2892 1661 2959 μεαρῶν
1698 2888 1929 2940 θυσιῶν“.
1970 2891 2049 2939 Cf.
2085 2906 2129 2941 e.
2156 2891 2204 2940 J.
2246 2890 2334 2938 Fr.
2369 2889 2603 2949 Buddei,
2642 2890 2893 2940 ecclesia
2932 2906 3061 2957 apo·

549 2975 738 3026 stolica
773 2975 893 3026 Jen.
933 2978 1082 3026 1729,
1119 2994 1171 3042 p.
1210 2978 1328 3027 270.
1365 2979 1452 3027 Fr.
1490 2978 1554 3028 G.
1591 2978 1771 3041 Sturq,
1821 2977 1887 3027 de
1926 2977 2153 3031 dialecto
2191 2975 2541 3027 macedonica
2576 2982 2631 3025 et
2667 2976 3059 3027 alexandrina.

553 3063 702 3127 Lips.
732 3064 881 3113 1808.
920 3080 970 3128 p.
1003 3066 1120 3113 145.
1168 3064 1328 3115 Tales
1367 3080 1526 3130 porro
1564 3078 1754 3114 carnes
1792 3080 1923 3113 voce
1961 3063 2161 3113 biblica
2192 3068 2245 3113 et
2290 3062 2658 3113 ecclesiastica
2696 3064 2927 3114 nomine
2966 3066 3065 3114 τῶν

550 3144 888 3199 εἰδωλοθύτων
923 3150 1374 3216 intelligebantur.
1413 3151 1616 3200 Horum
1656 3152 1806 3200 varia
1843 3156 1995 3200 erant
2030 3164 2242 3215 genera.
2294 3148 2553 3199 Solebant
2596 3150 2834 3215 gentiles
2889 3152 3059 3201 inter-

549 3234 674 3285 dum
711 3236 978 3298 animalia,
1020 3251 1156 3302 quae
1183 3237 1252 3286 ad
1279 3237 1661 3286 comedendum
1692 3242 2007 3299 mactarunt,
2047 3236 2191 3287 idolo
2230 3236 2437 3286 cuidam
2462 3252 2813 3302 nuncuparet,
2854 3238 3059 3287 deinde

550 3328 604 3372 et
639 3322 858 3373 solenne
895 3323 1039 3388 apud
1077 3338 1169 3373 eos
1207 3329 1338 3385 erat,
1378 3325 1594 3373 mactati
1646 3312 1890 3373 animalis
1939 3330 2144 3389 partem
2189 3323 2425 3389 aliquam
2462 3323 2608 3373 idolo
2658 3322 2879 3384 offerre,
2938 3324 3061 3374 reli-

549 3424 682 3473 quas
721 3416 898 3459 autem
935 3416 1114 3475 partes
1149 3412 1208 3460 in
1245 3411 1420 3460 cibum
1458 3410 1776 3476 relinquere.
1838 3410 1999 3461 Tales
2036 3426 2196 3475 porro
2234 3425 2425 3460 carnes
2464 3410 2549 3459 vel
2584 3410 2641 3459 in
2680 3410 2935 3462 delubris
2974 3411 3061 3461 vel

547 3496 602 3544 in
641 3495 884 3546 domibus
923 3497 1408 3559 manducabantur,
1471 3498 1557 3547 vel
1612 3512 1647 3547 a
1698 3498 2027 3563 pauperibus
2083 3502 2137 3547 et
2191 3497 2365 3546 avaris
2402 3498 2457 3545 in
2498 3497 2612 3546 foro
2651 3497 3061 3548 vendebantur.

550 3582 630 3631 Cf.
655 3582 770 3631 Act.
798 3585 880 3646 21,
908 3585 989 3632 25.
1028 3584 1070 3632 1.
1099 3583 1220 3633 Cor.
1247 3586 1296 3645 8,
1326 3587 1371 3633 1.
1399 3586 1447 3634 4.
1477 3586 1523 3633 7.
1553 3588 1632 3633 10.
1663 3587 1742 3645 10,
1771 3587 1852 3634 19.
1880 3586 1961 3633 28.
2000 3584 2168 3649 Apoc.
2196 3585 2243 3646 2,
2272 3585 2353 3632 14.
2381 3585 2463 3632 20.
2528 3583 2689 3633 Unde
2738 3586 2784 3633 si
2824 3586 3062 3635 interro·

549 3674 717 3733 getur,
757 3684 1021 3734 quaenam
1060 3666 1359 3720 εἰδωλόθυτα
1393 3671 1448 3720 in
1487 3669 1731 3720 Concilio
1768 3670 2255 3735 Hierosolymitano
2292 3668 2715 3735 prohibeantur?
2756 3672 3059 3737 responde-

549 3770 692 3805 mus:
741 3756 1028 3821 Apostolos
1067 3758 1286 3821 quaevis
1336 3771 1535 3822 genera
1581 3758 1681 3806 τῶν
1720 3752 2057 3807 εἰδωλοθύτων
2094 3756 2581 3821 comprehendisse,
2632 3761 2803 3823 atque
2852 3758 3063 3808 stuza-a

550 3842 656 3891 dici
705 3856 746 3891 s.
779 3842 1006 3892 Paulum
1053 3844 1121 3892 ab
1169 3843 1270 3892 hoc
1317 3844 1530 3893 decreto
1568 3843 1602 3892 l.
1642 3857 1683 3891 s.
1723 3860 1767 3893 c.
1806 3844 2138 3903 discessisse,
2194 3848 2255 3893 ut
2289 3844 2340 3892 in
2382 3860 2464 3908 ep.
2504 3843 2575 3892 ad
2610 3842 2737 3893 Cor.
2780 3844 2822 3893 1.
2860 3846 3060 3893 visuri.

551 3928 713 3977 Hisce
749 3929 1000 3979 carnibus
1038 3931 1183 3979 vesci
1220 3929 1809 3979 Ethnico-Christianos
1856 3936 2035 3979 vetare
2083 3934 2406 3980 censuerunt
2440 3930 2713 3994 Apostoli,
2773 3946 2843 3980 ne
2884 3932 3059 3981 offen-

549 4016 685 4065 sioni
723 4022 902 4066 essent
938 4016 1190 4066 fratribus
1227 4018 1336 4066 suis
1374 4016 1625 4075 Judaeis‚
1683 4018 1773 4081 qui
1813 4018 1876 4067 iis
1913 4017 2181 4082 inquinari
2218 4032 2277 4066 se
2311 4017 2592 4082 putabant.
2656 4017 2871 4067 Eadem
2916 4020 3060 4067 ratio

551 4108 632 4151 est
667 4101 888 4153 alterius
926 4104 1223 4168 praecepti,
1282 4120 1386 4168 quo
1443 4119 1571 4153 usus
1625 4104 1901 4168 sanguinis
1956 4108 2011 4152 et
2046 4102 2291 4153 suffocati
2337 4103 2689 4153 interdicitur.
2756 4104 3061 4169 Sanguinis

763 4330 802 4394 ¹)
839 4330 972 4379 Inde
1007 4330 1064 4379 id
1099 4330 1225 4380 mali
1263 4332 1567 4393 accidebat,
1609 4330 1751 4396 quod
1788 4346 1931 4381 vana
1966 4330 2231 4396 quaedam
2276 4330 2421 4395 apud
2466 4330 2848 4383 imbecilliores
2884 4333 3059 4383 subo-—

551 4414 786 4466 riebatur
825 4418 1034 4481 opinio:
1073 4418 1272 4483 Legem
1309 4434 1382 4468 sc.
1421 4419 1490 4469 ad
1527 4418 1753 4469 salutem
1798 4418 2225 4483 consequendam
2262 4432 2379 4468 esse
2425 4420 2805 4469 necessariam.
2868 4420 3061 4469 Huius

551 4504 650 4551 viri
689 4502 756 4551 ad
795 4504 1092 4569 exemplum
1140 4510 1193 4554 et
1227 4504 1320 4555 alii
1367 4521 1424 4555 se
1468 4507 1728 4572 gerebant
1767 4506 1989 4567 Judaei,
2036 4507 2151 4571 ipse
2196 4504 2332 4555 adeo
2372 4504 2677 4567 Barnabas,
2724 4522 2883 4571 quem
2928 4522 3059 4557 cum

551 4586 721 4638 Paulo
769 4589 1030 4639 vindicem
1076 4591 1206 4641 iuris
1245 4591 1494 4642 Gentium
1541 4600 1704 4643 antea
1744 4592 1988 4642 vidimus.
2063 4592 2104 4656 ²)
2144 4593 2399 4653 Quamvis
2436 4592 2657 4642 inferior
2692 4595 3059 4659 superiorem.
