3267 5259
1201 418 1432 460 Harmonia
1461 417 1806 469 Evangelierum.
2610 404 2741 454 XIII

251 589 442 641 Lucae
473 591 781 658 Evangelio
819 593 1052 657 fluxerit3
1083 622 1146 630 —-
1174 595 1252 644 sic
1289 595 1684 644 existimarunt:
1724 593 2033 657 Griesbach,
2072 599 2406 645 commentat.
2444 610 2549 661 qua
2574 595 2741 645 Marci

249 677 614 744 Evangelium
649 685 822 730 totum
849 695 878 729 e
903 679 1164 730 Matthaei
1201 685 1257 730 et
1278 681 1462 731 Lucae
1487 682 1877 732 commentariis
1915 680 2221 747 decerptum
2246 697 2363 732 esse
2387 687 2739 746 monstratur3

249 765 312 814 in
347 765 466 816 Vol.
491 765 534 815 Ι.
562 765 856 816 comment.
885 765 1007 817 edit.
1035 781 1070 816 a
1091 767 1399 818 Velthusen.
1438 768 1586 834 Lips.
1624 769 1775 818 1794.
1814 783 1865 832 p.
1891 769 2010 818 360.
2045 782 2088 818 s.
2136 767 2206 817 Η.
2238 767 2301 817 Ε.
2330 767 2395 818 G.
2419 769 2635 830 Paulus,
2675 769 2741 819 de

251 853 462 917 origine
487 853 590 902 Ev.
615 853 782 903 Marc.
809 853 1146 917 invenienda,
1171 855 1225 904 in
1251 853 1655 905 Introductione
1692 856 1747 904 in
1772 855 1835 904 N.
1863 855 1923 904 T.
1950 869 2067 920 cap.
2093 854 2188 904 sel.
2213 853 2335 904 Jen.
2365 857 2513 906 1799.
2539 872 2592 921 p.
2619 857 2735 906 263.

247 939 384 990 item
429 940 884 1006 Entstehungsart
928 940 1022 991 der
1063 941 1140 992 dr.
1191 957 1235 992 e.
1281 943 1419 992 Kan.
1465 943 1567 992 Ev.
1615 941 1861 992 Heidelb.
1902 942 2053 992 1822.
2102 958 2151 1007 p.
2192 943 2308 992 129.
2344 955 2387 990 s.
2444 942 2739 1008 Dollinger,

252 1025 654 1076 Chi-istenthum
680 1026 790 1077 und
813 1027 1024 1078 Kirche.
1074 1029 1338 1095 Regensb.
1368 1029 1517 1079 1860.
1555 1046 1606 1094 p.
1635 1030 1751 1078 132.
1778 1043 1819 1079 s.
1845 1056 1912 1065 —
1937 1029 2049 1078 sive
2074 1033 2134 1078 ut
2158 1028 2251 1078 alii
2286 1033 2539 1093 perorant
2560 1029 2739 1080 Evan-

251 1112 456 1178 gelium
495 1129 540 1164 s.
565 1114 736 1164 Marci
781 1115 1010 1164 omnium
1055 1116 1278 1180 primum
1323 1116 1683 1181 conscriptum
1718 1117 1789 1165 sit
1811 1116 1979 1166 —ita
2014 1116 2327 1180 opinantur:
2376 1114 2439 1165 G.
2477 1115 2537 1165 C.
2575 1115 2739 1178 Storr,

251 1199 322 1248 de
359 1200 510 1250 fonte
545 1201 648 1250 Ev.
686 1200 946 1252 Matthaei
984 1208 1037 1252 et
1071 1202 1271 1264 Lucae,
1308 1203 1452 1268 apud
1489 1202 1799 1266 Velthusen,
1839 1203 2127 1253 Comment.
2154 1201 2251 1265 ΠΙ,
2284 1204 2399 1254 140.
2426 1218 2467 1254 s.
2514 1203 2739 1266 Herder,

252 1303 376 1337 vom
418 1286 609 1338 Gottes
647 1285 792 1337 Sohn
828 1288 922 1338 der
958 1287 1102 1339 Welt
1136 1289 1386 1340 Heiland.
1427 1290 1527 1355 Op.
1561 1290 1725 1340 theol.
1758 1290 1852 1340 XI.
1888 1289 1971 1340 ed.
2004 1289 2235 1340 Vindob.
2272 1291 2421 1341 1823.
2458 1307 2509 1356 p.
2536 1292 2653 1341 353.
2680 1305 2739 1355 s.,

253 1375 380 1424 item
417 1374 588 1440 Regel
637 1374 730 1425 der
772 1375 1374 1442 zusammenstimmung
1418 1392 1640 1428 unserer
1675 1379 1883 1442 Evang.
1922 1391 2018 1427 aus
2056 1376 2195 1426 ihrer
2229 1377 2473 1428 Entsteh.
2508 1378 2580 1428 ib.
2617 1379 2737 1441 XII,

253 1463 304 1510 3.
328 1476 372 1510 s.
420 1461 474 1512 J.
499 1461 598 1512 Th.
625 1461 768 1524 Plitt,
807 1463 871 1512 de
909 1463 1292 1529 compositione
1327 1464 1534 1529 Evang.
1573 1469 1783 1530 synopt.
1814 1463 2053 1514 Bonnae.
2083 1465 2233 1515 1860.
2272 1481 2320 1530 p.
2348 1466 2395 1514 2.
2422 1479 2465 1514 s.
2504 1467 2551 1514 7.
2576 1481 2617 1516 s.
2645 1483 2737 1530 -ς

253 1548 342 1598 vel
367 1547 602 1615 denique
626 1555 688 1600 ut
709 1565 890 1600 rursus
915 1551 1128 1615 quidam
1155 1549 1484 1600 contendunt
1505 1552 1738 1616 origines
1769 1551 2180 1618 Evangeliorum
2206 1567 2239 1601 a
2262 1553 2472 1601 testium
2511 1551 2733 1602 oralium

254 1637 654 1687 narrationibus
691 1641 1028 1702 repetantur3
1067 1638 1180 1686 sive
1207 1638 1326 1688 fons
1353 1639 1647 1688 communis
1682 1642 1947 1688 statuatur
1982 1635 2335 1706 ,,κηρὺγμασι“
2372 1643 2577 1689 tantum
2614 1654 2738 1690 con-

253 1729 420 1772 stans.
448 1751 514 1760 —
539 1723 660 1774 Hoc
695 1723 899 1789 placuit
935 1724 993 1774 C.
1021 1723 1084 1774 G.
1110 1724 1312 1788 Theile,
1351 1725 1416 1774 de
1455 1726 1614 1775 trium
1642 1726 1849 1791 Evang.
1874 1727 2117 1777 necessit.
2154 1726 2302 1790 Lips.
2334 1726 2481 1776 1823.
2508 1743 2559 1791 p.
2587 1729 2669 1777 33.
2696 1741 2737 1776 s.

253 1809 326 1859 M.
361 1809 692 1876 Boedigero,
737 1811 1008 1875 symbolae
1055 1811 1125 1861 ad
1161 1812 1226 1861 N.
1260 1811 1321 1862 T.
1355 1811 1615 1877 Evangel.
1653 1811 1773 1862 Hal.
1813 1813 1961 1862 1827.
2000 1828 2051 1877 p.
2089 1814 2169 1862 10.
2206 1827 2248 1860 s.
2295 1811 2592 1874 Friedlieb,
2644 1829 2737 1864 zur

255 1895 448 1946 Gesch.
475 1897 572 1946 der
595 1898 934 1964 Entstehung
959 1898 1052 1948 der
1075 1899 1126 1948 h.
1153 1899 1271 1960 Ev„
1299 1900 1353 1948 in
1379 1898 1581 1964 ephem.
1609 1898 1755 1949 Oest.
1780 1898 2295 1963 Vierteljahresschr.
2320 1899 2355 1949 f.
2376 1898 2535 1950 Kath.
2555 1899 2739 1950 Theol.

255 1983 410 2033 Vind.
451 1985 604 2034 1864.
641 2001 692 2050 p.
728 1985 810 2034 68.
842 2000 884 2034 s.
911 2013 977 2021 —
1001 1984 1179 2035 Nihilo
1218 1986 1386 2050 magis
1424 2001 1542 2035 cum
1579 1986 1648 2036 ab
1686 1985 1930 2038 omnibus
1966 1985 2383 2052 Evangeliorum
2421 1991 2739 2037 commenta-

253 2071 460 2121 toribus
496 2071 798 2137 disquisitio
834 2072 936 2122 hac
972 2072 1037 2122 de
1075 2089 1130 2122 re
1166 2073 1502 2136 instituatur3
1539 2088 1639 2124 nos
1679 2088 1893 2139 quoque
1931 2073 1995 2124 de
2034 2072 2221 2124 eadem
2256 2074 2460 2138 agimus
2491 2073 2739 2124 Veterum

253 2158 450 2208 iudicio
491 2158 725 2209 obnoxii.
777 2160 842 2208 In
877 2159 1205 2224 Evangeliis,
1242 2159 1398 2209 modo
1425 2175 1492 2210 ea
1516 2160 1655 2210 inter
1678 2175 1737 2210 se
1762 2165 2137 2226 comparentur
2172 2175 2419 2225 magnam
2454 2161 2509 2210 in
2544 2161 2737 2222 verbis,

252 2245 618 2296 locutionibus
656 2252 710 2296 et
746 2247 904 2297 rebus
951 2247 1168 2311 reperiri
1214 2247 1639 2297 convenientiam
1690 2247 2186 2310 animadvertimus3
2236 2263 2341 2313 quo
2387 2245 2447 2296 fit
2480 2253 2541 2296 ut
2574 2262 2737 2297 unum

253 2349 316 2382 ex
371 2333 544 2383 altero
601 2333 832 2399 pendere
886 2334 1044 2384 facile
1097 2333 1472 2399 intelligamus.
1546 2333 1652 2383 Sed
1698 2340 1752 2383 et
1802 2339 2017 2384 mutuus
2072 2333 2277 2384 obtinet
2320 2334 2733 2400 Evangeliorum

253 2425 558 2470 nostrorum
597 2421 884 2482 dissensus,
922 2437 1028 2470 non
1055 2419 1228 2471 solum
1251 2421 1306 2470 in
1331 2436 1508 2470 rerum
1533 2419 1933 2470 tractandarum
1970 2420 2155 2470 ordine
2182 2427 2235 2470 et
2260 2422 2480 2484 ratione,
2518 2420 2739 2486 singulis

253 2507 480 2557 vocibus
529 2512 582 2556 et
628 2507 986 2572 peculiaribus
1037 2506 1247 2557 dicendi
1295 2507 1560 2568 formulis3
1608 2506 1702 2557 sed
1748 2508 1801 2556 in
1838 2508 1966 2572 ipsis
2004 2506 2145 2557 haud
2190 2522 2309 2558 raro
2355 2508 2513 2557 etiam
2550 2507 2737 2557 rebus:

249 2595 324 2643 ita
372 2593 590 2659 quidem
640 2599 700 2643 ut
743 2610 914 2659 neque
961 2609 1099 2659 quae
1146 2599 1466 2660 congruant,
1517 2610 1693 2660 neque
1742 2609 1877 2659 quae
1926 2593 2227 2660 discrepent
2270 2593 2341 2643 ad
2382 2599 2555 2644 certas
2591 2593 2737 2660 leg-es

252 2681 466 2746 possint
503 2682 669 2746 exigi,
717 2680 810 2732 sed
847 2682 977 2732 miro
1016 2696 1233 2747 prorsus
1269 2681 1425 2730 modo
1463 2681 1602 2730 inter
1635 2697 1695 2731 se
1732 2682 1838 2730 sint
1872 2681 2051 2730 mixta.
2114 2679 2431 2746 Singillatim
2468 2681 2541 2730 ita
2578 2681 2740 2730 habet

255 2767 671 2834 Synopficomm
717 2767 1087 2818 necessitudo:
1133 2769 1466 2818 Narrationis
1511 2768 1723 2833 quidem
1774 2767 2003 2817 ambitus
2039 2769 2319 2817 maximam
2359 2773 2560 2832 partem
2598 2783 2737 2818 com-

253 2856 426 2905 munis
487 2859 572 2904 est
625 2855 982 2920 Scriptoribus
1031 2856 1187 2904 trium
1241 2855 1476 2920 priorum
1518 2854 1951 2920 Evangeliorum.
2025 2854 2235 2920 Quippe
2286 2855 2339 2903 in
2388 2854 2742 2920 quadraginta

253 2941 492 3004 duobus,
543 2956 682 3006 quae
718 2942 979 3006 integram
1023 2941 1134 2991 fere
1176 2943 1484 2992 contineant
1527 2957 1701 2992 rerum
1738 2942 1805 2991 D.
1842 2942 1906 2991 N.
1943 2942 1993 2991 J.
2034 2940 2093 2990 C.
2132 2943 2423 3006 epitomen,
2474 2941 2738 3007 capitibus

251 3029 422 3078 rarius
473 3029 686 3078 nonnisi
737 3027 840 3078 duo
888 3029 1243 3079 consentiunt.
1306 3029 1386 3078 In·
1417 3031 1594 3094 specie
1640 3045 1681 3078 s.
1718 3027 2020 3078 Matthaeus
2068 3032 2122 3077 et
2164 3043 2206 3078 s.
2241 3029 2419 3078 Lucas
2465 3028 2642 3078 decies
2687 3032 2740 3079 et

255 3121 474 3180 quater3
521 3132 564 3165 s.
598 3115 814 3165 Marcus
851 3121 904 3165 et
947 3131 990 3165 s.
1025 3115 1330 3166 Matthaeus
1368 3115 1683 3178 duodecies3
1730 3129 1772 3164 s.
1808 3113 2019 3164 Marcus
2057 3119 2112 3164 et
2153 3131 2194 3165 s.
2220 3114 2399 3163 Lucas
2437 3115 2733 3180 quinquies.

253 3203 594 3252 Paucissima
637 3201 838 3252 habent
881 3202 1076 3266 singuli
1112 3203 1211 3252 sibi
1259 3203 1476 3268 propria
1511 3202 1719 3268 capita3
1766 3202 2009 3251 nimirum
2054 3215 2095 3250 s.
2130 3200 2433 3251 Matthaeus
2484 3202 2733 3267 quinque,

257 3305 297 3339 s.
321 3289 543 3340 Marcus
570 3289 694 3352 duo,
733 3305 772 3340 s.
793 3289 971 3338 Lucas
996 3303 1202 3338 novem.
1225 3317 1290 3324 —
1311 3288 1389 3338 Cf.
1411 3289 1596 3351 Duret‚
1623 3288 1719 3338 das
1746 3303 1980 3353 gegenxv.
2008 3287 2353 3338 Verhiiltniss.
2392 3287 2443 3338 d.
2468 3287 2656 3338 Matth.
2682 3305 2735 3338 u.

255 3377 418 3426 Marc.
445 3377 569 3437 Exn,
596 3377 653 3424 in
681 3390 802 3426 ann.
827 3375 1056 3426 vindob.
1083 3375 1338 3426 Zeitscbr.
1357 3375 1394 3426 f.
1414 3376 1478 3425 K.
1498 3375 1684 3426 Theol.
1710 3375 1857 3425 1852.
1887 3374 1977 3437 1v,
2001 3377 2047 3424 1.
2068 3392 2109 3424 s.
2136 3377 2253 3426 219.
2278 3391 2321 3425 s.
2344 3405 2401 3412 —-
2426 3375 2491 3424 In
2515 3390 2736 3436 summa,

258 3478 392 3528 quae
447 3469 578 3514 sunt
623 3478 656 3512 a
703 3463 989 3528 praeconio
1037 3463 1265 3513 Joannis
1314 3462 1588 3528 Baptistae
1644 3461 1711 3511 ad
1759 3461 2135 3511 Ascensionem
2184 3463 2421 3522 Domini,
2472 3461 2732 3513 factorum

258 3550 662 3612 convenientia3
713 3549 967 3600 dissidere
1006 3549 1474 3615 deprehenduntur
1508 3551 1563 3599 in
1601 3548 1921 3615 quibusdam
1964 3549 2149 3610 rebus,
2194 3563 2331 3614 quae
2369 3548 2626 3600 dissensio
2674 3565 2737 3599 ex

259 3637 470 3687 diverso
507 3635 732 3687 consilio
769 3637 1110 3686 scribentium
1149 3635 1403 3703 explicari
1441 3637 1639 3702 nequit.
1688 3637 1824 3686 Nam
1857 3641 2145 3702 utcumque
2180 3635 2444 3686 diversum
2482 3637 2738 3702 cuiusque

259 3725 328 3773 sit
353 3724 658 3786 consilium,
697 3739 762 3774 ex
789 3739 851 3774 eo
877 3723 1088 3789 quidem
1127 3723 1436 3789 explicatur,
1478 3737 1586 3788 qua
1609 3722 1677 3772 de
1702 3737 1867 3772 causa
1904 3722 2087 3788 aliqua
2111 3723 2306 3773 omissa
2329 3723 2439 3773 alia
2462 3729 2736 3788 enarrata3

259 3827 352 3861 cur
395 3829 439 3863 s.
473 3810 782 3861 Matthaeus
829 3812 1140 3876 argumenti,
1180 3810 1230 3860 d.
1256 3810 1494 3860 Joannes
1537 3810 1789 3875 temporis
1827 3811 2157 3874 potissimum
2194 3812 2427 3860 rationes
2464 3816 2732 3876 sequatur.

257 3899 457 3949 Earum
481 3913 628 3960 vero,
668 3913 806 3964 quae
827 3899 883 3948 in
909 3898 1148 3948 oratione
1176 3911 1332 3963 quam
1360 3897 1543 3947 dicunt
1577 3901 1968 3957 montanam,
2008 3897 2130 3946 item
2154 3897 2209 3946 in
2234 3898 2541 3961 precatione
2567 3897 2731 3946 domi—

257 3987 410 4050 nica,
447 3985 629 4036 verbis
665 3985 1010 4036 institutionis
1036 3985 1089 4035 S.
1119 3983 1172 4034 S.
1199 3983 1568 4034 Eucharistiae
1593 3989 1650 4033 et
1675 3982 1857 4034 ordine
1883 3983 2232 4033 observantur
2264 3982 2737 4048 discrepantiarum

259 4075 408 4136 ratio,
447 4087 560 4122 non
594 4071 922 4137 intelligitur.
984 4071 1140 4133 Quod
1177 4071 1344 4136 magis
1379 4071 1562 4120 mirum
1601 4075 1708 4132 est,
1748 4085 1842 4120 cur
1876 4070 2013 4121 alter
2048 4059 2210 4119 urium
2248 4069 2441 4119 dixerit
2473 4069 2567 4119 ubi
2604 4069 2739 4119 alter

260 4160 394 4210 duos
438 4159 635 4226 posuit.
693 4159 758 4208 Ε.
793 4175 842 4224 g.
881 4158 1066 4210 Matth.
1105 4159 1152 4221 8,
1189 4159 1270 4208 28.
1318 4157 1439 4208 coll.
1474 4158 1640 4207 Marc.
1674 4160 1723 4219 5,
1759 4159 1807 4207 2.
1852 4156 1983 4206 Luc.
2018 4158 2067 4219 8,
2102 4159 2186 4206 27.
2224 4162 2278 4207 et
2312 4156 2499 4206 Matth.
2536 4159 2618 4220 20,
2654 4159 2736 4208 30.

260 4247 378 4297 coll.
403 4247 538 4296 Luc.
567 4248 650 4308 18,
677 4247 758 4296 35.
806 4247 872 4296 In
897 4247 962 4294 iis
990 4261 1202 4312 quoque
1240 4259 1378 4310 quae
1405 4244 1612 4294 Christo
1641 4249 1763 4310 post
1796 4249 2017 4294 mortem
2055 4242 2378 4306 acciderunt,
2417 4259 2511 4294 cur
2546 4245 2739 4310 singuli

262 4334 395 4384 adeo
433 4333 706 4396 differant3
741 4332 844 4384 hoe
881 4333 1094 4398 quidem
1129 4331 1352 4382 arduum
1395 4331 1533 4382 foret
1567 4336 1773 4382 tantum
1811 4345 1845 4380 a
1880 4330 2227 4397 dispositione
2264 4335 2319 4380 et
2354 4332 2739 4398 compositione

261 4421 676 4486 uniuscuiusque
719 4420 870 4470 Libri
913 4419 1330 4484 Evangeliorum
1387 4419 1647 4471 derivare.
1708 4417 1959 4468 Similiter
2001 4417 2068 4467 ab
2113 4419 2339 4468 invicem
2385 4419 2642 4469 recedunt
2684 4420 2738 4469 in

263 4509 606 4558 institutionis
651 4507 994 4574 parabolicae
1038 4505 1432 4572 speciminibus.
1494 4505 1659 4555 Cuius
1702 4506 1859 4554 trium
1901 4503 2315 4570 Evangeliorum
2355 4505 2739 4557 vicissitudinis

267 4597 414 4658 ratio,
451 4611 571 4646 cum
608 4609 642 4645 a
666 4609 796 4646 casu
822 4593 1050 4660 quodam
1083 4609 1190 4644 non
1216 4594 1384 4659 repeti
1409 4607 1566 4658 posse
1590 4591 1750 4642 facile
1774 4597 2001 4658 pateret,
2040 4607 2230 4643 causas
2258 4597 2312 4642 et
2333 4593 2505 4644 fontes
2533 4593 2739 4660 aperire
