3267 5259
1058 463 1276 505 Historiae
1306 466 1347 504 S.
1370 464 1551 506 Joannis
1578 466 1822 517 Baptistae.
2601 458 2685 521 23

221 637 509 721 profusus,
548 648 619 701 tu
656 660 823 701 vero
866 636 993 702 huc
1032 638 1115 702 ab
1154 640 1443 723 ingenito
1482 639 1680 705 Patre
1726 641 2116 725 Unigenitus
2162 641 2499 707 advenisti.
2563 642 2685 708 Cui

222 748 523 835 respondit
581 750 818 815 Jesus:
878 750 1032 815 Sine
1082 751 1311 817 modo:
1361 753 1455 817 sic
1494 754 1668 817 enim
1708 752 1900 818 decet
1937 778 2056 819 nos
2093 754 2366 841 implere
2425 778 2685 821 omnem

223 864 487 927 iustitiam
538 866 579 927 i.
650 886 711 931 e.
788 866 1008 929 omnia
1082 864 1349 951 quidem
1430 888 1588 930 vera
1647 876 1830 951 sunt,
1901 889 2070 953 quae
2138 890 2498 953 memoraS,
2568 870 2686 935 sed

224 975 359 1038 haec
398 978 521 1041 mei
583 976 914 1041 adventus
972 987 1070 1042 est
1121 980 1317 1061 ratio,
1364 988 1438 1043 ut
1482 980 1633 1064 quia
1693 979 1812 1044 sub
1855 980 2004 1065 lege
2065 980 2278 1045 factus
2325 1004 2488 1065 sum,
2523 982 2682 1049 ordo

224 1088 504 1172 legitimus
566 1090 976 1177 suppleatur‘
1000 1094 1038 1154 ¹.
1114 1091 1563 1175 ,Ministerium
1628 1094 1782 1156 veni
1849 1094 2172 1157 servitutis
2239 1094 2544 1181 implere,
2614 1106 2684 1160 ut

228 1225 361 1285 quos
408 1213 759 1288 peccatum
820 1203 1041 1268 subdit
1092 1206 1406 1289 servituti,
1464 1204 1550 1269 ad
1608 1227 1823 1269 meam
1874 1228 2185 1291 revocem
2228 1206 2680 1273 libertatem‘2.

226 1314 403 1388 ‚Unde
461 1324 525 1379 et
576 1316 879 1381 Joannes
924 1316 1207 1382 salutare
1252 1320 1631 1403 mysterium
1675 1340 2158 1403 recognoscens
2203 1342 2338 1385 non
2381 1322 2510 1385 iam
2554 1322 2681 1385 Dei

227 1428 440 1511 Filium,
486 1440 558 1494 ut
602 1430 905 1517 Baptista
950 1431 1332 1514 sanctificat,
1370 1430 1489 1495 sed
1525 1440 1597 1495 ut
1636 1429 1912 1496 devotus
1957 1433 2250 1496 minister
2294 1434 2683 1499 coelestibus

231 1538 603 1627 obtemperat
676 1544 1047 1629 imperatis3
1122 1566 1247 1608 nee
1324 1545 1497 1607 enim
1572 1565 1705 1607 non
1777 1553 2038 1631 poterat
2111 1567 2337 1611 servus
2415 1545 2682 1612 obedire

226 1652 469 1719 Domino
492 1660 535 1719 ³.
568 1656 807 1742 Itaque
840 1656 885 1722 J
887 1679 1069 1721 esum
1112 1658 1180 1721 in
1211 1659 1545 1744 proposito
1577 1667 1950 1722 manentem
1982 1656 2274 1723 Joannes
2305 1657 2681 1744 baptizavit,

226 1776 282 1830 ut
324 1770 714 1834 manifestius
776 1780 1048 1835 aeterna
1104 1770 1295 1836 nobis
1352 1770 1634 1835 Trinitas
1693 1770 2115 1835 revelaretur‘
2135 1774 2177 1834 ⁴.
2268 1771 2433 1836 Filio
2509 1775 2681 1837 enim

226 1878 330 1943 Dei
392 1884 453 1945 in
537 1891 828 1947 assumta
900 1893 1135 1947 natura
1210 1906 1294 1947 ex
1380 1906 1553 1969 aqua
1641 1881 2070 1967 ascendente,
2157 1886 2398 1969 apertis
2484 1885 2682 1949 coelis

230 1990 467 2077 Spiritus
528 2004 793 2061 sanctus
854 1996 973 2061 sub
1038 1996 1381 2062 columbae
1436 1998 1658 2083 specie
1722 1995 2130 2061 descendens
2191 2020 2388 2083 super
2445 2000 2679 2083 ipsum,

229 2107 343 2189 quis
391 2119 559 2173 esset
604 2108 921 2193 ostendit,
978 2121 1046 2173 et
1099 2132 1183 2174 ne
1228 2111 1295 2176 id
1350 2112 1505 2174 satis
1561 2118 1764 2192 esset,
1809 2118 2113 2174 aeternus
2170 2110 2396 2193 Pater,
2443 2110 2681 2175 Filium

228 2240 381 2283 suum
426 2220 730 2287 dilectum
779 2246 924 2287 esse
972 2222 1154 2306 dixit,
1200 2224 1267 2287 in
1315 2245 1442 2309 quo
1492 2222 1613 2287 sibi
1662 2222 2057 2309 complacuit
2074 2226 2116 2286 ⁵.
2195 2222 2303 2287 Sic
2352 2232 2417 2287 et
2460 2225 2677 2289 missio

227 2328 446 2417 Christi,
492 2337 601 2420 qui
646 2359 807 2401 mox
852 2346 994 2401 erat
1036 2336 1473 2421 Evangelimn
1516 2335 2010 2421 praedicaturus
2056 2336 2267 2401 Patris
2311 2338 2678 2400 testimonio

228 2455 279 2507 et
330 2445 589 2533 Spiritus
650 2451 862 2513 sancti
928 2449 1239 2535 illapsu63
1284 2472 1419 2514 non
1463 2458 1716 2513 tantum
1774 2448 2144 2534 Baptistae,
2203 2447 2320 2512 sed
2381 2458 2447 2513 et
2507 2449 2680 2513 omni

228 2558 436 2645 populo
479 2562 815 2648 patefacta
860 2572 977 2627 est.

398 2739 643 2807 Diffi-essio
688 2740 761 2791 ad
804 2712 1104 2808 baptismum
1153 2738 1349 2791 Christi.
1425 2736 1559 2787 Cum
1604 2736 1688 2787 his
1734 2736 1922 2787 diebus
1969 2737 2122 2786 varia
2167 2730 2453 2803 ἀτοπήματα
2488 2751 2678 2801 conge-

228 2826 401 2885 rantur,
434 2825 626 2889 quibus
673 2826 873 2876 veritas
918 2825 1078 2875 huius
1124 2825 1443 2874 narrationis
1492 2829 1736 2887 vexetur,
1775 2824 1905 2873 utile
1953 2824 2052 2873 erit
2098 2824 2306 2889 aliquas
2353 2824 2498 2872 circa
2542 2823 2681 2873 hanc

227 2906 375 2958 facere
422 2910 839 2962 observationes.
911 2912 1089 2961 Primo
1146 2911 1359 2976 quidem
1412 2912 1706 2961 notandum
1760 2914 1864 2960 est:
1921 2910 2126 2971 Quodsi
2179 2911 2248 2960 ab
2296 2910 2414 2961 aliis
2468 2916 2681 2976 praeter

230 2990 456 3047 Christum
472 2998 777 3048 hominibus
802 2998 1115 3048 miraculum
1142 2997 1569 3047 animadversum
1594 3012 1713 3047 esse
1739 2990 1781 3047 s.
1800 2996 2098 3059 Mathaeus,
2124 2998 2172 3059 3,
2201 2998 2422 3046 13—17.
2447 2997 2681 3061 Marcus,

231 3082 267 3140 1,
298 3085 461 3134 9—11.
498 3090 551 3135 et
584 3086 785 3147 Lucas,
823 3088 871 3147 3,
916 3086 1121 3134 21—23
1167 3088 1385 3150 ponant,
1431 3088 1654 3149 quartus
1699 3098 1826 3132 vero
1871 3082 2222 3148 Evangelista
2264 3100 2308 3134 s.
2342 3083 2584 3135 Joannes
2631 3087 2678 3148 1,

228 3170 413 3220 32-34.
480 3172 775 3238 Baptistam
824 3178 967 3222 certe
1010 3172 1208 3222 vidisse
1254 3170 1505 3234 affirmat3
1554 3169 1684 3235 quid
1729 3170 1933 3231 obstat,
1981 3186 2086 3235 quo
2132 3171 2307 3220 minus
2355 3187 2465 3219 rem
2510 3173 2680 3222 nostri

228 3258 363 3320 magis
395 3274 551 3309 eausa
588 3274 749 3325 quam
786 3261 869 3309 sui
905 3263 1152 3325 putemus
1189 3258 1465 3308 accidisse.
1500 3258 1605 3307 Dei
1645 3256 1784 3307 filius
1823 3258 1912 3319 „in
1939 3272 2045 3321 quo
2081 3256 2357 3322 plenitudo
2385 3258 2676 3309 divinitatis

230 3340 396 3405 aderat,
414 3361 514 3395 non
538 3345 831 3411 indigebat,
860 3350 917 3395 ut
941 3349 1394 3395 sacramentorum
1428 3345 1696 3408 mysteriis
1735 3342 2058 3409 impleretur.
2085 3341 2191 3393 Sed
2213 3344 2334 3393 ideo
2369 3346 2678 3408 mysterium

230 3426 411 3492 implere
445 3432 625 3493 voluit,
664 3448 773 3481 non
810 3437 871 3481 ut
904 3433 1021 3497 ipse
1058 3431 1353 3496 profectum
1403 3436 1647 3496 caperet,
1685 3430 1780 3481 sed
1816 3434 1876 3479 ut
1917 3429 2072 3479 nobis
2119 3429 2396 3495 plenitudo
2440 3432 2678 3495 mysterii

232 3516 517 3577 proficeret.“
542 3518 596 3568 S.
621 3518 905 3579 Maximus,
932 3534 1087 3569 serm.
1115 3517 1181 3567 de
1215 3522 1375 3583 temp.
1404 3518 1485 3566 12.
1524 3517 1589 3566 de
1627 3517 1776 3582 bapt.
1815 3516 1875 3565 C.
1900 3516 1970 3565 11.
1996 3532 2048 3581 p.
2073 3517 2192 3565 427.
2248 3515 2494 3565 Secundo
2533 3518 2676 3582 quod

232 3600 286 3649 :d
324 3604 514 3655 modum
560 3607 780 3656 attinet:
834 3604 1129 3655 Descendit
1174 3604 1417 3655 Christus
1464 3604 1704 3653 vestibus
1754 3609 1970 3665 exutus,
2008 3604 2064 3652 in
2112 3602 2405 3653 Jordanem
2459 3604 2677 3654 fluvium

234 3702 379 3739 eoram
412 3693 626 3757 popu103
672 3699 959 3758 postquam
996 3707 1123 3741 vero
1161 3707 1195 3741 a
1228 3691 1442 3741 Joanne
1480 3691 1785 3756 baptizatus
1823 3694 1905 3739 est
1939 3689 2141 3739 nullam
2176 3691 2231 3739 in
2269 3690 2429 3740 fluvio
2475 3706 2676 3740 moram

232 3772 345 3837 fecit,
377 3778 461 3828 sed
494 3780 643 3829 iuxta
662 3797 705 3830 s.
730 3779 1061 3829 Matthaeum
1088 3780 1136 3841 3,
1164 3780 1247 3828 16.
1285 3778 1563 3828 confestim
1602 3776 1846 3828 ascendit
1881 3777 1948 3826 de
1985 3792 2144 3842 aqua.
2199 3777 2318 3826 Hoc
2342 3778 2461 3843 ipso
2497 3778 2674 3827 Evan—

234 3860 385 3918 telista
404 3866 597 3916 indicat
618 3868 864 3933 protinus
889 3872 1013 3931 post
1046 3866 1367 3931 baptismum
1404 3870 1618 3930 apertos
1657 3880 1773 3915 esse
1811 3863 2006 3925 coelos,
2034 3862 2396 3929 spiritumque
2431 3868 2674 3915 sanctum

234 3944 537 4015 descendisse,
574 3958 629 4003 et
664 3968 851 4002 vocem
888 3953 1063 4002 Patris
1100 3953 1419 4002 insonuisse.
1472 3952 1673 4000 Tertio.
1701 3949 1912 4000 Collato
1947 3950 2202 4016 imprimis
2229 3950 2279 3999 d.
2304 3950 2488 3999 Marco
2517 3951 2563 4011 1,
2593 3951 2673 3997 10.

234 4034 585 4089 existimandum
622 4045 733 4090 est:
772 4044 831 4088 ut
868 4040 1169 4089 columbam
1194 4044 1249 4088 et
1270 4039 1445 4089 Patris
1470 4054 1673 4100 vocem,
1697 4039 1776 4086 ita
1811 4036 2080 4087 coelorum
2102 4037 2483 4088 >reserationem
2509 4035 2674 4085 fuisso

234 4124 373 4171 sensui
406 4125 707 4189 subiectam,
744 4134 807 4175 nt
842 4126 1089 4175 omnibus
1126 4130 1267 4175 esset
1303 4126 1611 4189 conspicua.
1673 4123 1864 4189 Itaque
1899 4123 2176 4173 reiiciendi
2213 4126 2351 4184 sunt,
2391 4121 2482 4187 qui
2519 4136 2674 4170 omne

234 4250 324 4260 fi*-

340 4258 590 4267 ——-—-

400 4333 433 4399 ¹)
468 4335 517 4384 S.
542 4336 811 4385 Maximus
860 4334 1094 4396 Tam-in„
1132 4333 1269 4383 hom.
1308 4334 1391 4381 29.
1430 4332 1495 4382 de
1532 4334 1678 4397 bapt.
1716 4332 1756 4381 Ι.
1797 4332 1878 4381 ed.
1916 4331 1976 4379 B.
2015 4330 2196 4379 Bruni.
2234 4328 2384 4377 Rom.
2427 4330 2576 4377 1784.
2616 4346 2668 4394 p.

232 4416 293 4463 87.
353 4418 387 4486 ²)
420 4422 584 4484 Idem,
621 4422 763 4471 hom.
802 4422 887 4471 35.
925 4420 974 4469 d.
1010 4420 1062 4469 b.
1100 4420 1218 4469 Vll.
1256 4437 1307 4485 p.
1350 4421 1464 4468 101.
1529 4416 1569 4485 ³)
1607 4419 1771 4481 Idem,
1809 4418 1946 4467 hom.
1984 4418 2026 4465 I.
2065 4434 2115 4483 p.
2160 4417 2242 4464 88.
2310 4414 2350 4481 ⁴)
2389 4415 2560 4478 Idem,
2598 4415 2670 4467 ib.

234 4500 263 4563 ξ·)
289 4504 341 4552 V.
364 4506 487 4557 Hist.
520 4509 581 4557 R.
614 4508 683 4558 D.
709 4509 775 4556 V.
813 4508 876 4556 Τ.
913 4523 965 4572 p.
1004 4509 1119 4556 126.
1167 4506 1207 4573 ὅ)
1246 4506 1441 4568 „Pater
1477 4505 1692 4554 auditur
1728 4508 1782 4553 in
1818 4520 1967 4565 voce,
2005 4504 2173 4553 Filius
2211 4502 2582 4551 manifestatur
2618 4502 2672 4550 in

234 4586 423 4653 homine,
464 4593 687 4659 Spiritus
735 4600 957 4644 sanctus
1001 4593 1327 4659 dignoscitur
1361 4594 1419 4642 in
1458 4592 1756 4641 columba.“
1818 4589 1869 4639 S.
1903 4590 2165 4640 Maximus
2201 4589 2379 4651 Taur.,
2419 4588 2484 4638 de
2519 4589 2667 4653 bapt.

234 4670 273 4721 h.
302 4676 373 4727 v1.
404 4696 450 4745 p.
486 4682 565 4731 98.
