3267 5259
1026 410 1035 421 '
1125 432 1189 475 n·
1214 431 1404 475 vinculis
1432 431 1586 483 primis
1613 433 1660 475 s.
1679 430 1822 473 rann.
2583 420 2714 485 423

220 634 357 673 voce
380 614 607 685 audita,
634 618 805 672 tanta
826 613 985 673 inter
1004 614 1301 691 synedros,
1328 612 1514 671 Paulo
1538 612 1958 689 plaudentibus
1982 612 2330 683 Pharisaeis,
2363 613 2714 672 sadducaeis

220 724 422 777 contra
474 718 609 777 illos
662 738 843 797 aeque
894 738 961 777 ac
1011 718 1265 778 Paulum
1318 718 1819 777 tumultuantibus
1833 763 1848 788 ,
1905 722 2034 775 orta
2077 722 2164 775 est
2213 718 2510 775 contentio
2539 716 2584 787 ¹;
2640 724 2708 777 ut

222 825 495 883 tribunus
546 828 813 882 metuens
864 823 1191 900 periculum
1205 868 1220 895 ‚
1277 842 1351 881 ne
1403 824 1562 881 inter
1614 822 1970 881 certantium
2023 841 2230 881 manus
2283 822 2710 899 discerperetur

218 934 455 1005 raptum
502 927 850 1005 Apostolum
901 928 966 986 in
1015 947 1207 987 arcem
1260 928 1537 986 reducere
1586 928 1841 985 iusserit.
1897 926 2151 984 Interim
2205 926 2490 983 Dominus
2540 926 2577 984 J
2581 947 2708 985 esus

218 1032 489 1091 Christus
518 1032 732 1091 afflicti
764 1034 854 1091 sui
884 1032 1039 1090 servi
1069 1052 1189 1091 non
1220 1032 1692 1103 obliviscebatur,
1736 1032 1834 1089 sed
1865 1036 2030 1090 nocte
2069 1032 2518 1106 superveniente
2557 1032 2708 1090 bono

218 1140 413 1196 animo
444 1156 563 1195 esse
606 1138 807 1207 iussit;
852 1157 969 1196 non
1012 1139 1171 1195 enim
1212 1137 1543 1214 periturum
1591 1136 1708 1195 ista
1745 1138 2053 1195 hominum
2089 1138 2426 1213 iniquitate,
2471 1138 2709 1215 foreque

216 1246 283 1299 ut
321 1242 477 1320 quod
529 1240 665 1300 fidei
706 1242 743 1299 J
746 1241 1087 1319 erosolymis
1126 1242 1365 1299 dederat
1408 1242 1831 1312 testimonium,
1873 1241 2024 1301 illud
2070 1244 2250 1300 etiam
2291 1242 2508 1299 Romae
2540 1242 2706 1299 adhi-

218 1348 399 1404 beret.
462 1346 753 1424 Sequente
783 1347 877 1404 die
907 1346 943 1403 J
946 1348 1265 1405 udaeorum
1308 1344 1561 1421 amplius
1591 1346 2002 1423 quadraginta,
2050 1346 2198 1403 diris
2239 1352 2414 1422 caput
2460 1346 2708 1405 devove-

218 1456 391 1508 runt:
442 1451 638 1528 siquid
690 1450 806 1509 cibi
854 1456 1137 1528 potusque
1186 1452 1579 1524 degustarent,
1628 1454 1946 1528 antequam
1987 1450 2240 1509 Paulum
2285 1449 2703 1509 interficerent.

215 1556 325 1613 Sed
372 1556 652 1614 tribunus
704 1556 954 1630 cognitis
1001 1556 1234 1613 insidiis
1251 1552 1305 1625 Ἰ,
1363 1554 1541 1613 tertia
1590 1557 1736 1613 hora
1785 1554 1969 1613 noctis
2018 1575 2154 1613 eum
2174 1553 2199 1593 3
2251 1555 2592 1613 Caesaream
2637 1555 2710 1613 ad

216 1660 473 1718 Felicem
518 1661 701 1730 misit,
744 1660 817 1717 ad
857 1679 1047 1738 quem·
1072 1661 1253 1717 etiam
1296 1660 1408 1717 hac
1451 1660 1522 1717 de
1568 1678 1633 1717 re
1678 1658 1880 1719 literas
1921 1660 2100 1719 dedit.
2164 1660 2386 1719 Urbem
2432 1659 2710 1736 postridie

212 1768 529 1839 ingressus,
579 1783 615 1821 a
652 1763 846 1821 Felice
890 1764 1155 1840 praeside
1195 1764 1535 1840 provinciae
1552 1761 1578 1801 4
1622 1765 1813 1821 iussus
1854 1769 1943 1822 est
1980 1766 2047 1822 in
2085 1764 2338 1823 Herodis
2378 1764 2668 1840 praetorio
2687 1762 2712 1799 ³

212 1870 465 1937 servari3
513 1870 837 1928 audiendus
878 1888 1010 1926 cum
1053 1869 1354 1927 adfuerint
1381 1872 1740 1927 accusatores
1759 1866 1802 1940 ⁶,
1846 1868 1946 1946 qui
1989 1887 2108 1927 non
2147 1870 2252 1959 diu
2291 1869 2610 1925 desiderari
2651 1888 2710 1926 se

212 1972 363 2049 passi
388 1976 550 2031 sunt.
584 1973 821 2031 Etenim
841 1975 1053 2052 quinta
1068 1977 1199 2049 post
1221 1972 1541 2032 adventum
1563 1971 1736 2030 Pauli
1760 1972 1856 2029 die
1879 1974 2142 2031 Ananias
2164 1992 2424 2031 summus
2446 1974 2708 2031 sacerdos

212 2097 345 2135 cum
388 2077 619 2155 aliquot
658 2077 991 2153 proceribus
1021 2077 1359 2136 Caesaream
1390 2082 1788 2152 pervenerunt
1829 2098 2076 2155 eumque
2107 2080 2172 2135 in
2201 2078 2419 2136 iudicio
2461 2076 2664 2135 habito
2686 2074 2708 2113 ⁷

211 2182 519 2239 seditionis
563 2186 739 2259 atque
788 2182 1113 2259 impietatis
1155 2186 1523 2241 accusarunt.
1584 2183 1710 2240 Has
1752 2188 1950 2241 autem
1995 2182 2318 2241 calumnias
2363 2182 2709 2257 depulsurus

210 2306 253 2343 s.
279 2285 521 2357 Paulus,
556 2286 954 2345 innocentiam
983 2306 1149 2346 suam
1179 2287 1407 2361 egregie
1438 2287 1713 2363 probavit
1733 2284 1774 2345 ⁹.
1821 2287 1994 2345 Felix
2025 2292 2274 2364 utraque
2305 2292 2471 2363 parte
2503 2285 2707 2343 audita

211 2408 415 2448 causae
445 2391 853 2449 definitionem
881 2393 951 2449 ad
985 2392 1199 2479 Lysiae
1230 2392 1551 2449 adventum
1581 2391 1840 2462 distulit3
1875 2393 2213 2469 intereaque
2237 2390 2508 2467 Apostoli
2536 2409 2704 2449 accu-

208 2702 399 2753 melius
436 2701 607 2753 multo
655 2703 787 2767 ipsis
834 2700 1141 2753 Pharisaeis
1192 2706 1491 2767 tuerentur3
1530 2718 1640 2769 qua
1688 2702 1923 2753 admissa
1957 2703 2024 2753 de
2062 2700 2479 2753 Sadducaeismo
2525 2706 2703 2753 actum

210 2795 337 2839 erat.
387 2790 685 2839 Doctrinae
734 2805 965 2857 quoque,
1004 2803 1163 2856 quam
1210 2790 1412 2839 Paulus
1448 2789 1814 2856 praedicabat,
1861 2795 1915 2840 et
1951 2791 2019 2840 ob
2058 2790 2210 2840 cuius
2248 2788 2701 2854 praedicationem

208 2892 327 2926 eum
364 2876 567 2927 Judaei
615 2877 1101 2942 persequebantur,
1150 2882 1315 2943 caput
1349 2878 1698 2943 praecipuum
1737 2882 1874 2939 erat,
1920 2877 2107 2927 Jesum
2156 2878 2212 2925 in
2249 2876 2412 2925 vitam
2463 2876 2700 2937 rediisse,

208 2965 437 3029 eiusque
476 2962 718 3029 exemplo
756 2968 993 3015 mortuos
1026 2966 1082 3013 in
1120 2965 1287 3013 vitam
1321 2979 1447 3014 vere
1484 2962 1748 3017 redituros
1787 2978 1921 3013 esse.
1974 2962 2055 3013 cf.
2091 2962 2156 3013 N.
2195 2962 2410 3025 Serarii,
2446 2962 2702 3014 trihaere-

210 3052 347 3101 sium
384 3064 485 3101 seu
521 3049 589 3101 de
623 3052 786 3101 sectis
832 3051 1075 3102 iudaicis.
1111 3051 1149 3102 1.
1186 3050 1285 3101 111.
1323 3052 1372 3114 2,
1409 3051 1460 3100 5.
1496 3050 1738 3117 Mogunt.
1781 3052 1932 3101 1611.
1967 3050 2009 3100 Ι.
2059 3049 2111 3100 J.
2147 3050 2246 3100 Ph.
2291 3050 2522 3113 Pseiffer,
2573 3050 2697 3100 diss.

208 3137 276 3187 ad
311 3137 434 3189 Act.
473 3139 557 3201 23,
596 3139 647 3200 8,
682 3138 743 3187 in
776 3138 937 3189 Thes.
973 3154 1025 3188 n.
1062 3155 1113 3205 p.
1144 3139 1260 3188 714.
1286 3154 1327 3187 s.

422 3224 458 3287 ¹)
497 3224 967 3291 Disputationibus
1004 3224 1211 3275 scilicet
1256 3229 1309 3275 et
1349 3224 1533 3291 litigiis
1569 3225 1722 3274 iuxta
1755 3224 1890 3275 illud
1926 3224 2152 3276 Poetae:
2201 3224 2492 3285 „scinditur
2527 3225 2698 3275 incer-

206 3317 315 3363 tum
360 3310 546 3363 studia
579 3312 637 3361 in
672 3313 941 3363 contraria
976 3312 1227 3378 vulgus“;
1276 3327 1397 3362 cum
1432 3327 1539 3362 non
1576 3311 1784 3362 videret
1826 3312 1992 3363 alium
2035 3311 2250 3362 modum
2292 3325 2510 3361 causam
2545 3326 2698 3361 suam

206 3398 547 3461 defendendi,
586 3400 716 3465 quia
750 3398 903 3451 nulla
938 3398 1303 3465 reperiebatur
1339 3399 1469 3449 iuris
1506 3399 1593 3449 vel
1623 3400 1911 3464 aequitatis
1949 3399 2085 3448 ratio
2124 3398 2269 3465 apud
2305 3397 2440 3448 tales
2476 3396 2697 3459 iudices,

206 3484 527 3537 discordiam
572 3485 713 3535 inter
760 3486 907 3551 ipsos
943 3484 1083 3535 male
1118 3486 1173 3535 in
1209 3484 1406 3535 malum
1444 3485 1738 3535 concordes
1775 3485 2087 3536 seminabat.
2136 3486 2248 3535 Nec
2284 3489 2366 3535 est
2409 3483 2510 3535 hoc
2545 3484 2698 3534 illici-

204 3578 341 3635 tum,
392 3576 453 3622 ut
500 3578 714 3637 praeter
761 3570 813 3621 S.
854 3570 1193 3637 Gregorium,
1246 3571 1437 3624 Moral.
1494 3572 1741 3622 XXXIV.
1779 3588 1824 3622 e.
1861 3574 1920 3633 4,
1959 3575 2008 3623 9.
2046 3572 2098 3635 1,
2137 3574 2289 3623 1120.
2339 3576 2393 3621 et
2435 3571 2697 3637 Angelum

206 3660 453 3721 Schola-e,
493 3658 611 3709 Sec.
650 3658 769 3709 See.
808 3675 859 3725 q.
884 3660 969 3709 37.
1007 3664 1104 3709 art.
1143 3659 1186 3709 1.
1212 3659 1281 3709 ad
1318 3674 1425 3711 sec.
1465 3660 1584 3722 VII,
1613 3662 1748 3721 750„
1787 3660 2076 3710 observant
2108 3660 2424 3724 interpretes
2448 3659 2696 3719 Lorinus,

203 3764 253 3812 p.
278 3748 399 3797 808.
444 3745 799 3808 Fromcndus,
824 3746 897 3809 11,
926 3747 1041 3796 198.
1090 3746 1338 3809 namuel,
1369 3747 1485 3797 748.
1522 3746 1740 3809 Beelen‚
1777 3747 1848 3809 II,
1880 3748 1994 3796 191.
2044 3746 2420 3811 Baumgarten,
2451 3746 2550 3807 111,
2577 3747 2694 3795 200.

204 3832 243 3897 ²)
288 3834 373 3883 Ab
424 3832 673 3898 Apostoli
720 3848 785 3881 ex
832 3848 1015 3883 sorore
1064 3838 1275 3899 nepote.
1349 3831 1389 3898 ³)
1438 3832 1672 3883 Militum
1721 3832 1869 3883 firmo
1917 3832 2183 3895 praesidio
2229 3837 2440 3897 septum
2493 3832 2694 3881 iumen-

202 3926 363 3985 toque
420 3919 743 3984 impositum.
816 3920 861 3984 ⁴)
905 3920 990 3971 De
1035 3918 1244 3983 Felice,
1290 3919 1483 3970 liberto
1530 3920 1800 3970 Antoniae
1848 3920 2030 3969 matris
2081 3918 2292 3969 Claudii
2339 3919 2691 3984 imperatoris,

200 4007 387 4057 scribit
442 4006 667 4055 Tacitus
718 4006 857 4055 Hist.
913 4006 977 4067 V,
1024 4007 1103 4055 9.:
1168 4005 1351 4069 „Felix
1406 4022 1503 4072 per
1557 4022 1766 4057 omnem
1815 4007 2092 4057 saevitiam
2149 4010 2202 4055 et
2255 4004 2554 4066 libidinem,
2609 4006 2692 4054 ius

200 4094 407 4159 regium
442 4091 627 4143 servili
662 4093 877 4159 ingenio
916 4093 1199 4143 exercuit.“
1238 4092 1336 4156 111,
1375 4094 1493 4144 217.
1550 4090 1590 4160 ⁵)
1630 4092 1711 4143 cf.
1736 4093 1788 4143 J.
1825 4093 2109 4155 Perizonii,
2147 4092 2282 4157 disq.
2320 4090 2387 4141 de
2422 4092 2690 4157 praetorio

200 4196 317 4229 cum
355 4179 492 4229 alibi
529 4184 643 4229 tum
686 4181 915 4229 maxime
964 4180 1019 4229 in
1068 4179 1200 4229 urbe
1237 4179 1407 4230 Roma
1455 4181 1676 4246 eiusque
1725 4180 1976 4245 praetorii
2025 4179 2314 4244 praefecto.
2353 4177 2526 4244 Lugd.
2563 4178 2682 4227 Bat.

204 4269 351 4317 1696.
406 4282 461 4331 p.
512 4267 599 4317 30.
634 4282 678 4316 s.
734 4266 779 4330 ⁶)
816 4266 935 4316 Act.
972 4268 1055 4327 23,
1095 4268 1283 4317 2-36.
1339 4264 1380 4331 7)
1416 4266 1734 4333 Apostolum
1787 4267 2060 4317 turbarum
2113 4266 2252 4315 inter
2303 4263 2540 4315 Judaeos
2597 4282 2692 4331 per

200 4354 479 4419 imperium
518 4367 792 4403 romanum
826 4368 1041 4419 sparsos
1080 4355 1424 4415 concitatum,
1464 4358 1517 4403 et
1553 4353 1736 4419 templi
1760 4353 2199 4418 Jerosolymitani
2234 4351 2440 4418 polluti,
2478 4356 2690 4402 oratore

200 4440 437 4491 Tertullo
479 4438 805 4489 detulerunt.
854 4439 1125 4489 Tertullus
1174 4456 1241 4490 ex
1294 4440 1425 4490 artis
1480 4454 1611 4490 suae
1660 4442 1990 4505 praescripto
2046 4444 2170 4489 ante
2226 4440 2404 4488 omnia
2457 4440 2690 4504 profusis

198 4525 449 4577 laudibus
488 4531 543 4576 et
580 4525 805 4591 indigna
839 4526 1149 4577 adulatione
1186 4526 1377 4577 iudicis
1414 4526 1846 4578 benevolentiam
1871 4532 2067 4592 captat.
2125 4526 2166 4590 8)
2208 4526 2288 4576 cf.
2313 4527 2380 4576 D.
2409 4524 2689 4589 Schrader,

200 4628 367 4665 exerc.
404 4615 509 4663 iur.
549 4612 617 4663 de
652 4613 1071 4678 iurisprudentia
1106 4613 1265 4664 Pauli
1302 4613 1546 4679 apostoli.
1584 4613 1709 4664 Hal.
1751 4615 1902 4665 1696.
1939 4630 1992 4681 p.
2028 4614 2112 4663 48.
2151 4629 2193 4664 s.
2229 4656 2234 4659 .
