3267 5259
536 422 578 473 C
1368 436 1618 489 Apparatus
1644 436 1861 479 nist-orico
1879 460 1931 469 —-
1948 435 2197 479 chronicus.

539 614 752 675 nium¹
801 618 1067 690 contigit,
1116 635 1248 673 cum
1295 619 1506 675 aetatis
1551 636 1775 675 annum
1804 622 2005 691 ageret
2046 622 2325 695 quartum
2368 616 2608 675 circiter
2636 620 2699 673 et
2726 617 3067 690 nonagesi—

537 742 725 791 mum;
758 720 862 799 qui
887 721 1199 796 respondet
1221 740 1374 779 anno
1398 742 1451 780 a.
1469 741 1517 779 c.
1544 726 1687 780 100.
1707 722 1805 781 vel
1828 726 1970 780 101.
1992 742 2047 797 p.
2074 720 2138 779 C.
2172 720 2498 779 chronicon
2524 716 2837 797 paschale²
2856 722 3065 777 habet

537 823 856 903 ,Διήρκεσεν
887 823 916 881 ὁ
947 820 1236 901 eam—sog
1281 822 1424 899 μετὰ
1463 822 1562 898 τὴν
1593 822 1868 901 ἀνάληψιν
1906 827 1999 882 τοῦ
2026 823 2229 903 Κυρίου
2272 820 2367 881 καὶ
2396 821 2545 883 Θεοῦ
2589 823 2751 897 ἡμῶν
2798 823 2903 896 ἔτη
2946 816 3065 895 53}

538 930 908 1005 ‚Supervixit
958 929 1282 1005 Theologus
1333 936 1464 1007 post
1522 931 1764 989 Domini
1825 950 1893 989 ac
1951 932 2062 988 Dei
2124 931 2309 988 nostri
2372 930 2789 988 assumtionem
2852 950 3065 989 annos

535 1034 829 1093 LXXII!
889 1034 1075 1092 Notat
1104 1036 1304 1113 itaque
1341 1056 1387 1093 s.
1420 1036 1709 1094 Joannem
1758 1054 1940 1113 usque
1985 1035 2058 1092 ad
2090 1055 2142 1093 a.
2174 1054 2224 1093 c.
2262 1040 2406 1093 106.
2446 1037 2633 1093 vitam
2664 1035 3061 1110 produxisse.

535 1139 902 1198 Sententiam
955 1139 1227 1197 Chronici
1244 1184 1258 1211 ,
1315 1140 1482 1198 cuius
1525 1141 1776 1215 scriptor
1819 1141 1893 1197 ad
1942 1144 2195 1197 aetatem
2240 1138 2482 1197 Eusebii
2530 1158 2710 1215 prope
2762 1140 3060 1198 accedere

537 1243 815 1315 creditur,
864 1263 1004 1302 vero
1042 1246 1372 1319 propiorem
1404 1245 1830 1316 existimamus,
1878 1246 2019 1323 quia
2046 1244 2363 1317 insigniter
2392 1244 2671 1301 convenit
2700 1263 2835 1301 cum
2866 1247 3057 1301 testi-

535 1348 730 1407 monio
779 1348 1096 1406 Clementis
1139 1348 1536 1407 Alexandrini
1559 1347 1602 1421 3,
1651 1350 1805 1429 quod
1850 1350 2143 1425 excerpsit
2186 1348 2475 1406 Eusebius
2494 1346 2539 1405 ⁴.
2616 1349 2691 1406 Id
2737 1368 2881 1407 vero
2938 1368 3055 1424 pro

535 1454 870 1512 indubitato
907 1454 1179 1529 ponimns
1208 1455 1357 1525 ideo,
1403 1454 1544 1532 quia
1573 1454 1622 1511 si
1656 1473 1810 1512 anno
1840 1454 2031 1511 adhuc
2080 1457 2223 1511 107.
2266 1458 2555 1529 superstes
2602 1452 2831 1524 fuisset,
2864 1454 2947 1510 de
2982 1472 3055 1510 eo

535 1558 595 1617 S.
629 1557 902 1632 Ignatius
931 1558 996 1615 in
1027 1578 1132 1616 sua
1161 1560 1232 1615 ad
1265 1559 1546 1634 Ephesios
1575 1558 1845 1635 Epistola
1873 1558 2231 1616 mentionem
2260 1557 2492 1616 fecisset
2510 1554 2553 1615 ⁵.
2610 1558 2777 1615 Haec
2804 1577 3051 1633 perem-

533 1663 690 1721 toria
732 1668 870 1720 sunt
919 1664 1198 1722 adversus
1242 1664 1567 1740 sequiorem
1611 1667 1863 1720 aetatem
1882 1660 1925 1719 θ.
2004 1661 2256 1737 Tempus
2300 1662 2733 1739 Apocalypseos
2776 1662 3051 1737 scriptae

535 1787 567 1824 e
610 1767 953 1826 definitione
997 1768 1164 1826 exilii
1215 1770 1279 1825 iu
1325 1768 1575 1825 Pathmo
1619 1769 1761 1825 satis
1808 1769 2185 1843 conspicuum
2228 1772 2335 1825 est.
2398 1767 2544 1825 Cum
2588 1767 2751 1823 enim
2794 1784 3049 1824 concors

537 1872 818 1929 Veterum
876 1871 1140 1931 Traditio
1197 1872 1234 1929 J
1237 1872 1443 1930 oannis
1509 1872 1929 1945 relegationem
1986 1874 2053 1930 in
2111 1871 2369 1930 insulam
2428 1872 2707 1930 Pathmos
2776 1872 3047 1929 termino

537 1976 776 2052 imperii
827 1976 1157 2035 Domitiani
1209 1977 1453 2051 iungat3
1515 1976 1661 2033 hinc
1710 1982 1862 2034 recte
1914 1977 2203 2046 infertur3
2266 1976 2836 2053 Apocalypsim
2892 1977 3045 2032 sub

537 2079 763 2138 finem
808 2080 1114 2157 imperii
1159 2081 1566 2139 Domitiani
1615 2083 2003 2157 conscriptam
2049 2102 2187 2139 esse.
2241 2080 2409 2143 Quod
2453 2080 2715 2156 plurima
2750 2080 3041 2155 gravissi-

534 2203 745 2261 maque
775 2185 1080 2243 affirmant
1110 2186 1484 2263 antiquitatis
1516 2186 1870 2263 testimonia,
1902 2190 2119 2243 temere
2150 2186 2427 2243 deserunt
2456 2190 2517 2242 et
2539 2192 2887 2261 oppugnant
2912 2185 3035 2255 illi,

533 2287 638 2367 qui
684 2308 758 2346 ex
802 2290 1039 2348 indiciis
1077 2294 1138 2347 et
1167 2288 1450 2365 vestigiis,
1499 2309 1648 2367 quae
1691 2290 1757 2347 in
1788 2290 1943 2349 libro
1986 2291 2159 2349 hocce
2200 2290 2540 2366 prophetico
2584 2289 2971 2365 reperiuntur
2990 2286 3033 2358 ⁷,

537 2397 798 2450 statuere
841 2393 1189 2452 voluerunt:
1237 2396 1294 2451 d.
1325 2395 1361 2452 J
1363 2414 1609 2451 oannem
1660 2394 1778 2451 iam
1823 2396 1931 2452 sub
1976 2394 2211 2452 Nerone
2253 2392 2351 2451 vel
2403 2394 2585 2451 etiam
2628 2394 2739 2450 sub
2784 2392 3037 2449 Claudio

539 2498 958 2575 Apocalypsim
1005 2518 1290 2557 exarasse.
1361 2498 1472 2567 Sed
1521 2500 1756 2556 obstant
1802 2499 1960 2575 ipsae
2004 2520 2113 2571 res,
2162 2518 2306 2577 quas
2351 2498 2616 2556 continet
2660 2496 2833 2568 liber,
2881 2516 3034 2574 quae

537 2690 785 2697 -————
816 2690 899 2696 .-.--
921 2690 949 2695 -..

531 2796 706 2859 ipsum
754 2794 937 2858 utique
987 2792 1185 2842 editum
1233 2792 1446 2855 fuisset,
1497 2794 1587 2858 qui
1638 2798 1692 2842 et
1736 2792 2118 2858 Apocalypsim
2172 2793 2391 2843 viderat.
2464 2792 2655 2857 Neque
2712 2792 2857 2840 enim
2902 2796 3028 2840 aute

531 2878 756 2929 multum
803 2881 1052 2945 temporis
1089 2880 1260 2930 visum
1299 2886 1403 2941 est,
1442 2879 1537 2930 sed
1573 2895 1748 2945 paene
1785 2881 1884 2930 sub
1922 2885 2105 2931 nostro
2142 2879 2386 2941 saeculo,
2432 2878 2502 2928 ad
2536 2878 2698 2927 finem
2732 2878 3027 2927 Domitiani

531 2966 786 3031 imperii.“
838 2965 989 3017 Idem
1025 2970 1248 3017 testatur
1271 2967 1540 3016 Eusebius
1567 2966 1740 3029 Caes„
1780 2968 1931 3017 cuius
1970 2966 2419 3016 evidentissimum
2444 2971 2496 3015 et
2525 2966 2671 3015 omni
2712 2966 3027 3030 exceptione

531 3054 704 3102 maius
742 3054 1105 3103 testimonium
1139 3053 1335 3118 legitur
1369 3054 1510 3103 Hist.
1547 3052 1696 3105 Eccl.
1734 3053 1834 3116 111,
1876 3054 1957 3117 18.
1994 3070 2045 3120 p.
2083 3054 2168 3103 88.
2228 3052 2381 3103 Adde
2418 3051 2470 3102 S.
2508 3051 2921 3116 Hieronymum,
2959 3048 3027 3099 de

531 3140 627 3188 vir.
653 3138 728 3189 ill.
754 3155 800 3189 c.
827 3140 877 3189 9.
904 3155 955 3206 p.
983 3141 1066 3190 56.
1091 3140 1147 3189 in
1171 3140 1306 3189 haec
1331 3140 1496 3189 verba
1519 3144 1838 3190 testantem:
1880 3140 2321 3201 „Quartodecimo
2354 3140 2513 3204 igitur
2537 3153 2698 3201 anno,
2736 3137 3023 3189 secundam

532 3232 655 3292 post
689 3227 956 3277 Neronem
995 3228 1419 3292 persecutionem
1456 3232 1703 3277 movente
1738 3226 2064 3287 Domitiano,
2101 3228 2157 3275 in
2192 3225 2447 3277 Pathmos
2490 3224 2722 3275 insulam
2758 3223 3024 3290 relegatus

535 3314 749 3379 scripsit
801 3312 1195 3379 Apocalypsim.
1267 3314 1553 3363 Interfecto
1609 3320 1785 3363 autem
1840 3313 2175 3374 Domitiano,
2232 3318 2285 3361 et
2338 3314 2472 3362 actis
2526 3314 2641 3361 eius
2692 3313 2761 3361 ob
2810 3312 3022 3360 nimiam

534 3399 900 3450 crudelitatem
938 3415 971 3449 a
1008 3400 1208 3450 Senatu
1245 3401 1501 3461 rescissis,
1539 3400 1639 3449 sub
1676 3400 1855 3449 Nerva
1890 3399 2129 3465 principe
2167 3399 2303 3449 redit
2325 3398 2599 3465 Ephesum
2634 3399 2821 3463 ibique
2856 3412 3023 3461 usque

537 3486 605 3537 ad
642 3488 932 3537 Traianum
967 3487 1264 3552 principem
1298 3501 1666 3551 perseverans,
1712 3490 1855 3537 totas
1890 3485 2051 3535 Asiae
2086 3486 2331 3535 fundavit
2364 3487 2605 3552 rexitque
2641 3485 2933 3543 Ecclesiae,
2968 3488 3021 3533 et

533 3574 807 3623 confectus
844 3574 1011 3635 senio,
1049 3575 1381 3639 sexagesimo
1422 3578 1610 3623 octavo
1650 3579 1771 3639 post
1806 3574 2109 3638 passionem
2148 3573 2364 3623 Domini
2402 3587 2543 3622 anno
2581 3579 2842 3634 mortuus,
2878 3573 3019 3620 iuxta

535 3660 758 3709 eandem
797 3660 982 3709 urbem
1019 3660 1259 3725 sepultus
1298 3662 1425 3710 est.“
1477 3660 1713 3720 Quartus
1752 3659 1989 3709 decimus
2013 3674 2185 3709 annus
2212 3660 2420 3724 imperii
2444 3659 2739 3709 Domitiani
2776 3674 2885 3725 quo
2908 3674 3016 3723 per—

537 3748 867 3797 secutionem
903 3748 959 3795 in
991 3744 1321 3797 Christianos
1359 3750 1548 3806 movet,
1587 3746 1877 3811 respondet
1912 3760 1960 3795 a.
1988 3748 2070 3795 95.
2102 3764 2153 3811 p.
2182 3745 2240 3795 C.
2277 3745 2427 3794 iuxta
2457 3744 2792 3808 Suetonium,
2829 3746 3015 3796 Domit-

531 3848 584 3882 n.
603 3834 684 3882 17.
704 3850 756 3899 p.
771 3834 889 3882 370.
913 3833 1051 3882 enim
1073 3838 1305 3883 constat:
1335 3833 1766 3897 „quartodecimo
1787 3832 2060 3883 Kalendas
2082 3831 2329 3883 Octobris
2348 3834 2555 3899 imperii
2576 3833 3015 3899 quintodecimo“‚

528 3921 566 3969 i.
593 3936 638 3969 e.
659 3920 742 3969 96.
767 3936 819 3985 p.
843 3918 901 3967 C.
941 3920 1175 3969 occisum
1213 3919 1393 3970 fuisse.
1433 3918 1486 3968 S.
1506 3920 1749 3969 Joannes
1784 3936 1912 3969 vero
1940 3921 2090 3969 iuxta
2114 3919 2269 3969 fidem
2294 3921 2717 3970 testimoniorum
2744 3919 2798 3969 S.
2819 3920 3015 3969 Irenaei

533 4006 654 4057 adv.
668 4006 813 4057 haer.
827 4006 927 4056 ΙΙΙ.
946 4009 994 4067 3,
1009 4009 1058 4055 4.
1080 4023 1131 4071 p.
1145 4007 1264 4055 436.
1301 4006 1540 4069 Eusebii,
1563 4006 1617 4055 in
1638 4004 1901 4057 Chronico
1922 4005 1991 4055 ad
2010 4021 2126 4072 a.p.
2144 4007 2201 4056 C.
2218 4010 2335 4057 101.
2356 4023 2407 4072 p.
2426 4009 2545 4057 692.
2560 4024 2603 4058 s.
2642 4007 2697 4057 S.
2718 4004 3015 4073 Epiphanii,

532 4093 679 4143 haer.
720 4096 804 4144 66.
833 4096 915 4142 19.
953 4110 1005 4159 p.
1033 4094 1150 4143 636.
1201 4107 1244 4141 s.
1281 4092 1610 4157 Hieronymi,
1650 4093 1769 4143 adv.
1807 4093 1984 4143 Jovin.
2021 4092 2065 4155 1,
2091 4095 2175 4143 26.
2212 4110 2263 4159 p.
2290 4096 2409 4145 279.
2446 4099 2567 4151 octo
2604 4093 2781 4143 adhuc
2820 4095 3017 4143 circiter

533 4196 706 4230 annos
742 4184 866 4247 post
901 4179 1129 4229 reditum
1155 4196 1220 4229 ex
1245 4179 1422 4229 insula
1457 4179 1710 4231 Pathmos
1734 4178 1939 4245 Ephesi
1975 4180 2417 4243 commorabatur,
2457 4181 2549 4246 qui
2585 4196 2719 4231 sane
2755 4180 3016 4231 sufficiunt

533 4266 602 4316 ad
639 4266 853 4317 labores
888 4266 1132 4332 Apostoli
1170 4282 1279 4328 eos,
1319 4282 1454 4331 quos
1491 4268 1559 4315 ab
1595 4268 1715 4329 ipso
1753 4267 1852 4317 sub
1889 4268 1990 4316 isto
2027 4272 2265 4332 tempore
2300 4272 2546 4333 peractos
2584 4270 2848 4319 novimus.

745 4354 782 4419 ¹)
819 4354 982 4403 Haer.
1021 4354 1105 4414 51,
1136 4355 1216 4402 12.
1253 4368 1304 4418 p.
1340 4354 1458 4402 434.
1532 4352 1572 4415 2)
1609 4352 1711 4402 Ed.
1752 4368 1795 4406 c.
1834 4370 1887 4419 p.
1924 4356 2043 4403 201.
2120 4351 2164 4418 ⁸)
2203 4354 2335 4415 Quis
2373 4354 2521 4405 dives
2558 4354 2814 4417 salvetur,
2852 4372 2903 4405 n.
2932 4354 3012 4425 212.

533 4456 584 4505 p.
623 4440 742 4489 968.
779 4456 822 4490 s.
894 4440 936 4505 ⁴)
985 4440 1052 4489 H.
1089 4440 1156 4489 E.
1191 4440 1300 4501 111,
1339 4442 1422 4489 23.
1461 4457 1511 4505 p.
1551 4441 1633 4489 91.
1708 4440 1750 4505 ⁵)
1790 4440 1853 4489 V.
1890 4438 2110 4503 Hefele,
2156 4440 2446 4506 prolegom.
2494 4458 2545 4507 p.
2582 4442 2698 4491 XL.
2774 4440 2817 4507 0)
2854 4442 2934 4491 Cf.
2966 4440 3011 4491 J.

531 4527 835 4589 Pearsonii,
874 4526 1148 4576 vindicias
1186 4527 1497 4591 Ignatianas
1531 4527 1604 4588 ΙΙ,
1649 4530 1695 4577 1.
1734 4527 1876 4593 apud
1914 4526 2264 4591 Cotelerium,
2309 4529 2367 4577 P.
2405 4529 2465 4577 P.
2504 4533 2678 4594 apost.
2716 4528 2789 4589 11,
2828 4530 2942 4579 357.
2976 4542 3011 4576 s.

533 4610 573 4679 ⁷)
611 4612 674 4661 E.
701 4628 752 4677 g.
780 4615 828 4673 2,
856 4614 904 4661 9.
946 4614 1026 4673 11,
1058 4615 1102 4661 1.
1145 4615 1224 4674 17,
1255 4616 1334 4662 16.
1375 4615 1454 4675 19,
1485 4616 1530 4662 7.
