3267 5259
1111 432 1348 485 Prophetis.
1373 433 1572 475 Danielis
1599 437 1641 478 9.
1668 437 1736 476 20.
1764 447 1803 476 s.
2527 419 2706 469 LXXI

205 611 425 658 rationes
470 615 698 660 nostras
754 610 824 660 ab
877 611 1017 660 omni
1053 611 1181 659 vitio
1228 610 1516 660 liberemus
1565 608 1794 674 denique
1831 609 1873 658 δ.
1915 610 2165 659 dicimus:
2214 611 2463 675 periodos
2498 611 2621 660 VII.
2652 617 2705 660 et

205 695 361 746 LXII.
385 695 886 760 hebdomadarum3
914 703 1075 763 atque
1103 699 1260 748 unius
1285 698 1616 762 septimanae
1640 698 1674 750 i.
1696 712 1739 746 e.
1762 699 1829 746 49
1845 695 1909 764 4-
1930 699 2031 746 434
2064 696 2119 762 †-
2140 699 2169 747 7
2192 719 2257 740 =
2278 699 2422 762 4⁹04
2450 703 2699 763 tanquam

205 799 332 848 quae
385 799 444 832 se
503 789 704 832 mutuo
765 785 1095 849 exciperent,
1151 783 1226 833 de
1281 790 1568 850 tempore
1624 785 1847 834 contin
1864 799 1939 832 uo
1995 789 2059 834 et
2110 785 2493 834 successivo
2551 785 2697 834 fluxu

205 868 506 918 decurrente
545 871 856 934 capiendas
890 887 1024 922 esse.
1073 871 1172 920 His
1198 872 1502 936 praemissis
1528 875 1709 932 restat,
1748 876 1807 920 ut
1830 871 2174 934 inquiramus,
2212 875 2387 920 utrum
2411 876 2701 936 temporum

205 957 292 1004 abs
327 956 482 1006 nobis
519 961 908 1006 enarrator-um
935 957 1216 1022 descriptio
1244 974 1362 1007 cum
1389 959 1643 1006 vaticinio
1676 962 1857 1007 nostro
1896 959 2198 1007 consentiat
2234 973 2332 1006 nec
2370 961 2470 1006 ne?
2516 959 2579 1006 In
2602 957 2704 1007 hac

205 1051 368 1091 autem
404 1045 736 1106 quaestione
773 1043 1052 1105 solvenda,
1091 1045 1215 1094 anni
1253 1047 1344 1109 qui
1380 1046 1448 1094 ab
1487 1045 1793 1094 Artaxerxis
1831 1044 1872 1093 1.
1910 1045 2159 1094 vicesimo
2202 1059 2372 1109 usque
2410 1044 2477 1094 ad
2503 1044 2706 1093 Tiberii

206 1129 454 1179 decimum
481 1133 538 1178 et
563 1146 795 1190 nonum,
835 1147 941 1195 quo
967 1130 1208 1180 Christus
1235 1136 1474 1180 mortuus
1501 1137 1582 1180 est
1605 1131 1821 1193 fluxere,
1861 1131 2155 1181 secundum
2187 1133 2471 1196 scriptores
2498 1136 2703 1180 veteres

205 1222 317 1264 sunt
351 1215 666 1281 colligendi.
726 1217 1048 1268 Artaxerxes
1087 1223 1220 1268 teste
1258 1217 1667 1283 Thucydide
1692 1245 1758 1253 -—
1784 1218 1849 1268 de
1887 1217 2025 1267 bello
2065 1218 2519 1283 Peloponnesiaco
2568 1218 2701 1266 Hist.

205 1303 288 1352 IV.
323 1306 404 1354 50.
441 1304 528 1354 ed.
580 1303 644 1354 C.
683 1305 752 1354 A.
789 1305 1012 1354 Dukeri.
1059 1306 1226 1354 Amst.
1268 1307 1414 1356 1731.
1449 1321 1502 1370 p.
1534 1307 1653 1354 268.
1688 1332 1751 1340 -
1794 1304 2209 1369 „Artaphernem
2245 1319 2372 1354 vero
2412 1309 2601 1368 postea
2640 1332 2701 1340 —
2792 1315 2813 1350 .'

206 1389 402 1456 Olymp.
427 1391 514 1454 88,
530 1393 580 1440 4.
611 1391 683 1442 U.
714 1391 777 1442 C.
803 1392 952 1441 Varr.
982 1394 1100 1441 329.
1124 1392 1366 1454 Dukero,
1391 1391 1610 1442 Octobr.
1638 1397 1865 1441 exeunte
1891 1391 1975 1440 vel
2006 1393 2224 1441 ineunte
2254 1392 2389 1440 Nov.
2418 1395 2509 1426 —-“
2538 1391 2696 1440 Athe-

207 1477 408 1527 nienses
443 1493 558 1528 una
597 1494 731 1528 cum
769 1479 960 1544 legatis
996 1480 1195 1528 triremi
1231 1485 1440 1529 vectum
1479 1478 1752 1544 Ephesum
1788 1480 2057 1528 miserunt.
2108 1479 2211 1539 Qui
2250 1495 2367 1527 cum
2405 1478 2514 1528 illic
2549 1478 2703 1527 intel-

207 1564 476 1628 lexissent,
515 1565 880 1616 Artaxerxem
917 1566 1108 1615 Xerxis
1147 1564 1310 1614 filium
1347 1581 1517 1631 nuper
1553 1566 1753 1616 obiisse
1790 1593 1855 1601 -
1893 1580 2015 1614 nam
2052 1581 2147 1631 per
2185 1565 2239 1614 id
2275 1571 2484 1630 tempus
2522 1564 2702 1614 deces-

207 1656 339 1700 serat
362 1679 427 1687 —
454 1651 682 1702 domum
728 1653 1046 1702 redierunt.“
1099 1653 1256 1714 Quod
1291 1669 1417 1703 vero
1456 1653 1524 1702 ad
1563 1653 1933 1702 auctoritatem
1970 1652 2297 1717 Thucydidis
2334 1653 2539 1712 attinet,
2580 1667 2700 1700 cum

209 1737 333 1788 alias
379 1745 488 1788 tum
538 1739 630 1788 hic
683 1739 834 1804 quod
879 1739 948 1789 ad
986 1739 1142 1789 fidem
1181 1740 1514 1789 historiarum
1562 1740 1793 1790 maxima
1836 1743 1889 1788 et
1924 1740 2317 1803 spectatissima
2354 1745 2450 1788 est.
2521 1739 2703 1788 Enim-

211 1841 324 1874 vero
360 1827 500 1875 inter
539 1831 762 1876 veteres
801 1827 1154 1876 Historiarum
1193 1827 1494 1892 scriptores,
1543 1827 1638 1891 qni
1674 1831 1961 1892 supersunt
1997 1827 2260 1875 neminem
2296 1825 2571 1888 habemus,
2611 1827 2703 1892 qui

210 1913 271 1962 ad
305 1913 438 1964 haec
475 1921 736 1980 tempora
769 1915 990 1979 propius
1027 1915 1328 1976 accesserit,
1369 1915 1566 1978 quippe
1594 1914 1685 1979 qui
1719 1913 1843 1962 huic
1870 1914 1973 1978 ipsi
1997 1913 2277 1962 Artaxerxi
2300 1912 2403 1960 fuit
2428 1910 2700 1980 σύγχρονος

210 2007 258 2048 et
279 2000 738 2066 Peloponnesiaci
765 2000 910 2062 belli,
937 2000 1036 2050 sub
1064 2000 1252 2050 eodem
1275 2001 1566 2050 Artaxerxe
1593 2001 1787 2065 coepti,
1812 2000 2062 2050 historias
2088 2013 2294 2050 summa
2320 1999 2423 2048 fide
2448 1999 2703 2048 condidit.

210 2087 606 2138 Herodotus
659 2088 944 2154 siquidem,
993 2089 1086 2152 qui
1131 2092 1256 2137 ante
1292 2086 1659 2151 Thucydidem
1696 2087 1889 2148 floruit,
1938 2103 2037 2136 nos
2072 2086 2160 2135 hic
2205 2086 2469 2150 destituit3
2520 2090 2703 2152 utpote

211 2175 294 2238 qui
329 2189 413 2224 res
449 2189 584 2224 suas
625 2175 964 2226 solummodo
991 2175 1060 2224 ad
1083 2189 1284 2224 nonum
1320 2189 1517 2224 annum
1547 2175 1737 2224 Xerxis
1776 2173 2035 2239 perduxit.
2084 2173 2307 2223 Accedit
2341 2172 2703 2223 Diodorum

213 2259 490 2312 Siculum
517 2289 588 2298 -
615 2262 764 2312 Bibl.
803 2262 923 2312 hist.
960 2261 1084 2324 XII,
1123 2263 1204 2312 64.
1245 2261 1327 2310 ed.
1365 2262 1577 2327 Bipont.
1615 2261 1679 2323 V,
1715 2263 1829 2310 133.
1856 2289 1921 2295 —
1950 2260 2107 2309 fidem
2145 2260 2474 2325 Thucydidis
2510 2260 2613 2310 hoc
2648 2261 2701 2308 in

211 2347 344 2396 facto
379 2349 674 2399 sustinere.
747 2349 916 2398 Juxta
951 2348 1086 2398 haec
1121 2349 1442 2398 Artaxerxes
1478 2348 1520 2396 Ι.
1558 2352 1795 2398 mortuus
1834 2353 1937 2398 est:
1991 2361 2131 2396 anno
2172 2346 2503 2412 Olympiadis
2542 2348 2699 2396 88-ae

213 2433 334 2484 1v-0
355 2437 448 2500 qui
467 2442 552 2486 est
573 2435 874 2485 secundum
896 2435 1170 2486 Usserium
1199 2463 1250 2470 ——
1271 2441 1422 2484 aetas
1441 2433 1622 2484 mundi
1643 2441 1795 2484 sexta
1820 2435 1943 2500 imp.
1963 2450 2105 2499 pers.
2124 2451 2175 2500 p.
2198 2436 2316 2484 205.
2332 2462 2397 2469 —-
2412 2435 2531 2483 325.
2554 2433 2618 2483 U.
2640 2433 2701 2482 C.

213 2519 348 2570 Idem
392 2537 556 2587 porro
595 2523 923 2572 Artaxerxes
961 2521 1187 2572 docente
1224 2520 1604 2571 Ptolemaeo
1633 2549 1701 2557 -—
1730 2520 1861 2570 Gan.
1889 2536 1976 2586 ap.
2000 2519 2193 2582 Ideler,
2229 2519 2447 2570 Handb.
2475 2520 2523 2570 d.
2565 2519 2623 2569 C.
2661 2521 2702 2582 I,

217 2611 320 2657 111.
346 2635 410 2644 —-
437 2610 486 2658 E
504 2609 756 2660 usebio
787 2636 844 2646 —·
876 2610 930 2658 in
965 2608 1124 2658 Thes.
1151 2615 1308 2673 temp.
1347 2608 1430 2658 ed.
1459 2608 1731 2674 Scaligeri.
1761 2609 1927 2657 Amst.
1956 2610 2107 2658 1658.
2133 2624 2183 2673 p.
2211 2609 2327 2656 247.
2355 2623 2397 2657 s.
2422 2635 2489 2643 -—
2516 2607 2699 2656 Nice-

215 2695 430 2759 phoro,
457 2723 526 2732 —
554 2696 856 2761 chronogr.
896 2696 1041 2745 brev.
1080 2694 1162 2746 ed.
1190 2694 1442 2745 Credner.
1483 2695 1620 2746 Giss.
1660 2697 1809 2745 1832.
1848 2711 1899 2760 p.
1929 2697 2009 2744 14.
2038 2721 2103 2730 —
2130 2695 2373 2760 regnavit
2409 2710 2578 2744 annos
2615 2697 2701 2744 41.

215 2782 490 2833 Decretum
527 2786 701 2850 igitur
736 2783 1118 2834 instaurandae
1155 2783 1320 2844 urbis,
1359 2782 1501 2849 quod
1527 2783 1645 2832 XX.
1672 2797 1813 2832 anno
1850 2783 2039 2843 emisit,
2079 2782 2223 2831 cadit
2247 2783 2301 2831 in
2326 2796 2373 2832 a.
2400 2783 2467 2832 U.
2496 2781 2555 2831 C.
2584 2784 2703 2832 304.

217 2870 478 2921 Mitt-entes
504 2877 723 2936 tempus
749 2870 1136 2932 intermedium,
1174 2870 1394 2935 gradum
1423 2869 1647 2935 figamus
1672 2870 1728 2918 in
1754 2884 1934 2934 pugna
1972 2869 2038 2918 ad
2062 2869 2273 2918 Actium
2299 2883 2347 2918 a.
2374 2869 2441 2919 U.
2468 2869 2528 2918 C.
2558 2871 2703 2932 723.;

216 2969 246 3004 a
280 2971 381 3020 quo
418 2959 464 3007 si
518 2958 806 3008 demantur
850 2959 986 3018 304„
1039 2972 1261 3022 quorum
1311 2957 1493 3006 ultimo
1542 2956 1811 3006 decretum
1860 2971 2024 3022 saepe
2072 2955 2347 3005 laudatum
2394 2955 2699 3020 evulgatum

219 3048 304 3103 est,
341 3051 560 3094 manent
595 3047 736 3106 420„
776 3045 972 3109 quibus
998 3045 1043 3094 si
1067 3043 1336 3094 addantur
1361 3045 1486 3093 anni
1517 3044 1743 3108 Augusti
1780 3048 1833 3093 et
1861 3043 2063 3092 Tiberii
2102 3046 2170 3093 44
2204 3048 2255 3102 ἦ·
2289 3045 2351 3093 19
2379 3043 2703 3108 colliguntur

216 3131 266 3177 in
299 3145 503 3182 summa
527 3135 652 3184 483.
695 3132 837 3182 anni.
891 3133 1084 3181 Verum
1123 3148 1231 3183 non
1269 3133 1522 3181 convenit
1555 3133 1608 3179 in
1650 3131 2007 3195 explicatione
2044 3131 2370 3195 quaestionis
2408 3129 2566 3178 huius
2604 3145 2701 3178 nos

220 3231 326 3266 esse
358 3218 652 3284 longiores.
701 3219 878 3284 Atque
917 3218 1052 3268 haec
1089 3220 1195 3267 sint
1233 3217 1446 3283 quidem
1484 3232 1518 3267 a
1555 3217 1711 3266 nobis
1748 3217 1815 3266 de
1853 3217 2016 3266 LXX.
2045 3215 2469 3266 hebdomadibus
2506 3217 2702 3277 sinon,

220 3308 273 3351 ut
295 3309 472 3355 tantae
495 3308 578 3355 rei
603 3306 837 3371 dignitas
875 3312 928 3355 et
965 3305 1254 3354 difficultas
1291 3303 1616 3369 postulabat,
1656 3309 1797 3354 certe
1834 3309 1893 3354 ut
1928 3303 2137 3353 ferebat
2173 3307 2389 3352 nostrae
2427 3303 2701 3352 facultatis

220 3393 441 3442 tenuitas
479 3393 778 3459 disputata.

413 3535 521 3599 45.
571 3531 973 3596 Vaticinium
1004 3527 1297 3594 Danielis
1342 3551 1474 3593 non
1519 3537 1698 3592 recte
1732 3551 1772 3592 a
1812 3525 2201 3612 quibusdam
2246 3527 2703 3614 interpretibus

226 3633 530 3720 explicari
589 3635 970 3702 ostenditur.
1053 3653 1360 3718 Quicumque
1405 3651 1705 3716 Temporum
1740 3650 2011 3702 Sacrorum
2043 3652 2266 3701 rationes
2298 3655 2603 3712 hastarum,
2651 3649 2709 3699 id

221 3739 312 3788 sibi
341 3757 430 3791 eeu
458 3757 678 3807 pensum
708 3742 1026 3806 potissimum
1060 3741 1416 3790 constituerunt
1430 3758 1448 3788 .·
1499 3745 1554 3789 ut
1599 3738 1731 3788 hunc
1774 3738 1935 3788 locum
1970 3737 2205 3788 Danielis
2251 3736 2612 3801 difficillimam
2658 3743 2706 3787 st

226 3826 426 3877 ”auximi
459 3831 702 3880 momenti
734 3828 1078 3889 illustrarunt,-
1113 3845 1322 3891 quorum
1359 3829 1460 3877 iam
1489 3825 1796 3891 praecipuos
1818 3825 1873 3875 in
1908 3825 2222 3888 sequentibus
2255 3841 2507 3876 recensere
2540 3825 2708 3874 οοπαιί

225 3929 396 3966 sumas.
471 3915 605 3966 Sunt
651 3931 768 3966 vero
813 3920 1029 3980 quatuor·
1071 3917 1370 3978 scr-iptorum
1385 3949 1398 3974 ,
1448 3915 1536 3978 qui
1582 3913 1677 3964 hac
1720 3914 1776 3962 in
1821 3929 1877 3963 re
1924 3929 2131 3977 operam
2174 3917 2453 3973 navarent,
2504 3911 2703 3976 species.

229 4000 398 4052 Prima
429 4005 760 4066 interpretum
793 4001 1034 4053 strictiora·
1067 4019 1216 4052 semu
1249 4004 1322 4050 sio
1346 3999 1590 4050 dictorum
1605 4019 1624 4062 ,·
1656 3997 1875 4050 secunda
1901 4017 2021 4064 quos
2049 3999 2223 4048 dicunt
2252 3998 2706 4062 Chr-orzoloqomna;

230 4090 368 4138 tertia
412 4107 588 4141 eoru-m
634 4091 722 4154 qui
765 4089 897 4140 hunc
943 4090 1102 4140 locum
1141 4088 1398 4152 peculiari
1449 4086 1797 4152 disquisitione
1848 4086 1951 4137 sibi
1993 4085 2343 4136 excutiendum
2395 4090 2707 4143 sumserunt,-

232 4183 402 4238 ρων-ια
445 4193 617 4229 eorum
663 4178 752 4242 qui
795 4175 948 4238 data,
993 4181 1050 4226 ut
1093 4181 1296 4238 vocant,
1334 4175 1586 4224 occasione
1631 4173 1728 4224 hac
1762 4172 1827 4224 de
1872 4190 1929 4223 re
1978 4177 2327 4237 coposuerunt.
2386 4170 2551 4219 Prisci
2586 4171 2705 4220 olim

233 4261 282 4312 S.
305 4261 356 4313 S.
377 4263 556 4314 Patres
590 4271 638 4315 et
662 4263 943 4328 Scriptores
973 4262 1028 4312 E.
1055 4265 1160 4312 iam
1183 4267 1510 4313 monuerunt.-
1535 4259 1671 4326 quod
1694 4275 1755 4310 ea
1778 4259 2021 4309 υαιίσίπία
2047 4276 2173 4323 quae
2202 4253 2412 4326 ,,χρόνου
2444 4275 2703 4326 προσημα-

234 4345 363 4397 σίαν“
398 4351 597 4414 habetat,
636 4357 680 4400 et
715 4349 880 4400 indice
916 4350 1064 4415 quasi
1097 4348 1258 4416 digito
1285 4347 1419 4400 illud
1453 4355 1663 4412 tempus,
1702 4365 1800 4412 qno
1830 4345 2043 4396 Messias
2070 4345 2242 4394 venire
2276 4343 2463 4407 debuit,
2502 4344 2697 4396 demon·

233 4441 401 4498 strant,
438 4443 490 4488 ut
523 4437 808 4503 Rdiyioni·
835 4437 1027 4488 Christi
1049 4437 1310 4488 ustulatam
1347 4437 1614 4502 insigniter
1649 4435 1913 4486 stabiliunt
1948 4439 1993 4484 et
2029 4431 2325 4497 confirmant
2336 4451 2357 4495 ,-
2390 4433 2463 4482 ita
2484 4431 2733 4488 Judaeoe

233 4537 336 4572 mm
380 4541 571 4589 quoque
618 4519 913 4586 „ob-:zarlaw
963 4523 1310 4588 efficacissime
1357 4521 1684 4588 redarymmt.
1752 4520 1853 4582 Qui
1886 4520 2017 4572 sm’m
2054 4519 2176 4570 olim
2211 4536 2267 4571 eo
2300 4519 2554 4586 nequitiae
2580 4537 2703 4584 pro-

240 4619 493 4674 cesserunt,
537 4617 592 4662 ut
627 4610 879 4675 cor-ruptis
917 4613 1134 4677 pecunia
1182 4611 1386 4663 cestibus
1425 4608 1610 4660 Christi
1647 4607 1932 4660 Salonem-is
1971 4607 2400 4659 Resurrectionem
2428 4622 2706 4672 pernegare
