3267 5259
1080 448 1127 492 8.
1148 444 1275 493 Pauli
1307 446 1521 503 epistolae
1550 446 1686 493 Roma
1713 447 1857 494 datae.
2581 436 2709 506 447

227 598 611 693 Ecclesiam.
658 626 1066 715 Archippum
1090 634 1128 713 ¹,
1199 630 1310 715 qui
1380 627 1804 694 Colossenses
1873 627 2075 693 verbo
2151 637 2217 692 et
2282 630 2708 693 sacramentis

226 740 562 825 pascebat,
594 751 845 806 monet:
880 742 1219 807 attendere
1252 740 1337 806 ad
1368 742 1792 837 ministerium
1817 740 2014 827 quod,
2047 742 2304 828 accepit
2335 764 2374 805 a
2399 742 2708 807 Domino.

226 852 529 939 Denique
577 858 841 941 propria
883 878 1082 921 manu
1112 855 1502 941 subsignans
1536 854 1904 942 epistolam,
1946 852 2356 920 vinculorum
2401 856 2713 919 suorum²

224 968 545 1050 meminit3
588 977 661 1032 ut
690 971 755 1031 in
786 967 937 1051 fide,
979 991 1097 1054 pro
1134 992 1264 1055 qua
1287 967 1678 1054 Apostolum
1703 976 1954 1031 tantum
1977 966 2292 1033 videbant
2317 970 2470 1055 pati,
2504 970 2711 1059 magis

225 1088 421 1164 atque
469 1082 679 1165 magis
726 1080 1287 1147 confirmarentur.
1324 1080 1682 1167 Optatione
1729 1081 1999 1165 gratiae,
2050 1082 2258 1146 omnis
2304 1079 2600 1146 salutaris
2648 1091 2713 1146 et

226 1190 377 1257 boni
426 1194 632 1276 fonte,
676 1193 899 1258 literas
945 1193 1243 1260 absolvit.

428 1388 696 1456 Diqressw,
733 1388 900 1457 qualis
933 1388 1139 1458 epistola
1162 1388 1341 1455 suerit,
1378 1389 1437 1441 de
1472 1406 1573 1457 qua
1617 1388 1787 1441 Coloss.
1815 1388 1868 1451 4,
1893 1389 1972 1440 16.
2009 1388 2211 1440 Paulus
2243 1388 2535 1441 mentionem
2559 1388 2710 1455 facit,

222 1475 500 1542 quaeritur.
524 1475 763 1539 Antiqua
792 1474 924 1524 haec
951 1479 1034 1525 est
1051 1476 1315 1539 quaestio,
1358 1489 1428 1523 an
1458 1473 1750 1539 Apostolus
1787 1475 2062 1539 scripserit
2086 1489 2299 1539 quoque
2323 1474 2394 1524 ad
2412 1474 2710 1525 Laodicen·

224 1562 343 1611 ses?
380 1560 437 1611 S.
464 1562 706 1612 Joannes
734 1560 1165 1629 chrysostomus,
1192 1563 1245 1611 in
1278 1562 1430 1627 epist.
1470 1560 1540 1611 ad
1577 1560 1786 1612 Coloss.
1811 1560 1994 1611 homil.
2021 1561 2138 1623 XII,
2168 1564 2214 1611 1.
2239 1562 2334 1623 XI,
2361 1562 2479 1611 413.
2505 1561 2707 1611 nullam

222 1653 375 1713 putat
422 1663 459 1698 a
507 1647 681 1699 Paulo
730 1650 908 1699 datam
957 1664 1077 1699 esse
1125 1649 1195 1699 ad
1244 1649 1609 1701 Laodicenses
1649 1648 1960 1714 epistolam3
1999 1663 2064 1698 ea
2109 1663 2185 1699 sc.
2236 1650 2444 1699 ratione
2489 1640 2582 1709 „035
2618 1642 2710 1717 γὰρ

226 1726 322 1785 εἷπε
358 1732 448 1799 τὴν
487 1728 607 1803 πρὸς
632 1734 897 1795 Λαοδικέας
922 1729 1053 1785 ἀλλὰ
1086 1732 1173 1801 τὴν
1211 1732 1261 1786 ἐκ
1296 1732 1576 1794 Λαοδικείας
1614 1732 1734 1803 φησὶ
1767 1734 2086 1803 γραφεῖσαν.“
2132 1735 2318 1801 Neque
2353 1736 2511 1787 aliter
2544 1736 2712 1786 Theo-

224 1821 381 1873 dorus
439 1824 881 1889 Mopsvestenus,
932 1840 1123 1874 comm.
1185 1840 1268 1889 ep.
1332 1823 1543 1874 Coloss.
1590 1822 1678 1873 ed.
1725 1821 1778 1873 J.
1817 1824 1880 1874 L.
1917 1822 2129 1873 Jacobi.
2181 1822 2304 1873 Hal.
2347 1824 2496 1873 1858.
2535 1840 2584 1889 p.
2626 1824 2708 1876 24.

224 1910 402 1971 „Dicit
440 1916 623 1961 autem
673 1913 781 1973 eis,
828 1915 890 1961 ut
935 1916 989 1961 et
1034 1909 1181 1961 illam
1229 1926 1367 1976 quae
1422 1926 1495 1959 ex
1544 1909 1890 1961 Laodicea
1936 1914 2018 1959 est
2067 1908 2272 1975 legant,
2323 1925 2431 1959 non
2480 1911 2606 1975 quia
2643 1910 2712 1960 ad

221 1998 591 2049 Laodicenses
628 1999 899 2069 scripsit.“
939 1998 1099 2047 Hanc
1136 1998 1455 2047 sententiam
1494 2002 1819 2062 sequuntur:
1855 1995 2242 2058 Theodoretus,
2281 1996 2352 2046 ad
2377 1996 2490 2047 h.1.
2513 2013 2564 2062 p.
2592 1999 2709 2047 501.

220 2084 509 2146 Bar-onius,
544 2084 738 2135 Annal.
778 2086 863 2147 60,
908 2087 991 2135 13.
1029 2100 1080 2149 p.
1126 2087 1243 2135 567.
1298 2083 1581 2135 Cornelius
1618 2099 1654 2134 a
1690 2084 1918 2149 Lapide,
1967 2099 2019 2149 p.
2069 2085 2190 2133 642.
2239 2084 2455 2146 Estius,
2502 2099 2552 2149 p.
2591 2086 2709 2135 498.

220 2172 453 2233 Tirinus,
494 2187 683 2222 comm.
731 2171 814 2222 ed.
839 2172 975 2223 Ven.
1014 2172 1083 2234 11,
1110 2174 1229 2221 236.
1268 2171 1602 2233 Menochius,
1645 2170 1848 2221 Comm.
1874 2176 1972 2221 tot.
1998 2170 2051 2221 S.
2079 2170 2131 2221 S.
2158 2170 2302 2233 VIII,
2333 2174 2446 2221 192.
2485 2171 2710 2233 Erhard,

222 2258 424 2309 Comm.
469 2260 525 2308 in
561 2259 711 2309 univ·
748 2257 891 2309 Bibl.
920 2257 975 2309 S.
1000 2259 1069 2307 11.
1096 2260 1213 2307 272.
1254 2257 1315 2308 C.
1343 2258 1406 2308 G.
1444 2259 1693 2320 Kattner,
1721 2259 2076 2323 Hypomnem.
2114 2260 2169 2308 in
2204 2256 2268 2309 N.
2295 2258 2356 2309 T.
2381 2260 2532 2325 Lips.
2561 2260 2711 2310 1780.

220 2362 267 2411 p.
294 2348 414 2397 438.
457 2346 819 2413 Fromoudus,
855 2361 907 2410 p.
936 2347 1054 2395 330.
1093 2345 1359 2411 Basnage,
1398 2344 1470 2395 ad
1508 2360 1635 2396 ann.
1676 2348 1760 2407 60,
1787 2348 1870 2395 26.
1895 2362 1948 2410 p.
1989 2348 2106 2396 709.
2145 2344 2450 2409 Tillemont,
2487 2346 2645 2396 Mem.
2671 2346 2712 2406 1,

218 2434 331 2483 576.
384 2434 643 2494 Witsius,
682 2433 749 2483 de
784 2434 899 2482 vita
935 2431 1093 2481 Pauli
1130 2434 1275 2495 XIV,
1312 2435 1361 2483 8.
1400 2434 1455 2483 in
1492 2432 1616 2483 Mel.
1657 2433 1720 2483 L.
1759 2449 1811 2497 p.
1849 2434 1969 2482 243.
2019 2432 2318 2495 Fabricius,
2360 2432 2492 2485 Cod.
2531 2448 2711 2499 apocr.

218 2519 279 2569 N.
316 2520 376 2569 Τ.
416 2520 493 2581 11,
532 2521 654 2571 853.
692 2534 737 2570 s.
792 2518 955 2580 wolf,
984 2533 1093 2569 cur.
1130 2520 1220 2585 ph.
1258 2535 1309 2585 p.
1348 2521 1465 2570 346.
1504 2518 1672 2581 Storr,
1712 2520 1838 2570 diss.
1877 2521 1930 2569 in
1972 2535 2054 2584 ep.
2103 2519 2264 2570 Pauli
2301 2521 2370 2571 ad
2411 2519 2621 2572 Coloss.
2658 2522 2710 2571 in

220 2622 297 2670 ep.
323 2606 391 2669 11,
423 2608 544 2657 120.
572 2622 616 2656 s.
654 2606 739 2656 Fr.
774 2604 1002 2667 Junker,
1040 2605 1092 2655 h.
1120 2606 1197 2655 kr.
1224 2622 1275 2656 u.
1298 2606 1389 2671 ph.
1430 2606 1632 2657 Comm.
1675 2611 1730 2657 il.
1759 2606 1806 2657 d.
1834 2607 1923 2657 Br.
1950 2608 2010 2657 P.
2037 2622 2105 2657 an
2135 2607 2222 2659 die
2249 2607 2457 2662 Coloss.
2485 2608 2703 2659 Mannh.

223 2695 368 2743 1828.
407 2710 461 2759 p.
500 2695 553 2743 4.
590 2693 949 2758 Baumgarten
990 2692 1228 2756 Crusius,
1268 2710 1419 2759 exeg.
1458 2694 1607 2744 Schr.
1647 2712 1692 2745 z.
1731 2695 1794 2745 N.
1820 2695 1881 2744 T.
1917 2694 2011 2757 111,
2050 2696 2096 2745 1.
2134 2695 2253 2745 Jen.
2296 2697 2445 2746 1847.
2483 2695 2710 2757 Borlini,

218 2796 266 2845 p.
294 2783 409 2831 133.
450 2780 674 2845 aliique.
709 2780 891 2831 Verba
916 2780 969 2831 S.
990 2780 1149 2830 Pauli
1175 2783 1229 2841 4,
1254 2784 1334 2834 16,
1372 2778 1490 2842 ,,καὶ
1512 2778 1598 2847 τὴν
1625 2778 1678 2831 ἐκ
1701 2778 1981 2839 Λαοδικείας
2017 2778 2096 2830 ἵνα
2123 2780 2203 2831 καὶ
2237 2778 2374 2851 ὑμεῖς
2412 2777 2711 2851 emmena-⁵⁴⁴,

220 2884 353 2933 quae
390 2874 477 2919 tot
517 2868 759 2919 diversas
797 2869 1146 2933 interpretum
1184 2868 1573 2934 explicationes
1612 2876 1834 2934 experta
1869 2874 2020 2933 sunt3
2059 2868 2191 2919 nihil
2231 2871 2525 2933 continent,
2565 2873 2708 2937 quod

218 2954 471 3007 lectorem
512 2960 777 3005 attentum
816 2955 1129 3021 perplexum
1167 2957 1357 3007 merito
1395 2955 1621 3006 reddere
1658 2961 1858 3021 posset.
1895 2956 2009 3006 Nec
2046 2957 2184 3007 inter
2209 2958 2546 3021 interpretes,
2573 2974 2707 3023 quos

220 3042 363 3093 dedit
398 3044 587 3108 prisca
621 3048 789 3105 aetas,
836 3044 1130 3107 reperietur
1174 3058 1344 3107 unus,
1393 3044 1486 3108 qui
1534 3045 1700 3094 verba
1748 3043 1845 3094 illa
1889 3042 1997 3093 alio
2036 3044 2193 3094 modo
2234 3044 2565 3109 explicuerit.
2623 3045 2710 3095 Ita

222 3132 385 3195 Syrus
426 3130 697 3181 reddidit:
740 3135 827 3191 „et
864 3146 979 3180 eam
1017 3144 1154 3195 quae
1181 3131 1383 3195 scripta
1408 3136 1581 3180 estex
1607 3130 2090 3181 Laodicensibus.“
2130 3132 2194 3181 V.
2221 3131 2454 3194 Reusch,
2491 3132 2708 3197 interpr.

220 3216 331 3281 Syr.
360 3234 413 3283 p.
448 3220 572 3269 270.
597 3217 865 3283 vulgatus
889 3233 1041 3268 vero:
1082 3223 1168 3279 „et
1193 3233 1307 3268 eam
1334 3233 1474 3283 quae
1498 3217 1920 3268 Laodicensium
1947 3224 2044 3280 est,
2071 3234 2168 3268 vos
2195 3217 2440 3284 legatis-‘⁶
2462 3218 2710 3283 Epistola

220 3306 371 3363 enim.
412 3309 476 3354 ut
514 3303 795 3369 praeclare
832 3304 1068 3355 advertit
1101 3305 1467 3355 Bernardinus
1504 3320 1539 3354 a
1574 3304 1819 3367 Piconio,
1871 3320 1952 3370 ep.
1990 3305 2052 3355 B.
2091 3306 2249 3355 Pauli
2287 3304 2482 3371 triplex
2521 3321 2703 3371 expos.

222 3391 337 3442 Par.
370 3393 529 3443 1860.
574 3392 641 3451 Π,
668 3393 807 3454 470.,
850 3394 965 3442 eius
1004 3396 1102 3455 est,
1139 3407 1174 3442 a
1212 3408 1317 3457 quo
1355 3393 1559 3458 scripta
1593 3392 1720 3455 fuit3
1770 3398 1830 3442 ut
1877 3392 2166 3453 Ciceronis,
2203 3392 2386 3453 Plinii,
2431 3409 2542 3443 non
2580 3395 2707 3443 item

221 3480 331 3529 eius
368 3480 441 3530 ad
483 3494 647 3545 quem
683 3481 884 3545 scripta
921 3485 1017 3529 est.
1054 3480 1157 3530 Est
1192 3480 1247 3529 in
1284 3495 1479 3545 graeco
1519 3479 1760 3545 ellypsis,
1798 3480 1894 3531 sed
1929 3495 2088 3545 quam
2123 3495 2207 3531 res
2233 3481 2354 3545 ipsa
2381 3480 2524 3531 clare
2551 3480 2709 3531 docet

220 3566 293 3615 ita
324 3566 611 3633 supplere:
648 3563 770 3632 ,,τὴν
808 3562 861 3616 ἐκ
895 3563 1174 3625 Λαοδικείας
1210 3563 1601 3636 γεγραμμένην.“
1649 3567 1876 3632 Propria
1923 3568 2044 3629 ,,τοῦ
2095 3563 2180 3616 {ff
2219 3566 2559 3633 significatio,
2602 3568 2708 3632 epi-

219 3653 407 3705 stolam
447 3670 519 3705 ex
555 3654 687 3704 urbe
723 3653 1144 3705 Laodicensium
1182 3656 1435 3719 scriptam
1473 3654 1640 3704 fuisse
1690 3655 2029 3718 determinat3
2081 3670 2178 3705 seu
2231 3655 2378 3719 prior
2412 3654 2706 3719 Apostolus

226 3742 409 3792 literas
450 3741 525 3791 ad
563 3756 655 3792 eos
694 3742 922 3804 miserit,
970 3758 1067 3792 seu
1114 3741 1223 3791 illis
1269 3743 1618 3807 rescripserit.
1671 3742 1828 3804 Quod
1875 3748 2053 3793 tamen
2101 3758 2208 3793 non
2259 3747 2342 3792 est
2376 3742 2706 3793 verosimile:

220 3842 337 3879 nam
376 3831 425 3879 si
463 3844 579 3879 uno
618 3835 673 3879 et
710 3829 896 3879 eodem
946 3835 1181 3894 tempore
1228 3828 1298 3879 ad
1347 3829 1718 3881 Laodicenses
1768 3830 2091 3894 scripsisset,
2138 3832 2189 3893 4,
2230 3832 2311 3880 15.
2349 3844 2456 3880 non
2495 3834 2706 3895 rogaret

218 4029 481 4092 mulieris,
534 4034 695 4095 prout
742 4029 896 4080 multi
950 4030 1107 4080 latini
1152 4032 1469 4095 interpretes
1518 4030 1923 4093 intellexerunt,
1987 4030 2082 4080 sed
2128 4032 2256 4093 viri3
2305 4031 2466 4080 sicuti
2517 4036 2704 4095 aperte

218 4117 493 4183 colligitur
531 4132 597 4166 ex
632 4119 951 4181 pronomine
1000 4132 1118 4183 gen.
1157 4134 1315 4168 masc.
1356 4114 1519 4168 αὐτοῦ.

428 4206 467 4269 ¹)
508 4204 839 4270 Episcopum
872 4206 1159 4256 Ecclesiae
1195 4206 1537 4257 Laodicenae
1564 4205 1698 4255 facit
1720 4211 1910 4256 auctor
1937 4204 2226 4256 Constitut.
2262 4204 2448 4270 Apost.
2477 4204 2595 4265 vn,
2623 4208 2708 4260 46.

220 4292 297 4341 ed.
334 4292 515 4343 Cotel.
556 4307 607 4357 p.
645 4294 763 4343 388.
814 4292 923 4343 Sed
960 4294 1063 4343 iam
1101 4294 1497 4355 Theodoretus,
1538 4294 1755 4358 interpr.
1793 4293 1875 4343 ad.
1917 4291 2120 4343 Coloss.
2156 4292 2207 4353 4,
2245 4292 2326 4341 17.
2365 4293 2707 4343 contradixit.

216 4378 263 4428 J.
290 4380 359 4429 D.
386 4378 697 4441 Michaelis,
734 4379 878 4430 Einl.
916 4382 972 4429 in
1011 4380 1097 4430 die
1134 4381 1287 4445 gotti.
1311 4380 1577 4431 Schriften
1602 4380 1651 4434 d.
1679 4380 1744 4430 N.
1770 4380 1832 4429 B.
1860 4379 1943 4430 ed.
1974 4380 2071 4429 111.
2111 4378 2259 4430 Gott.
2287 4381 2438 4429 1777.
2475 4394 2529 4443 p.
2556 4382 2705 4430 1076.

219 4468 471 4531 opinatur
506 4464 841 4517 Philemonis
886 4466 1052 4517 filium
1098 4467 1293 4531 fuisse3
1333 4468 1477 4532 quod
1514 4470 1679 4517 etiam
1714 4466 1998 4529 Bbhmero,
2034 4465 2258 4532 Jsagog.
2297 4482 2348 4531 p.
2375 4468 2459 4516 53.
2483 4466 2710 4530 placuit.

219 4552 433 4613 Quare?
482 4568 597 4603 non
644 4553 892 4605 dixerunt
952 4555 1041 4605 isti
1090 4555 1373 4606 duumviri.
1436 4554 1517 4605 cf.
1570 4570 1617 4605 c.
1672 4554 1726 4605 J.
1780 4554 1843 4605 Ο.
1884 4552 2244 4616 Dietelmeier,
2300 4554 2367 4604 de
2420 4553 2707 4620 Archippo.

216 4640 403 4691 Altorf.
446 4641 605 4691 1751.
666 4638 709 4701 ²)
747 4639 871 4691 Jam
908 4643 1069 4691 tertia
1104 4642 1161 4691 in
1196 4642 1301 4693 hoc
1341 4644 1517 4707 capite
1554 4642 1689 4691 vice.
