3267 5259
1299 403 1342 439 S.
1372 398 1492 441 Petri
1520 398 1742 451 epistolae.
2627 387 2754 453 477

280 588 387 622 non
424 584 543 623 esse
580 587 613 622 a
634 573 925 624 maioribus
951 576 1314 641 accepimus=“
1354 591 1405 641 p.
1434 576 1515 625 72.
1562 576 1916 627 Desideratur
1937 578 1993 626 in
2017 578 2240 643 antiqua
2261 577 2522 628 Ver-sione
2547 576 2752 641 Syrica.

280 657 332 707 S.
367 658 753 724 Hieronymus,
804 659 869 710 de
912 662 1091 727 script.
1131 661 1259 712 eccl.
1298 661 1332 711 1.
1370 676 1412 712 s.
1450 678 1495 712 c.
1532 663 1734 729 inquit:
1784 662 2064 725 „Secunda
2109 678 2142 713 a
2176 663 2446 730 plerisque
2484 664 2599 714 eius
2637 678 2754 715 esse

278 750 505 811 negatur
540 752 757 813 propter
792 746 917 813 styli
942 764 1061 797 cum
1098 750 1273 814 priore
1310 748 1742 800 dissonantiam*
1782 751 2068 801 Praeterea
2103 764 2138 800 a
2172 749 2349 800 multis
2377 754 2606 816 quatuor
2641 752 2748 817 pri-

278 847 427 882 orum
464 833 801 884 saeculorum
836 834 1206 901 negligebatur
1240 836 1604 902 scriptoribus.
1643 837 1803 887 Haud
1837 838 1996 903 pauci
2031 837 2382 887 recentiorum
2406 837 2750 903 interpretum

274 918 710 971 Acatholicorum
770 921 913 971 illam
960 922 1173 988 penitus
1228 924 1551 986 reiecerunt,
1612 926 1934 989 argumentis
1985 940 2048 974 ex
2098 926 2410 975 testimoniis
2459 925 2747 991 primorum

274 1007 635 1070 saeculorum,
674 1014 729 1059 et
764 1024 829 1058 ex
865 1010 1132 1060 scribendi
1168 1026 1361 1075 genere
1399 1012 1592 1076 petitis.
1655 1012 1816 1077 Hugo
1855 1010 2094 1073 Grotius,
2135 1026 2256 1061 ann.
2296 1010 2364 1061 ad
2399 1011 2470 1061 11.
2499 1015 2545 1075 1,
2575 1016 2620 1061 1.
2659 1028 2743 1077 op.

272 1092 347 1142 th.
378 1093 477 1156 m,
506 1096 657 1145 1113.
684 1099 738 1144 et
760 1096 1015 1147 Erasmus
1041 1100 1235 1160 tamen,
1274 1112 1383 1163 arg.
1410 1114 1492 1163 ep.
1521 1098 1580 1148 P.
1608 1113 1731 1160 sec„
1769 1098 1964 1148 frustra
1993 1099 2132 1148 inter
2156 1099 2538 1149 obtrectatores
2573 1114 2751 1149 nume·

272 1184 437 1243 ratur,
476 1182 739 1248 siquidem
776 1182 875 1249 Op.
900 1183 993 1245 VI,
1024 1184 1171 1234 1058.
1212 1184 1382 1234 dicat:
1424 1185 1611 1247 „Hanc
1649 1190 1710 1235 ut
1746 1191 1971 1251 apparet
2006 1186 2218 1252 scripsit
2254 1184 2538 1237 admodum
2573 1200 2750 1249 senex,

272 1274 327 1317 et
348 1269 455 1317 iam
480 1269 635 1319 morti
660 1270 917 1321 vicinus.“
970 1270 1183 1321 Petrum
1210 1272 1519 1338 scriptorem
1544 1287 1660 1323 esse
1699 1276 1920 1338 negant:
1959 1272 2159 1335 Schott,
2193 1272 2333 1337 Isag.
2359 1289 2414 1338 p.
2439 1274 2557 1323 424.
2586 1271 2750 1323 Cred-

270 1370 397 1417 ner,
444 1356 591 1406 Einl.
623 1356 665 1406 1.
702 1360 751 1419 6,
790 1358 905 1407 660.
942 1374 984 1408 s.
1034 1356 1359 1421 Olshausen,
1424 1374 1580 1425 quem
1624 1360 1853 1421 mireris,
1918 1361 2009 1425 qui
2057 1359 2182 1409 diss.
2233 1359 2300 1408 de
2342 1361 2646 1425 integritate
2696 1366 2748 1410 et

272 1442 555 1493 authentia
580 1445 887 1509 posterioris
911 1445 1053 1495 Petri
1081 1462 1164 1511 ep.
1190 1462 1232 1496 s.
1258 1446 1300 1495 1.
1328 1448 1381 1495 in
1407 1462 1494 1512 op.
1516 1446 1571 1512 p.
1599 1448 1682 1497 37.
1709 1462 1750 1497 s.
1787 1448 2121 1513 antiquatum
2155 1452 2506 1497 commentum
2534 1448 2749 1509 recoxit,

271 1529 339 1579 de
365 1529 577 1581 diverso
614 1532 890 1597 utriusque
917 1532 1175 1597 epistolae
1200 1534 1528 1585 amanuensi.
1562 1533 1828 1595 Neander,
1857 1532 2046 1583 Gesch.
2075 1534 2123 1583 d.
2149 1534 2348 1583 Pflanz.
2375 1533 2425 1583 d.
2453 1533 2562 1583 chr.
2587 1534 2652 1583 K.
2678 1534 2749 1597 11,

270 1618 389 1667 513.
434 1617 487 1667 J.
514 1618 583 1667 H.
608 1616 853 1684 Magnus,
882 1633 1049 1669 exam.
1077 1619 1110 1668 d
1136 1618 1317 1669 l'auth.
1345 1620 1412 1670 de
1434 1620 1491 1669 la
1513 1620 1582 1669 11.
1612 1618 1694 1686 ep.
1721 1620 1787 1670 de
1811 1620 2010 1671 Pierre.
2038 1620 2268 1671 Strassb.
2298 1622 2447 1671 1836.
2483 1620 2547 1670 L.
2575 1620 2748 1671 Aude-

266 1718 429 1767 mars,
454 1704 511 1755 la
532 1704 605 1754 11.
633 1704 715 1771 ep.
742 1706 808 1755 de
834 1706 1029 1757 Pierre.
1055 1706 1126 1757 ib.
1155 1709 1305 1759 1838.
1352 1708 1415 1758 A.
1440 1708 1504 1757 L.
1528 1708 1786 1769 Daumas,
1819 1708 2010 1758 introd.
2037 1724 2110 1758 er.
2137 1723 2170 1757 a
2195 1708 2248 1758 la
2273 1708 2342 1758 11.
2369 1705 2452 1773 ep.
2479 1707 2545 1757 de
2568 1708 2748 1759 Pierre

266 1791 341 1841 ib.
384 1793 534 1842 1845.
577 1792 885 1856 Meyerhoff,
922 1793 1063 1843 Eiul.
1104 1812 1154 1860 p.
1182 1796 1297 1844 145.
1325 1812 1366 1845 s.
1417 1794 1735 1860 Schwegler,
1773 1794 1998 1862 nachap.
2036 1795 2093 1844 Z.
2119 1794 2160 1858 1,
2186 1797 2304 1845 490.
2351 1794 2578 1857 Huther,
2603 1794 2746 1845 Einl.

268 1896 323 1944 p.
352 1880 470 1928 247.
494 1895 538 1929 s.
575 1880 782 1943 Ewald‚
810 1878 1002 1932 Gesch.
1028 1880 1077 1929 d.
1098 1882 1160 1929 V.
1187 1880 1283 1931 Isr.
1310 1880 1453 1931 Gett.
1482 1883 1629 1932 1859.
1656 1881 1773 1943 VII,
1801 1884 1920 1931 226.
1955 1881 2141 1943 Bleek,
2168 1881 2309 1931 Einl.
2335 1896 2388 1947 p.
2415 1883 2533 1931 574.
2560 1896 2601 1931 s.
2629 1898 2748 1932 cum

268 1966 405 2016 aliis.
460 1967 659 2017 Verum
708 1962 1022 2017 αὖθεντίαν
1058 1968 1137 2017 ΙΙ.
1178 1984 1268 2033 ep.
1305 1984 1347 2018 s.
1384 1968 1563 2017 Petri
1600 1970 1916 2017 evincunt
1961 1968 2184 2018 eadem
2223 1968 2520 2019 Canonis
2555 1970 2746 2019 moni·

266 2057 510 2114 menta,
544 2069 709 2119 quae
741 2054 1033 2103 militant
1064 2072 1177 2120 pro
1211 2057 1441 2120 prima,
1478 2056 1511 2105 i.
1540 2071 1584 2105 e.
1612 2055 1896 2105 multorum
1920 2057 2050 2106 satis
2076 2056 2414 2121 antiquorum
2441 2054 2494 2105 S.
2521 2054 2574 2105 S.
2599 2056 2659 2106 P.
2685 2056 2745 2106 P.

268 2146 323 2190 et
360 2138 413 2190 S.
457 2140 510 2191 S.
550 2156 867 2205 consensus,
905 2141 1141 2191 definitio
1182 2142 1565 2205 Conciliorum;
1614 2158 1848 2208 ususque
1893 2142 2170 2192 Ecclesiae
2207 2142 2443 2193 solennis
2480 2144 2532 2191 in
2568 2142 2746 2191 divino

265 2226 459 2278 officio.
510 2228 748 2277 Traditio
787 2227 1151 2279 ecclesiastica
1200 2234 1306 2278 tam
1353 2235 1499 2279 certa
1543 2235 1597 2279 et
1641 2229 1792 2278 firma
1837 2229 1962 2291 fuit3
2009 2236 2070 2278 ut
2113 2229 2275 2279 nullis
2323 2228 2500 2279 dubiis
2543 2230 2745 2279 revinci

264 2316 514 2379 potuerit.
563 2314 775 2378 Optime
812 2316 1017 2365 monuit
1052 2316 1149 2364 Fr-
1178 2316 1389 2377 Liicke,
1427 2314 1577 2365 Stud.
1614 2332 1667 2366 u.
1705 2316 1840 2365 Krit.
1881 2316 2031 2366 1830.
2057 2332 2108 2381 p.
2134 2316 2282 2365 442.:
2331 2315 2543 2381 quando
2581 2330 2742 2382 quae·

262 2403 422 2463 ritur,
459 2406 636 2452 utrum
675 2402 937 2468 quaedam
974 2401 1203 2468 epistola
1238 2404 1306 2451 sit
1338 2403 1493 2453 Pauli
1531 2419 1629 2453 nec
1667 2418 1758 2463 ne,
1803 2402 1938 2452 haec
1987 2404 2230 2468 quaestio
2269 2402 2433 2452 multo
2471 2404 2642 2469 magis
2679 2418 2745 2453 ex

262 2490 579 2539 testimoniis
617 2490 864 2551 externis,
904 2504 1061 2555 quam
1098 2506 1163 2539 ex
1200 2488 1411 2539 indiciis
1440 2490 1664 2539 internis
1688 2489 2038 2555 disceptanda
2063 2496 2146 2540 est
2180 2494 2341 2555 atque
2379 2489 2743 2539 diiudicanda.

263 2575 369 2626 Sed
394 2574 493 2625 illa
515 2576 819 2627 testimonia
844 2581 1078 2639 externa,
1118 2593 1235 2626 cum
1262 2578 1391 2626 satis
1416 2582 1546 2626 nota
1570 2578 1692 2637 sint,
1733 2582 1786 2626 et
1810 2578 1864 2626 in
1891 2577 2133 2627 omnibus
2162 2576 2555 2627 commentariis
2583 2576 2746 2626 obvia

262 2662 365 2713 hoc
388 2662 511 2713 loco
540 2678 817 2713 recensere
842 2663 1265 2729 supersedemus.
1304 2664 1459 2725 Quod
1484 2663 1552 2713 ad
1580 2664 1988 2729 discrepantiam
2017 2664 2283 2713 scribendi
2307 2664 2517 2729 generis
2537 2664 2742 2725 attinet,

263 2764 425 2815 quam
462 2766 571 2801 non
606 2751 723 2799 sine
766 2750 950 2817 aliqua
992 2752 1107 2801 veri
1152 2752 1331 2816 specie
1376 2754 1568 2816 urgent
1613 2750 1932 2821 adversarii3
1979 2752 2376 2817 comparatione
2425 2766 2544 2800 cum
2579 2751 2744 2816 priori

266 2836 499 2902 epistola
530 2836 675 2887 facta
699 2837 910 2887 damus:
950 2838 1182 2904 aliquam
1209 2838 1463 2888 orationis
1489 2838 1848 2888 diversitatem
1875 2840 1930 2888 in
1956 2838 2164 2888 dicendi
2195 2837 2432 2888 formulis
2457 2844 2512 2887 et
2533 2843 2742 2887 senten-

263 2924 350 2973 tiis
377 2924 671 2975 observari.
704 2925 881 2975 Tanta
898 2926 1107 2975 interim
1126 2941 1233 2974 non
1254 2930 1350 2987 est,
1377 2929 1436 2973 ut
1455 2925 1616 2975 alium
1644 2926 1954 2990 scriptorem
1979 2929 2181 2991 poscat.
2214 2924 2506 2990 Opponunt
2530 2923 2742 2990 quidem

265 3010 319 3059 S.
338 3012 557 3061 Petrum
583 3028 692 3061 non
717 3013 953 3077 potuisse
978 3012 1228 3075 scribere,
1254 3017 1315 3062 ut
1332 3027 1589 3063 memores
1610 3012 1718 3062 sint
1736 3011 2010 3062 doctrinae
2029 3011 2404 3077 Apostolorum
2427 3016 2741 3061 nostrorum.

264 3096 331 3147 11.
356 3100 407 3159 3,
435 3101 485 3149 2.
524 3100 667 3149 enim
702 3098 858 3149 dicit:
898 3104 989 3161 „ut
1022 3115 1281 3150 memores
1319 3100 1435 3151 sitis
1472 3115 1670 3161 eorum,
1708 3114 1845 3165 quae
1882 3099 2122 3165 praedixi
2157 3101 2438 3149 verborum
2475 3114 2510 3149 a
2543 3099 2742 3150 sanctis

264 3186 541 3251 prophetis
560 3189 615 3235 et
633 3186 1007 3252 Apostolorum
1032 3192 1343 3248 vestrorum,
1360 3214 1423 3222 —
1438 3187 1537 3235 τῶν
1557 3180 1843 3235 ἀποστόλων
1863 3186 2002 3255 ἡμῶν
2018 3214 2082 3223 --
2097 3192 2500 3252 praeceptorum
2525 3185 2740 3235 Domini

265 3278 317 3322 et
353 3272 699 3323 Salvator-is!
750 3273 997 3324 Occurrit
1029 3273 1153 3323 huic
1189 3274 1415 3339 aliisque
1452 3273 1627 3323 dubiis
1665 3273 2130 3335 Windischmann,
2167 3272 2323 3323 Vind.
2363 3274 2502 3323 Petr.
2539 3288 2591 3337 p.
2630 3274 2738 3333 25.;

262 3360 351 3425 qui
388 3360 742 3411 eruditissime
780 3360 1163 3413 demonstravit
1198 3360 1545 3410 differentiam
1582 3360 1837 3410 sermonis
1873 3361 2012 3410 inter
2049 3360 2181 3409 duas
2219 3358 2272 3409 S.
2297 3359 2444 3409 Petri
2482 3358 2735 3424 epistolas

262 3448 477 3499 nonnisi
498 3448 663 3498 talem
688 3464 821 3510 esse,
850 3448 1022 3514 qualis
1049 3450 1103 3498 in
1124 3449 1285 3497 variis
1312 3447 1545 3497 eiusdem
1570 3448 1842 3512 scriptoris
1872 3447 2119 3512 operibus
2147 3446 2506 3512 exspectanda
2521 3446 2608 3508 sit,
2633 3446 2738 3495 imo

260 3535 597 3586 manifestam
625 3536 703 3586 eis
734 3536 911 3586 inesse
946 3535 1201 3585 orationis
1234 3534 1652 3601 congruentiam.
1689 3535 1888 3584 Docuit
1911 3532 2269 3599 adoptandam
2304 3548 2421 3583 esse
2457 3532 2739 3583 lectionem

262 3620 523 3685 codicum,
562 3624 657 3688 qui
689 3622 890 3673 habent
925 3618 1063 3689 ὑμῶν
1100 3650 1163 3659 -
1203 3636 1363 3687 quam
1399 3623 1558 3672 etiam
1596 3621 1787 3681 Gratz,
1825 3622 1888 3671 N.
1927 3621 1987 3670 T.
2026 3621 2107 3670 ed.
2145 3622 2286 3687 Meg.
2327 3622 2476 3670 1827.
2509 3620 2580 3682 Π,
2618 3620 2736 3669 475.

263 3710 543 3775 expressit,
570 3738 636 3745 —
662 3725 799 3775 quae
837 3709 959 3761 coll.
994 3708 1131 3775 Eph.
1159 3712 1207 3770 2,
1233 3712 1314 3759 20.
1340 3708 1382 3757 Ι.
1408 3709 1547 3758 Petr.
1576 3710 1623 3770 1,
1655 3710 1734 3757 12.
1779 3708 1914 3757 bene
1956 3707 2198 3773 quadrat.
2249 3706 2304 3755 Si
2342 3712 2518 3757 autem
2555 3708 2672 3772 quis
2703 3720 2736 3755 a

264 3802 485 3863 recepta
521 3796 751 3847 lectione
790 3797 1038 3847 recedere
1075 3796 1246 3859 malit,
1284 3796 1480 3861 poterit
1515 3810 1636 3845 cum
1673 3796 1732 3845 C.
1757 3794 1820 3845 A.
1847 3796 2041 3857 Donat,
2077 3794 2215 3843 Mori
2251 3793 2417 3860 prael.
2453 3794 2510 3842 in
2541 3792 2736 3842 Jacobi

263 3890 317 3933 et
338 3884 487 3934 Petri
515 3900 597 3949 ep.
624 3884 772 3949 Lips.
801 3886 950 3933 1795.
980 3900 1030 3949 p.
1058 3884 1173 3932 237.
1200 3890 1255 3933 et
1300 3883 1438 3945 Pott,
1465 3881 1598 3947 prol.
1623 3897 1675 3947 p.
1704 3882 1818 3931 182.
1845 3883 1920 3931 ita
1943 3880 2303 3945 interpretari:
2341 3896 2596 3929 memores
2621 3880 2736 3928 sitis

260 3972 537 4036 praecepti
572 3986 607 4021 a
642 3972 797 4021 nobis
832 3970 1103 4037 Apostolis
1139 3969 1294 4020 vobis
1331 3969 1457 4019 dati.
1495 3969 1613 4030 Quo
1653 3983 1925 4029 concesso,
1965 3972 2024 4017 ut
2058 3968 2166 4016 iam
2202 3967 2324 4017 olim
2353 3966 2568 4017 Grotius
2603 3966 2740 4015 vidit

260 4057 294 4108 l.
321 4074 367 4109 c.
394 4074 446 4124 p.
476 4060 627 4108 1121.
664 4074 760 4124 pro
796 4073 837 4107 s.
864 4058 1025 4108 Petro
1048 4056 1305 4122 Apostolo
1332 4056 1487 4105 huius
1514 4055 1774 4121 epistolae
1798 4056 2070 4120 scriptore,
2099 4053 2244 4103 haud
2273 4054 2390 4103 leve
2429 4057 2738 4119 exsurgeret

260 4150 646 4210 argumentum.
696 4143 1150 4206 Quemadmodum
1197 4144 1335 4193 enim
1374 4142 1617 4193 Christus
1654 4147 1708 4192 et
1740 4141 2008 4207 Apostoli,
2057 4141 2123 4191 de
2157 4140 2454 4206 semetipsis
2489 4140 2735 4203 locuturi,

260 4229 405 4281 haud
428 4246 551 4281 raro
576 4232 787 4281 tertium
824 4231 1105 4297 quemdam
1136 4230 1389 4279 inducere
1423 4229 1692 4293 videntur-3
1729 4231 1806 4279 sic
1846 4230 2004 4279 etiam
2039 4232 2220 4279 noster
2251 4232 2469 4293 recepta
2505 4226 2736 4278 lectione

172 4312 189 4323 ’
262 4316 493 4387 ,,ήμῶν“,
531 4334 589 4370 se
623 4319 799 4385 ipsum
835 4318 1117 4383 complecti
1141 4318 1351 4368 omnino
1383 4318 1659 4383 potuisset.
1697 4316 1811 4366 Viri
1835 4316 2022 4366 harum
2046 4331 2220 4366 rerum
2243 4315 2400 4381 periti
2423 4312 2734 4365 recentioris

260 4412 419 4473 atque
466 4406 625 4457 huius
672 4407 861 4457 aetatis
907 4405 1195 4457 secundam
1240 4404 1517 4471 epistolam
1554 4419 1726 4469 aeque
1771 4420 1814 4455 s.
1851 4402 1996 4453 Petri
2034 4418 2150 4453 esse
2195 4402 2524 4469 profitentur.
2574 4401 2636 4452 A.
2670 4400 2735 4451 1..

258 4492 559 4557 Nietzsche,
599 4510 681 4559 ep.
718 4494 864 4543 Petri
910 4494 1171 4559 posterior
1208 4492 1411 4543 auctori
1446 4506 1544 4541 suo
1581 4490 1856 4541 vindicata
1898 4497 2058 4556 atque
2097 4489 2325 4541 adserta.
2395 4488 2544 4555 Lips.
2586 4489 2736 4539 1785.

259 4596 307 4648 p.
336 4584 421 4632 26.
448 4596 489 4631 s.
542 4578 710 4639 Dahl‚
749 4580 815 4629 de
851 4580 996 4632 auth.
1034 4596 1118 4646 ep.
1155 4580 1403 4629 Petrinae
1438 4584 1633 4644 poster.
1672 4584 1834 4643 atque
1883 4577 2074 4627 Judae.
2111 4579 2326 4628 Rostoc.
2354 4578 2506 4627 1807.
2539 4592 2591 4643 p.
2619 4578 2667 4626 4.
2693 4590 2734 4627 s.
