3267 5259
1248 403 1482 446 Harmonia
1506 404 1850 458 Evangeliorum.
2682 391 2785 440 VH

522 583 572 632 6.
610 581 1002 650 Evanqeliorum
1035 583 1296 640 conns-rim·
1335 575 1594 649 ἁρμονία
1626 588 1671 634 et
1707 578 1971 648 σύνοψις.
2027 581 2160 632 Cum
2191 583 2367 648 itaque
2394 581 2533 632 alius
2559 586 2788 648 quatuor

299 666 593 731 Evangelii
639 668 957 733 scriptorum
1003 668 1149 718 aliud
1185 668 1272 718 vel
1309 668 1504 718 clarius
1542 671 1886 734 expresserit,
1932 669 2017 718 vel
2064 667 2447 734 significantius
2485 670 2787 731 enuntiarit,

301 752 402 803 vel
433 753 602 803 fusius
639 755 962 818 narraverit3
1009 771 1130 804 cum
1165 771 1250 806 res
1288 756 1448 804 etiam
1483 760 1579 806 aut
1613 771 1775 806 voces
1810 757 2023 806 maximi
2073 757 2323 806 momenti
2368 757 2423 804 in
2472 755 2591 806 aliis
2638 771 2787 821 repe-

303 841 538 902 riantur,
585 842 644 890 in
691 840 810 890 aliis
859 841 1251 905 desiderentur3
1301 858 1422 892 cum
1471 845 1630 914 etiam
1678 857 1838 908 saepe
1884 843 2019 893 alter
2071 843 2223 892 alteri
2278 845 2502 892 connexi
2552 848 2789 893 mutuam

305 928 416 978 sibi
467 929 522 976 in
576 927 708 978 locis
770 928 1165 980 obscurioribus
1225 930 1398 980 lucem
1457 929 1729 980 adferant:
1790 931 1895 980 iam
1954 929 2023 980 ab
2082 931 2211 995 ipsis
2272 931 2451 996 primis
2510 930 2790 981 Ecclesiae

307 1015 640 1080 temporibus
683 1015 888 1065 inventi
933 1023 1074 1078 sunt,
1122 1017 1214 1082 qui
1261 1021 1492 1082 quatuor
1537 1016 2002 1082 Evangelistarum
2045 1017 2183 1066 inter
2229 1032 2285 1067 se
2340 1016 2576 1079 collatis,
2630 1032 2789 1066 unam

305 1102 668 1151 Historiarum
729 1102 866 1152 Jesu
925 1101 1118 1152 Christi
1178 1104 1368 1154 seriem
1427 1102 1641 1153 efficere
1701 1102 2123 1169 adumbrareque
2182 1108 2519 1153 conarentur.
2588 1103 2663 1154 Ut
2714 1105 2793 1154 sic

309 1189 614 1254 Scriptores
670 1193 900 1254 quatuor
953 1190 1018 1239 de
1065 1189 1370 1252 salvatore,
1421 1191 1574 1256 quasi
1618 1206 1727 1240 uno
1774 1205 1865 1240 ore
1908 1189 2057 1255 loqui
2100 1189 2407 1254 videantur3
2464 1196 2518 1240 et
2564 1190 2792 1255 quadru-

309 1275 442 1340 plici
492 1291 686 1324 vocum
731 1277 982 1340 veritate,
1037 1277 1131 1326 sed
1181 1277 1478 1328 firmissima
1529 1293 1705 1328 rerum
1759 1277 2047 1328 concordia
2096 1277 2390 1342 perfectum
2438 1278 2791 1328 Historiarum

305 1361 596 1427 Evangelii
639 1367 954 1414 concentum
1003 1363 1178 1414 edant.
1249 1365 1468 1414 Poterat
1514 1364 1568 1413 id
1613 1366 1765 1414 varia
1808 1363 1923 1414 fieri
1970 1366 2191 1415 ratione.
2250 1365 2432 1416 Multis
2479 1379 2543 1414 ea
2584 1364 2791 1431 placuit

305 1450 604 1512 connexio,
659 1464 768 1514 qua
819 1465 904 1499 res
951 1465 986 1499 a
1032 1451 1252 1516 singulis
1305 1450 1667 1517 Evangelistis
1720 1453 1950 1518 scriptae
1997 1453 2053 1501 in
2099 1467 2285 1514 unam,
2344 1467 2563 1518 eamque
2620 1453 2785 1501 conti-

313 1550 480 1585 nuam
511 1538 870 1586 narrationem
903 1537 1202 1587 conflantur
1224 1539 1301 1587 ita
1326 1537 1662 1603 dispositam,
1699 1543 1857 1604 prout
1890 1543 2185 1604 temporum
2221 1539 2477 1590 decursus
2512 1554 2792 1604 rerumque

309 1627 506 1672 natura
557 1623 804 1688 flagitare
855 1623 1152 1674 videbatur.
1223 1624 1356 1676 Aliis
1411 1640 1511 1675 usu
1563 1625 1713 1674 venit
1764 1627 1858 1674 uni
1912 1625 2131 1675 alterive
2190 1626 2607 1691 Evangeliorum
2668 1641 2789 1676 con-

309 1711 546 1760 tinenter
601 1710 896 1777 descripto,
951 1711 1242 1776 particulas
1297 1711 1620 1776 reliquorum
1674 1712 1989 1778 cognatione
2046 1727 2163 1762 cum
2219 1712 2311 1762 illo
2365 1714 2574 1763 iunctas
2627 1727 2791 1778 appo-

307 1812 458 1848 nere.
517 1797 582 1846 In
619 1797 812 1862 quibus
848 1798 1124 1862 particulis
1161 1799 1518 1865 apponendis,
1569 1798 1701 1848 nihil
1746 1799 2053 1863 differebat3
2100 1815 2225 1848 num
2262 1799 2369 1849 loci
2402 1801 2688 1865 propinqui
2725 1800 2793 1850 ad

309 1884 536 1934 verbum
571 1889 949 1947 attexerentur,
987 1900 1056 1934 an
1093 1885 1276 1951 signis,
1313 1887 1544 1935 numeris
1581 1886 1732 1935 iuxta
1756 1889 1809 1934 et
1836 1901 1975 1950 pone
2012 1885 2290 1936 collocatis
2328 1885 2792 1952 distinguerentur.

311 1971 471 2022 Prior
503 1970 600 2020 illa
635 1971 1052 2036 Evangeliorum
1089 1971 1574 2022 concinnandorum
1609 1972 1746 2022 ratio
1783 1972 2111 2022 nominibus:
2148 1969 2424 2039 συνφωνίας
2462 1967 2685 2042 ἆρμωνία
2721 1991 2793 2024 sc.

311 2059 416 2107 τῶν
461 2053 788 2126 εὖαγγελίωη
835 2052 888 2106 τὸ
933 2051 1014 2108 διὰ
1056 2054 1338 2126 τεσσάρων,
1389 2055 1771 2126 μονοτέσσαρ“ον,
1818 2055 2137 2126 τετράμονονς
2185 2059 2318 2109 haec
2363 2060 2535 2109 altera
2581 2057 2793 2127 σύνοψις.

307 2147 568 2196 Attamen
605 2151 798 2196 neutra
833 2161 982 2196 suam
1007 2145 1420 2212 adpellationem
1446 2149 1500 2195 et
1523 2145 1880 2196 conditionem
1916 2147 2121 2212 privam
2156 2147 2401 2211 retinuit3
2438 2163 2563 2197 nam
2584 2149 2795 2198 nomine

309 2249 480 2298 saepe
518 2235 735 2299 saepius
771 2237 1087 2298 permutato,
1125 2239 1350 2298 utraque
1386 2233 1541 2284 simul
1567 2233 1635 2282 ab
1662 2233 1832 2284 altera
1866 2236 2109 2299 proprias
2144 2234 2268 2284 huic
2302 2235 2521 2285 virtutes
2557 2239 2797 2286 mutuata

311 2327 414 2371 est.
476 2315 648 2370 Sicuti
682 2318 948 2370 interdum
984 2319 1144 2369 rebus
1183 2319 1376 2371 Christi
1415 2336 1443 2369 e
1481 2319 1753 2385 quadrigis
1786 2321 2203 2385 Evangeliorum
2236 2323 2293 2371 in
2328 2327 2641 2388 perpetuam
2676 2337 2796 2371 nar-

313 2409 582 2458 rationem
642 2408 938 2458 coniunctis
991 2407 1098 2457 loci
1152 2407 1398 2473 paralleli
1456 2407 1899 2472 aspergebantur,
1952 2408 2105 2457 iuxta
2157 2409 2449 2458 orationem
2498 2413 2799 2458 contextam

313 2497 506 2559 positi3
544 2497 622 2543 ita
657 2495 857 2560 pariter
892 2495 1175 2560 scriptores
1213 2493 1554 2564 Synopseon,
1598 2496 1894 2559 interrupta
1937 2495 2219 2544 verborum
2256 2494 2455 2545 Sacrae
2492 2494 2798 2561 Scripturae

310 2583 478 2644 serie,
530 2582 699 2632 verba
741 2586 998 2647 gestaque
1049 2581 1244 2632 Christi
1290 2598 1408 2632 eum
1458 2583 1516 2631 in
1561 2582 1799 2632 ordinem
1845 2581 2182 2644 distribuere,
2237 2582 2328 2646 qui
2381 2582 2790 2632 circumstantiis

311 2669 421 2720 loci
470 2675 526 2719 et
573 2669 825 2735 temporis
873 2671 1099 2719 maxime
1154 2675 1546 2719 consentaneus
1599 2669 1904 2735 putabatur.
1976 2667 2040 2717 Id
2085 2684 2213 2718 vero
2263 2674 2486 2734 utraque
2535 2673 2793 2718 tractatus

309 2757 453 2806 ratio
501 2771 780 2806 commune
825 2757 1011 2819 habet,
1065 2756 1208 2823 quod
1253 2773 1294 2807 s.
1331 2756 1598 2806 Historias
1645 2756 1778 2806 Jesu
1828 2754 2021 2806 Christi
2066 2759 2579 2821 quamtumpote
2622 2757 2799 2821 ipsis

311 2843 534 2894 sacris
574 2843 1085 2909 Evangeliorum
1121 2843 1344 2893 verbis
1383 2857 1630 2892 enarrare
1666 2847 1906 2908 pergant.

535 2931 583 2982 7.
637 2932 900 2984 C'mnmoda
941 2949 1068 3000 quae
1102 2932 1394 2984 Harmonia
1437 2931 1826 2999 Evanyeliorum
1868 2930 2037 2998 qiym't.
2112 2929 2337 2980 Servata
2379 2931 2595 2981 notione
2640 2935 2694 2980 et
2739 2947 2796 2980 re

313 3017 648 3068 Harmoniae
696 3021 856 3082 atque
901 3016 1205 3082 Synopseos
1253 3016 1693 3082 Evangeliorum,
1750 3017 1866 3082 quis
1914 3020 2019 3075 est,
2075 3019 2165 3081 qui
2222 3019 2602 3068 connexionem
2658 3019 2795 3069 eius-

311 3104 459 3155 modi
502 3120 614 3154 non
651 3107 899 3169 expetat?
946 3107 1036 3171 qui
1078 3118 1136 3153 se
1177 3103 1333 3154 modo
1377 3103 1735 3154 Christianum
1778 3118 1894 3153 esse
1936 3103 2246 3154 meminerit.
2306 3103 2439 3154 Cum
2482 3105 2621 3154 enim
2658 3104 2795 3154 Har-

311 3193 500 3241 monia
533 3190 953 3256 Evangeliorum
987 3191 1118 3240 nihil
1155 3190 1302 3242 aliud
1323 3191 1408 3253 sit,
1447 3205 1606 3254 quam
1633 3189 1905 3240 Historiae
1940 3189 2355 3254 Evangeliorum
2390 3190 2549 3256 longe
2586 3190 2798 3253 clarius,

313 3278 535 3346 planius
591 3283 645 3328 et
699 3278 996 3328 distinctius
1044 3283 1502 3345 repraesentatam
1559 3277 1763 3343 absque
1810 3276 1920 3326 ullo
1974 3278 2187 3342 negotio
2242 3276 2546 3342 Scripturas
2600 3276 2798 3328 Sacrae

313 3365 592 3416 studiosus
629 3371 907 3430 agnoscet,
956 3369 1188 3430 quantae
1234 3365 1304 3414 sit
1348 3363 1649 3414 Concordia
1681 3362 2149 3428 Evangelistarum
2185 3363 2453 3426 utilitatis,
2504 3365 2657 3413 cuius
2698 3380 2795 3412 nos

317 3453 618 3518 praecipua
663 3451 924 3517 quaedam
959 3456 1225 3502 momenta
1269 3451 1538 3502 succincte
1583 3450 1993 3500 recensebimus.
2053 3451 2125 3499 Et
2160 3451 2328 3515 primo
2366 3451 2577 3514 quidem
2614 3467 2658 3499 α.
2696 3451 2799 3501 hoc

317 3541 446 3590 loco
483 3540 616 3589 satis
663 3545 746 3588 est
779 3537 1074 3599 indicasse,
1123 3539 1266 3588 omni
1311 3542 1548 3603 tempore
1591 3537 1757 3586 fuisse
1794 3535 2032 3586 homines
2081 3537 2297 3602 impios,
2347 3538 2437 3602 qui
2486 3552 2645 3587 verae
2681 3537 2804 3587 fidei

319 3626 622 3677 calumnias
660 3625 728 3675 de
751 3626 988 3675 vanitate
1013 3629 1066 3674 et
1101 3625 1334 3676 falsitate
1369 3624 1492 3675 inde
1531 3628 1735 3676 struere
1772 3623 2133 3674 conabantur:
2172 3623 2314 3688 quod
2346 3625 2496 3689 ipsae
2533 3624 2805 3674 Historiae

321 3712 762 3779 Evangeliorum,
788 3713 889 3763 sibi
909 3729 1018 3762 non
1034 3711 1340 3762 viderentur
1358 3717 1620 3774 constare,
1650 3717 1809 3777 atque
1830 3711 2127 3776 Scriptores
2146 3709 2296 3761 Sacri
2316 3712 2453 3762 inter
2472 3727 2529 3761 se
2548 3726 2805 3777 pugnare.

325 3801 396 3850 Hi
424 3799 639 3866 quidem
666 3815 786 3850 cum
809 3799 937 3850 foris
961 3801 1083 3862 sint,
1109 3804 1319 3850 nostros
1345 3800 1651 3864 neutiquam
1676 3798 1777 3848 sibi
1802 3798 2077 3848 vindicant
2100 3797 2335 3861 labores3
2362 3802 2545 3863 utpote
2572 3799 2805 3863 quibus

324 3889 531 3936 unice
575 3887 1012 3953 propositum
1055 3891 1186 3950 est,
1236 3901 1366 3936 non
1409 3891 1779 3936 extraneos
1823 3885 1905 3934 ad
1944 3884 2337 3935 Ecclesiam
2381 3884 2804 3950 disputando

323 3989 601 4038 vocare;
665 3973 778 4024 sed
838 3973 1234 4024 domesticos
1294 3971 1490 4035 fidei:
1548 3971 1600 4021 S.
1652 3970 1704 4022 S.
1752 3971 2123 4022 Literarum
2182 3970 2457 4037 cupidos
2517 3971 2805 4022 lectores

323 4063 674 4114 instruere.
725 4061 1080 4110 Veruntamen
1103 4076 1212 4110 non
1236 4060 1409 4110 minus
1435 4061 1594 4109 etiam
1617 4058 1701 4109 his
1726 4058 2065 4108 metuendum
2091 4063 2186 4121 est,
2222 4073 2289 4107 ne
2311 4059 2537 4108 maxime
2565 4059 2610 4107 si
2636 4059 2804 4108 curio-

327 4151 494 4200 siores
522 4149 770 4208 existant,
810 4146 1012 4212 aliquid
1036 4147 1090 4195 in
1115 4145 1219 4196 fide
1245 4146 1550 4196 offensionis
1574 4147 1871 4211 patiantur3
1908 4145 2070 4210 idque
2106 4146 2151 4194 si
2179 4145 2330 4206 forte,
2368 4149 2428 4194 ut
2451 4143 2504 4195 S.
2525 4145 2805 4210 Augustini

325 4237 506 4286 verbis
531 4263 598 4272 —
626 4233 692 4284 de
731 4247 995 4284 consensu
1028 4231 1357 4297 Evangelist.
1382 4232 1416 4282 l.
1449 4232 1520 4282 ΙΙ.
1559 4232 1693 4297 prol.
1722 4236 1765 4282 1.
1804 4248 1855 4297 p.
1894 4233 1977 4280 27.
2002 4259 2069 4268 —
2094 4237 2306 4281 utamur
2344 4247 2483 4292 „non
2518 4237 2805 4296 utcumque

331 4323 608 4388 perlectis,
663 4321 758 4382 sed
814 4321 967 4386 quasi
1020 4319 1326 4384 diligentius
1377 4320 1725 4385 perscrutatis
1778 4318 2119 4384 Evangelicis
2173 4317 2323 4367 libris
2374 4319 2807 4369 inconvenientia
2834 4347 2845 4365 ι

333 4409 598 4474 quaedam
646 4413 700 4458 et
746 4407 1100 4473 repugnantia
1146 4422 1204 4458 se
1250 4405 1661 4471 deprehendisse
1711 4407 2097 4466 existimantes,
2146 4405 2315 4469 magis
2364 4419 2430 4454 ea
2476 4407 2807 4457 contentiose

333 4495 671 4558 obiectanda,
711 4509 866 4560 quam
899 4493 1188 4560 prudenter
1223 4491 1612 4542 consideranda
1635 4507 1753 4542 esse
1780 4491 2150 4541 arbitrantur.“
2206 4491 2358 4542 Istud
2394 4491 2605 4556 quidem
2641 4507 2807 4558 genus

333 4583 554 4648 periculi
579 4583 909 4648 potissimum
933 4580 1142 4646 impulit
1165 4585 1380 4631 sanctos
1403 4580 1592 4630 Patres
1617 4583 1671 4628 et
1694 4579 1989 4645 Scriptores
2014 4579 2097 4642 E„
2130 4583 2189 4628 ut
2214 4579 2553 4630 concordiam
2579 4584 2808 4645 quatuor
