<?xml version="1.0" encoding="UTF-8"?>
<!DOCTYPE html PUBLIC "-//W3C//DTD XHTML 1.0 Transitional//EN"
    "http://www.w3.org/TR/xhtml1/DTD/xhtml1-transitional.dtd">
<html xmlns="http://www.w3.org/1999/xhtml" xml:lang="en" lang="en">
 <head>
  <title>
</title>
<meta http-equiv="Content-Type" content="text/html;charset=utf-8" />
  <meta name='ocr-system' content='tesseract 3.04.00' />
  <meta name='ocr-capabilities' content='ocr_page ocr_carea ocr_par ocr_line ocrx_word'/>
</head>
<body>
  <div class='ocr_page' id='page_1' title='image "./historiarevelat00unkngoog_0552.png"; bbox 0 0 3267 5259; ppageno 0'>
   <div class='ocr_carea' id='block_1_1' title="bbox 535 366 2278 451">
    <p class='ocr_par' dir='ltr' id='par_1_1' title="bbox 535 366 2278 451">
     <span class='ocr_line' id='line_1_1' title="bbox 535 366 2278 451; baseline -0.008 -2"><span class='ocrx_word' id='word_1_1' title='bbox 535 384 667 451; x_wconf 85' lang='lat'><strong>424</strong></span> <span class='ocrx_word' id='word_1_2' title='bbox 1276 396 1392 440; x_wconf 68' lang='grc' dir='ltr'><strong>ιω.</strong></span> <span class='ocrx_word' id='word_1_3' title='bbox 1422 395 1529 438; x_wconf 74' lang='lat' dir='ltr'><strong>aov.</strong></span> <span class='ocrx_word' id='word_1_4' title='bbox 1558 396 1648 439; x_wconf 68' lang='lat' dir='ltr'><strong>cuv.</strong></span> <span class='ocrx_word' id='word_1_5' title='bbox 1679 396 1847 439; x_wconf 66' lang='lat' dir='ltr'><strong>ratos.</strong></span> <span class='ocrx_word' id='word_1_6' title='bbox 1877 396 1932 439; x_wconf 87' lang='lat'><strong>11.</strong></span> <span class='ocrx_word' id='word_1_7' title='bbox 1951 408 2048 449; x_wconf 65' lang='lat' dir='ltr'><strong>ap.</strong></span> <span class='ocrx_word' id='word_1_8' title='bbox 2083 366 2278 448; x_wconf 66' lang='grc' dir='ltr'><strong>,ιιι-ιιιῖι.</strong></span> 
     </span>
    </p>
   </div>
   <div class='ocr_carea' id='block_1_2' title="bbox 536 572 3038 2954">
    <p class='ocr_par' dir='ltr' id='par_1_2' title="bbox 536 572 3038 2954">
     <span class='ocr_line' id='line_1_2' title="bbox 536 572 3028 653; baseline -0.002 -16"><span class='ocrx_word' id='word_1_9' title='bbox 536 582 753 637; x_wconf 75' lang='lat' dir='ltr'><strong>satores</strong></span> <span class='ocrx_word' id='word_1_10' title='bbox 774 576 1003 635; x_wconf 87' lang='lat' dir='ltr'><strong>dimisit</strong></span> <span class='ocrx_word' id='word_1_11' title='bbox 1018 574 1062 647; x_wconf 83' lang='lat'><strong>¹3</strong></span> <span class='ocrx_word' id='word_1_12' title='bbox 1094 578 1289 653; x_wconf 88' lang='lat' dir='ltr'><strong>ipsum</strong></span> <span class='ocrx_word' id='word_1_13' title='bbox 1306 594 1447 635; x_wconf 81' lang='lat' dir='ltr'><strong>vero</strong></span> <span class='ocrx_word' id='word_1_14' title='bbox 1468 576 1660 635; x_wconf 89' lang='lat' dir='ltr'><strong>libera</strong></span> <span class='ocrx_word' id='word_1_15' title='bbox 1681 576 1944 635; x_wconf 79' lang='lat' dir='ltr'><strong>custodia</strong></span> <span class='ocrx_word' id='word_1_16' title='bbox 1963 574 2190 635; x_wconf 82' lang='lat' dir='ltr'><strong>servari</strong></span> <span class='ocrx_word' id='word_1_17' title='bbox 2211 575 2386 635; x_wconf 86' lang='lat' dir='ltr'><strong>iussit</strong></span> <span class='ocrx_word' id='word_1_18' title='bbox 2401 572 2446 633; x_wconf 81' lang='lat'><strong>².</strong></span> <span class='ocrx_word' id='word_1_19' title='bbox 2477 577 2636 635; x_wconf 81' lang='lat' dir='ltr'><strong>Satis</strong></span> <span class='ocrx_word' id='word_1_20' title='bbox 2655 576 3028 651; x_wconf 71' lang='lat' dir='ltr'><strong>intelligebat</strong></span> 
     </span>
     <span class='ocr_line' id='line_1_3' title="bbox 538 678 3026 755; baseline 0 -16"><span class='ocrx_word' id='word_1_21' title='bbox 538 682 711 739; x_wconf 82' lang='lat' dir='ltr'><strong>Felix</strong></span> <span class='ocrx_word' id='word_1_22' title='bbox 748 680 805 739; x_wconf 91' lang='lat' dir='ltr'><strong>d.</strong></span> <span class='ocrx_word' id='word_1_23' title='bbox 838 680 1091 739; x_wconf 88' lang='lat' dir='ltr'><strong>Paulum</strong></span> <span class='ocrx_word' id='word_1_24' title='bbox 1130 680 1393 739; x_wconf 82' lang='lat' dir='ltr'><strong>confictis</strong></span> <span class='ocrx_word' id='word_1_25' title='bbox 1432 679 1782 739; x_wconf 75' lang='lat' dir='ltr'><strong>criminibus</strong></span> <span class='ocrx_word' id='word_1_26' title='bbox 1825 683 2044 755; x_wconf 84' lang='lat' dir='ltr'><strong>urgeri,</strong></span> <span class='ocrx_word' id='word_1_27' title='bbox 2090 680 2264 739; x_wconf 87' lang='lat' dir='ltr'><strong>hemo</strong></span> <span class='ocrx_word' id='word_1_28' title='bbox 2301 686 2502 739; x_wconf 86' lang='lat' dir='ltr'><strong>tamen</strong></span> <span class='ocrx_word' id='word_1_29' title='bbox 2538 700 2758 740; x_wconf 78' lang='lat' dir='ltr'><strong>avarus</strong></span> <span class='ocrx_word' id='word_1_30' title='bbox 2775 678 2801 718; x_wconf 76' lang='lat'><strong>³</strong></span> <span class='ocrx_word' id='word_1_31' title='bbox 2843 682 3026 755; x_wconf 85' lang='lat' dir='ltr'><strong>gratis</strong></span> 
     </span>
     <span class='ocr_line' id='line_1_4' title="bbox 537 784 3030 863; baseline 0 -20"><span class='ocrx_word' id='word_1_32' title='bbox 537 787 731 863; x_wconf 83' lang='lat' dir='ltr'><strong>ipsum</strong></span> <span class='ocrx_word' id='word_1_33' title='bbox 770 784 1072 845; x_wconf 81' lang='lat' dir='ltr'><strong>absolvere</strong></span> <span class='ocrx_word' id='word_1_34' title='bbox 1112 784 1325 843; x_wconf 88' lang='lat' dir='ltr'><strong>noluit.</strong></span> <span class='ocrx_word' id='word_1_35' title='bbox 1368 784 1533 844; x_wconf 84' lang='lat' dir='ltr'><strong>Hine</strong></span> <span class='ocrx_word' id='word_1_36' title='bbox 1571 805 1641 844; x_wconf 88' lang='lat' dir='ltr'><strong>ea</strong></span> <span class='ocrx_word' id='word_1_37' title='bbox 1687 785 1840 845; x_wconf 90' lang='lat' dir='ltr'><strong>lucri</strong></span> <span class='ocrx_word' id='word_1_38' title='bbox 1871 784 2146 861; x_wconf 85' lang='lat' dir='ltr'><strong>captandi</strong></span> <span class='ocrx_word' id='word_1_39' title='bbox 2175 804 2278 861; x_wconf 87' lang='lat' dir='ltr'><strong>spe</strong></span> <span class='ocrx_word' id='word_1_40' title='bbox 2306 785 2370 843; x_wconf 89' lang='lat' dir='ltr'><strong>in</strong></span> <span class='ocrx_word' id='word_1_41' title='bbox 2409 784 2668 845; x_wconf 75' lang='lat' dir='ltr'><strong>vinculis</strong></span> <span class='ocrx_word' id='word_1_42' title='bbox 2715 786 2970 843; x_wconf 85' lang='lat' dir='ltr'><strong>retinuit</strong></span> <span class='ocrx_word' id='word_1_43' title='bbox 2986 784 3030 842; x_wconf 81' lang='lat'><strong>⁴.</strong></span> 
     </span>
     <span class='ocr_line' id='line_1_5' title="bbox 538 888 3030 969; baseline 0 -20"><span class='ocrx_word' id='word_1_44' title='bbox 538 890 779 967; x_wconf 82' lang='lat' dir='ltr'><strong>Saepius</strong></span> <span class='ocrx_word' id='word_1_45' title='bbox 807 892 1049 950; x_wconf 76' lang='lat' dir='ltr'><strong>interim</strong></span> <span class='ocrx_word' id='word_1_46' title='bbox 1082 889 1334 949; x_wconf 87' lang='lat' dir='ltr'><strong>Paulum</strong></span> <span class='ocrx_word' id='word_1_47' title='bbox 1362 888 1429 949; x_wconf 89' lang='lat' dir='ltr'><strong>in</strong></span> <span class='ocrx_word' id='word_1_48' title='bbox 1460 890 1718 965; x_wconf 88' lang='lat' dir='ltr'><strong>gratiam</strong></span> <span class='ocrx_word' id='word_1_49' title='bbox 1747 891 1950 949; x_wconf 85' lang='lat' dir='ltr'><strong>uxoris</strong></span> <span class='ocrx_word' id='word_1_50' title='bbox 1973 888 2312 949; x_wconf 74' lang='lat' dir='ltr'><strong>Drusillae⁵</strong></span> <span class='ocrx_word' id='word_1_51' title='bbox 2339 890 2414 949; x_wconf 88' lang='lat' dir='ltr'><strong>ad</strong></span> <span class='ocrx_word' id='word_1_52' title='bbox 2443 889 2740 969; x_wconf 87' lang='lat' dir='ltr'><strong>colloquia</strong></span> <span class='ocrx_word' id='word_1_53' title='bbox 2765 890 3030 957; x_wconf 63' lang='lat' dir='ltr'><strong>vocavin</strong></span> 
     </span>
     <span class='ocr_line' id='line_1_6' title="bbox 538 992 3032 1071; baseline -0 -18"><span class='ocrx_word' id='word_1_54' title='bbox 538 996 637 1053; x_wconf 89' lang='lat' dir='ltr'><strong>sed</strong></span> <span class='ocrx_word' id='word_1_55' title='bbox 658 995 922 1071; x_wconf 77' lang='lat' dir='ltr'><strong>Apostoli</strong></span> <span class='ocrx_word' id='word_1_56' title='bbox 944 995 1143 1053; x_wconf 75' lang='lat' dir='ltr'><strong>verbis</strong></span> <span class='ocrx_word' id='word_1_57' title='bbox 1158 994 1229 1053; x_wconf 89' lang='lat' dir='ltr'><strong>de</strong></span> <span class='ocrx_word' id='word_1_58' title='bbox 1241 994 1461 1053; x_wconf 81' lang='lat' dir='ltr'><strong>Christi</strong></span> <span class='ocrx_word' id='word_1_59' title='bbox 1484 994 1615 1066; x_wconf 84' lang='lat' dir='ltr'><strong>fide,</strong></span> <span class='ocrx_word' id='word_1_60' title='bbox 1636 996 1708 1053; x_wconf 90' lang='lat' dir='ltr'><strong>de</strong></span> <span class='ocrx_word' id='word_1_61' title='bbox 1729 994 1978 1066; x_wconf 88' lang='lat' dir='ltr'><strong>iustitia,</strong></span> <span class='ocrx_word' id='word_1_62' title='bbox 2006 992 2410 1055; x_wconf 75' lang='lat' dir='ltr'><strong>continentia⁰</strong></span> <span class='ocrx_word' id='word_1_63' title='bbox 2435 1000 2496 1053; x_wconf 89' lang='lat' dir='ltr'><strong>et</strong></span> <span class='ocrx_word' id='word_1_64' title='bbox 2525 1000 2795 1054; x_wconf 87' lang='lat' dir='ltr'><strong>extremo</strong></span> <span class='ocrx_word' id='word_1_65' title='bbox 2817 996 3032 1053; x_wconf 87' lang='lat' dir='ltr'><strong>iudicio</strong></span> 
     </span>
     <span class='ocr_line' id='line_1_7' title="bbox 540 1097 3032 1176; baseline 0.001 -19"><span class='ocrx_word' id='word_1_66' title='bbox 540 1100 906 1176; x_wconf 84' lang='lat' dir='ltr'><strong>perterritus,</strong></span> <span class='ocrx_word' id='word_1_67' title='bbox 952 1098 1127 1175; x_wconf 88' lang='lat' dir='ltr'><strong>plura</strong></span> <span class='ocrx_word' id='word_1_68' title='bbox 1162 1100 1237 1157; x_wconf 84' lang='lat' dir='ltr'><strong>ab</strong></span> <span class='ocrx_word' id='word_1_69' title='bbox 1274 1098 1381 1157; x_wconf 90' lang='lat' dir='ltr'><strong>illo</strong></span> <span class='ocrx_word' id='word_1_70' title='bbox 1419 1099 1623 1157; x_wconf 88' lang='lat' dir='ltr'><strong>audire</strong></span> <span class='ocrx_word' id='word_1_71' title='bbox 1653 1097 1870 1159; x_wconf 88' lang='lat' dir='ltr'><strong>renuit.</strong></span> <span class='ocrx_word' id='word_1_72' title='bbox 1917 1099 2064 1157; x_wconf 80' lang='lat' dir='ltr'><strong>Cum</strong></span> <span class='ocrx_word' id='word_1_73' title='bbox 2104 1099 2264 1157; x_wconf 80' lang='lat' dir='ltr'><strong>nihil</strong></span> <span class='ocrx_word' id='word_1_74' title='bbox 2291 1099 2442 1158; x_wconf 87' lang='lat' dir='ltr'><strong>aeris</strong></span> <span class='ocrx_word' id='word_1_75' title='bbox 2471 1099 2658 1158; x_wconf 86' lang='lat' dir='ltr'><strong>Felici</strong></span> <span class='ocrx_word' id='word_1_76' title='bbox 2687 1106 3032 1176; x_wconf 73' lang='lat' dir='ltr'>erogaretur</span> 
     </span>
     <span class='ocr_line' id='line_1_8' title="bbox 541 1204 3032 1283; baseline 0 -20"><span class='ocrx_word' id='word_1_77' title='bbox 541 1225 577 1263; x_wconf 90' lang='lat' dir='ltr'><strong>a</strong></span> <span class='ocrx_word' id='word_1_78' title='bbox 620 1206 675 1264; x_wconf 92' lang='lat' dir='ltr'><strong>d.</strong></span> <span class='ocrx_word' id='word_1_79' title='bbox 709 1204 909 1276; x_wconf 87' lang='lat' dir='ltr'><strong>Paulo,</strong></span> <span class='ocrx_word' id='word_1_80' title='bbox 958 1204 1331 1278; x_wconf 87' lang='lat' dir='ltr'><strong>integrum</strong></span> <span class='ocrx_word' id='word_1_81' title='bbox 1374 1204 1752 1263; x_wconf 82' lang='lat' dir='ltr'><strong>biennium</strong></span> <span class='ocrx_word' id='word_1_82' title='bbox 1798 1204 2053 1263; x_wconf 80' lang='lat' dir='ltr'><strong>vinculis</strong></span> <span class='ocrx_word' id='word_1_83' title='bbox 2099 1205 2464 1281; x_wconf 86' lang='lat' dir='ltr'><strong>mancipatus</strong></span> <span class='ocrx_word' id='word_1_84' title='bbox 2508 1208 2624 1275; x_wconf 80' lang='lat' dir='ltr'><strong>est3</strong></span> <span class='ocrx_word' id='word_1_85' title='bbox 2673 1224 2790 1283; x_wconf 89' lang='lat' dir='ltr'><strong>quo</strong></span> <span class='ocrx_word' id='word_1_86' title='bbox 2843 1204 3032 1281; x_wconf 87' lang='lat' dir='ltr'><strong>elapso</strong></span> 
     </span>
     <span class='ocr_line' id='line_1_9' title="bbox 542 1308 3032 1389; baseline 0 -22"><span class='ocrx_word' id='word_1_87' title='bbox 542 1310 786 1367; x_wconf 85' lang='lat' dir='ltr'><strong>Porcius</strong></span> <span class='ocrx_word' id='word_1_88' title='bbox 816 1308 1023 1367; x_wconf 85' lang='lat' dir='ltr'><strong>Festus</strong></span> <span class='ocrx_word' id='word_1_89' title='bbox 1052 1326 1341 1367; x_wconf 87' lang='lat' dir='ltr'><strong>successor</strong></span> <span class='ocrx_word' id='word_1_90' title='bbox 1369 1308 1554 1366; x_wconf 86' lang='lat' dir='ltr'><strong>Felici</strong></span> <span class='ocrx_word' id='word_1_91' title='bbox 1584 1309 1756 1367; x_wconf 87' lang='lat' dir='ltr'><strong>datus</strong></span> <span class='ocrx_word' id='word_1_92' title='bbox 1784 1309 1920 1379; x_wconf 85' lang='lat' dir='ltr'><strong>fuit,</strong></span> <span class='ocrx_word' id='word_1_93' title='bbox 1965 1310 2060 1367; x_wconf 90' lang='lat' dir='ltr'><strong>cui</strong></span> <span class='ocrx_word' id='word_1_94' title='bbox 2089 1308 2346 1367; x_wconf 84' lang='lat' dir='ltr'><strong>Paulum</strong></span> <span class='ocrx_word' id='word_1_95' title='bbox 2375 1308 2759 1369; x_wconf 84' lang='lat' dir='ltr'><strong>iudicandum</strong></span> <span class='ocrx_word' id='word_1_96' title='bbox 2789 1309 3032 1389; x_wconf 83' lang='lat' dir='ltr'><strong>reliquit</strong></span> 
     </span>
     <span class='ocr_line' id='line_1_10' title="bbox 542 1410 3030 1491; baseline 0.001 -20"><span class='ocrx_word' id='word_1_97' title='bbox 542 1413 715 1471; x_wconf 82' lang='lat' dir='ltr'><strong>Felix</strong></span> <span class='ocrx_word' id='word_1_98' title='bbox 730 1410 771 1471; x_wconf 82' lang='lat'><strong>⁷.</strong></span> <span class='ocrx_word' id='word_1_99' title='bbox 819 1414 1024 1471; x_wconf 90' lang='lat' dir='ltr'><strong>Festus</strong></span> <span class='ocrx_word' id='word_1_100' title='bbox 1056 1410 1249 1471; x_wconf 90' lang='lat' dir='ltr'><strong>Felice</strong></span> <span class='ocrx_word' id='word_1_101' title='bbox 1278 1412 1470 1471; x_wconf 83' lang='lat' dir='ltr'><strong>nihilo</strong></span> <span class='ocrx_word' id='word_1_102' title='bbox 1500 1412 1757 1491; x_wconf 78' lang='lat' dir='ltr'><strong>aequior,</strong></span> <span class='ocrx_word' id='word_1_103' title='bbox 1803 1432 1938 1472; x_wconf 89' lang='lat' dir='ltr'><strong>cum</strong></span> <span class='ocrx_word' id='word_1_104' title='bbox 1967 1414 2004 1471; x_wconf 87' lang='lat' dir='ltr'><strong>J</strong></span> <span class='ocrx_word' id='word_1_105' title='bbox 2005 1414 2324 1472; x_wconf 87' lang='lat' dir='ltr'><strong>udaeorum</strong></span> <span class='ocrx_word' id='word_1_106' title='bbox 2359 1414 2612 1487; x_wconf 77' lang='lat' dir='ltr'><strong>gratiam</strong></span> <span class='ocrx_word' id='word_1_107' title='bbox 2643 1412 2804 1472; x_wconf 87' lang='lat' dir='ltr'><strong>inire</strong></span> <span class='ocrx_word' id='word_1_108' title='bbox 2831 1414 3030 1486; x_wconf 77' lang='lat' dir='ltr'><strong>vellet,</strong></span> 
     </span>
     <span class='ocr_line' id='line_1_11' title="bbox 542 1516 3036 1597; baseline 0.001 -22"><span class='ocrx_word' id='word_1_109' title='bbox 542 1538 581 1575; x_wconf 87' lang='lat' dir='ltr'><strong>a</strong></span> <span class='ocrx_word' id='word_1_110' title='bbox 621 1516 807 1576; x_wconf 87' lang='lat' dir='ltr'><strong>Paulo</strong></span> <span class='ocrx_word' id='word_1_111' title='bbox 854 1518 1149 1597; x_wconf 79' lang='lat' dir='ltr'><strong>quaesivit</strong></span> <span class='ocrx_word' id='word_1_112' title='bbox 1192 1538 1271 1577; x_wconf 86' lang='lat' dir='ltr'><strong>an</strong></span> <span class='ocrx_word' id='word_1_113' title='bbox 1310 1516 1381 1577; x_wconf 92' lang='lat' dir='ltr'><strong>de</strong></span> <span class='ocrx_word' id='word_1_114' title='bbox 1433 1538 1524 1590; x_wconf 86' lang='lat' dir='ltr'><strong>re,</strong></span> <span class='ocrx_word' id='word_1_115' title='bbox 1574 1518 1744 1577; x_wconf 89' lang='lat' dir='ltr'><strong>cuius</strong></span> <span class='ocrx_word' id='word_1_116' title='bbox 1797 1518 2206 1595; x_wconf 73' lang='lat' dir='ltr'><strong>postulabatur</strong></span> <span class='ocrx_word' id='word_1_117' title='bbox 2246 1518 2286 1577; x_wconf 82' lang='lat' dir='ltr'>J</span> <span class='ocrx_word' id='word_1_118' title='bbox 2285 1518 2624 1597; x_wconf 77' lang='lat' dir='ltr'><strong>erosolymis</strong></span> <span class='ocrx_word' id='word_1_119' title='bbox 2669 1520 2930 1577; x_wconf 82' lang='lat' dir='ltr'><strong>iudicari</strong></span> <span class='ocrx_word' id='word_1_120' title='bbox 2975 1520 3036 1577; x_wconf 85' lang='lat' dir='ltr'><strong>in</strong></span> 
     </span>
     <span class='ocr_line' id='line_1_12' title="bbox 541 1622 3036 1702; baseline 0 -21"><span class='ocrx_word' id='word_1_121' title='bbox 541 1624 739 1682; x_wconf 85' lang='lat' dir='ltr'><strong>animo</strong></span> <span class='ocrx_word' id='word_1_122' title='bbox 784 1622 970 1681; x_wconf 85' lang='lat' dir='ltr'><strong>esset?</strong></span> <span class='ocrx_word' id='word_1_123' title='bbox 1042 1622 1265 1681; x_wconf 86' lang='lat' dir='ltr'><strong>Verum</strong></span> <span class='ocrx_word' id='word_1_124' title='bbox 1316 1622 1630 1699; x_wconf 76' lang='lat' dir='ltr'><strong>Apostolus</strong></span> <span class='ocrx_word' id='word_1_125' title='bbox 1675 1626 1771 1681; x_wconf 90' lang='lat' dir='ltr'><strong>cui</strong></span> <span class='ocrx_word' id='word_1_126' title='bbox 1827 1642 1946 1683; x_wconf 89' lang='lat' dir='ltr'><strong>non</strong></span> <span class='ocrx_word' id='word_1_127' title='bbox 1989 1623 2260 1699; x_wconf 87' lang='lat' dir='ltr'><strong>ignotum</strong></span> <span class='ocrx_word' id='word_1_128' title='bbox 2303 1629 2457 1695; x_wconf 89' lang='lat' dir='ltr'><strong>erat,</strong></span> <span class='ocrx_word' id='word_1_129' title='bbox 2513 1642 2630 1702; x_wconf 90' lang='lat' dir='ltr'><strong>quo</strong></span> <span class='ocrx_word' id='word_1_130' title='bbox 2675 1624 2930 1683; x_wconf 88' lang='lat' dir='ltr'><strong>consilio</strong></span> <span class='ocrx_word' id='word_1_131' title='bbox 2975 1624 3036 1681; x_wconf 89' lang='lat' dir='ltr'><strong>id</strong></span> 
     </span>
     <span class='ocr_line' id='line_1_13' title="bbox 540 1724 3038 1804; baseline 0 -19"><span class='ocrx_word' id='word_1_132' title='bbox 540 1731 774 1801; x_wconf 84' lang='lat' dir='ltr'><strong>rogaret</strong></span> <span class='ocrx_word' id='word_1_133' title='bbox 788 1724 828 1799; x_wconf 79' lang='lat'><strong>⁸,</strong></span> <span class='ocrx_word' id='word_1_134' title='bbox 862 1727 1089 1799; x_wconf 85' lang='lat' dir='ltr'><strong>abnuit,</strong></span> <span class='ocrx_word' id='word_1_135' title='bbox 1122 1732 1183 1786; x_wconf 94' lang='lat' dir='ltr'><strong>et</strong></span> <span class='ocrx_word' id='word_1_136' title='bbox 1212 1727 1581 1786; x_wconf 72' lang='lat' dir='ltr'><strong>innocentiae</strong></span> <span class='ocrx_word' id='word_1_137' title='bbox 1610 1746 1749 1786; x_wconf 82' lang='lat' dir='ltr'><strong>suae</strong></span> <span class='ocrx_word' id='word_1_138' title='bbox 1778 1727 1995 1787; x_wconf 84' lang='lat' dir='ltr'><strong>fiducia</strong></span> <span class='ocrx_word' id='word_1_139' title='bbox 2023 1727 2392 1787; x_wconf 87' lang='lat' dir='ltr'><strong>Caesarem</strong></span> <span class='ocrx_word' id='word_1_140' title='bbox 2421 1727 2914 1804; x_wconf 52' lang='lat' dir='ltr'><strong>appellat-iffi.</strong></span> <span class='ocrx_word' id='word_1_141' title='bbox 2945 1729 3038 1786; x_wconf 79' lang='lat' dir='ltr'><strong>Ad</strong></span> 
     </span>
     <span class='ocr_line' id='line_1_14' title="bbox 542 1832 3036 1911; baseline 0.001 -22"><span class='ocrx_word' id='word_1_142' title='bbox 542 1850 690 1911; x_wconf 86' lang='lat' dir='ltr'><strong>quae</strong></span> <span class='ocrx_word' id='word_1_143' title='bbox 713 1832 935 1903; x_wconf 84' lang='lat' dir='ltr'><strong>Festus,</strong></span> <span class='ocrx_word' id='word_1_144' title='bbox 969 1832 1037 1890; x_wconf 88' lang='lat' dir='ltr'><strong>de</strong></span> <span class='ocrx_word' id='word_1_145' title='bbox 1068 1832 1275 1891; x_wconf 90' lang='lat' dir='ltr'><strong>iudicii</strong></span> <span class='ocrx_word' id='word_1_146' title='bbox 1308 1834 1618 1904; x_wconf 87' lang='lat' dir='ltr'><strong>sententia,</strong></span> <span class='ocrx_word' id='word_1_147' title='bbox 1653 1834 1974 1909; x_wconf 90' lang='lat' dir='ltr'><strong>respondit.</strong></span> <span class='ocrx_word' id='word_1_148' title='bbox 2019 1833 2323 1892; x_wconf 81' lang='lat' dir='ltr'><strong>Gaesarem</strong></span> <span class='ocrx_word' id='word_1_149' title='bbox 2359 1832 2688 1909; x_wconf 74' lang='lat' dir='ltr'><strong>appellasti,</strong></span> <span class='ocrx_word' id='word_1_150' title='bbox 2725 1834 2804 1891; x_wconf 83' lang='lat' dir='ltr'><strong>ad</strong></span> <span class='ocrx_word' id='word_1_151' title='bbox 2833 1832 3036 1891; x_wconf 84' lang='lat' dir='ltr'><strong>Gaesa-</strong></span> 
     </span>
     <span class='ocr_line' id='line_1_15' title="bbox 542 1934 3032 2015; baseline 0 -22"><span class='ocrx_word' id='word_1_152' title='bbox 542 1956 665 1994; x_wconf 92' lang='lat' dir='ltr'><strong>rem</strong></span> <span class='ocrx_word' id='word_1_153' title='bbox 710 1935 853 1994; x_wconf 87' lang='lat' dir='ltr'><strong>ibis!</strong></span> <span class='ocrx_word' id='word_1_154' title='bbox 882 1934 946 1994; x_wconf 87' lang='lat'><strong>¹⁰.</strong></span> <span class='ocrx_word' id='word_1_155' title='bbox 1022 1936 1261 1995; x_wconf 85' lang='lat' dir='ltr'><strong>Interea</strong></span> <span class='ocrx_word' id='word_1_156' title='bbox 1312 1955 1447 1995; x_wconf 86' lang='lat' dir='ltr'><strong>cum</strong></span> <span class='ocrx_word' id='word_1_157' title='bbox 1490 1942 1868 2014; x_wconf 86' lang='lat' dir='ltr'><strong>exspectatur</strong></span> <span class='ocrx_word' id='word_1_158' title='bbox 1915 1938 2324 2015; x_wconf 86' lang='lat' dir='ltr'><strong>opportunitas</strong></span> <span class='ocrx_word' id='word_1_159' title='bbox 2373 1958 2420 1995; x_wconf 89' lang='lat' dir='ltr'><strong>s.</strong></span> <span class='ocrx_word' id='word_1_160' title='bbox 2451 1936 2708 1997; x_wconf 87' lang='lat' dir='ltr'><strong>Paulum</strong></span> <span class='ocrx_word' id='word_1_161' title='bbox 2755 1936 3032 1996; x_wconf 86' lang='lat' dir='ltr'><strong>mittendi</strong></span> 
     </span>
     <span class='ocr_line' id='line_1_16' title="bbox 542 2038 3032 2117; baseline 0 -18"><span class='ocrx_word' id='word_1_162' title='bbox 542 2040 788 2099; x_wconf 86' lang='lat' dir='ltr'><strong>Romam</strong></span> <span class='ocrx_word' id='word_1_163' title='bbox 803 2086 817 2111; x_wconf 91' lang='lat'><strong>,</strong></span> <span class='ocrx_word' id='word_1_164' title='bbox 866 2041 1135 2117; x_wconf 76' lang='lat' dir='ltr'><strong>Agrippa</strong></span> <span class='ocrx_word' id='word_1_165' title='bbox 1188 2041 1389 2100; x_wconf 88' lang='lat' dir='ltr'><strong>iunior</strong></span> <span class='ocrx_word' id='word_1_166' title='bbox 1410 2038 1458 2079; x_wconf 90' lang='lat'><strong>¹¹</strong></span> <span class='ocrx_word' id='word_1_167' title='bbox 1504 2048 1565 2099; x_wconf 90' lang='lat' dir='ltr'><strong>et</strong></span> <span class='ocrx_word' id='word_1_168' title='bbox 1608 2042 1888 2101; x_wconf 90' lang='lat' dir='ltr'><strong>Berenice</strong></span> <span class='ocrx_word' id='word_1_169' title='bbox 1943 2040 2072 2100; x_wconf 86' lang='lat' dir='ltr'><strong>eius</strong></span> <span class='ocrx_word' id='word_1_170' title='bbox 2119 2062 2308 2113; x_wconf 90' lang='lat' dir='ltr'><strong>soror,</strong></span> <span class='ocrx_word' id='word_1_171' title='bbox 2361 2042 2702 2101; x_wconf 70' lang='lat' dir='ltr'><strong>Caesaream</strong></span> <span class='ocrx_word' id='word_1_172' title='bbox 2749 2042 3032 2109; x_wconf 75' lang='lat' dir='ltr'><strong>veniunt:</strong></span> 
     </span>
     <span class='ocr_line' id='line_1_17' title="bbox 541 2144 3033 2224; baseline 0 -21"><span class='ocrx_word' id='word_1_173' title='bbox 541 2144 857 2205; x_wconf 87' lang='lat' dir='ltr'><strong>salutaturi</strong></span> <span class='ocrx_word' id='word_1_174' title='bbox 898 2146 971 2203; x_wconf 89' lang='lat' dir='ltr'><strong>de</strong></span> <span class='ocrx_word' id='word_1_175' title='bbox 1010 2164 1171 2204; x_wconf 87' lang='lat' dir='ltr'><strong>more</strong></span> <span class='ocrx_word' id='word_1_176' title='bbox 1211 2146 1451 2204; x_wconf 83' lang='lat' dir='ltr'><strong>Festum</strong></span> <span class='ocrx_word' id='word_1_177' title='bbox 1488 2164 1710 2205; x_wconf 80' lang='lat' dir='ltr'><strong>novum</strong></span> <span class='ocrx_word' id='word_1_178' title='bbox 1755 2146 2094 2223; x_wconf 78' lang='lat' dir='ltr'><strong>provinciae</strong></span> <span class='ocrx_word' id='word_1_179' title='bbox 2131 2146 2473 2224; x_wconf 85' lang='lat' dir='ltr'><strong>praesidem.</strong></span> <span class='ocrx_word' id='word_1_180' title='bbox 2549 2147 2800 2205; x_wconf 73' lang='lat' dir='ltr'><strong>Praenes</strong></span> <span class='ocrx_word' id='word_1_181' title='bbox 2845 2148 3033 2205; x_wconf 87' lang='lat' dir='ltr'><strong>auimo</strong></span> 
     </span>
     <span class='ocr_line' id='line_1_18' title="bbox 543 2248 3033 2330; baseline 0.001 -24"><span class='ocrx_word' id='word_1_182' title='bbox 543 2248 783 2321; x_wconf 88' lang='lat' dir='ltr'><strong>dubius,</strong></span> <span class='ocrx_word' id='word_1_183' title='bbox 838 2268 988 2327; x_wconf 84' lang='lat' dir='ltr'><strong>quae</strong></span> <span class='ocrx_word' id='word_1_184' title='bbox 1043 2251 1109 2307; x_wconf 92' lang='lat' dir='ltr'><strong>in</strong></span> <span class='ocrx_word' id='word_1_185' title='bbox 1152 2268 1326 2309; x_wconf 86' lang='lat' dir='ltr'><strong>causa</strong></span> <span class='ocrx_word' id='word_1_186' title='bbox 1377 2249 1549 2309; x_wconf 89' lang='lat' dir='ltr'><strong>Pauli</strong></span> <span class='ocrx_word' id='word_1_187' title='bbox 1602 2250 1997 2326; x_wconf 79' lang='lat' dir='ltr'><strong>contigerant,</strong></span> <span class='ocrx_word' id='word_1_188' title='bbox 2053 2251 2128 2309; x_wconf 85' lang='lat' dir='ltr'><strong>iis</strong></span> <span class='ocrx_word' id='word_1_189' title='bbox 2179 2251 2450 2311; x_wconf 79' lang='lat' dir='ltr'><strong>narravit</strong></span> <span class='ocrx_word' id='word_1_190' title='bbox 2499 2250 2770 2310; x_wconf 86' lang='lat' dir='ltr'><strong>iudaicae</strong></span> <span class='ocrx_word' id='word_1_191' title='bbox 2823 2251 3033 2330; x_wconf 86' lang='lat' dir='ltr'><strong>quippe</strong></span> 
     </span>
     <span class='ocr_line' id='line_1_19' title="bbox 545 2351 3029 2439; baseline 0.001 -29"><span class='ocrx_word' id='word_1_192' title='bbox 545 2351 849 2429; x_wconf 86' lang='lat' dir='ltr'><strong>religionis</strong></span> <span class='ocrx_word' id='word_1_193' title='bbox 890 2353 1115 2429; x_wconf 91' lang='lat' dir='ltr'><strong>peritis.</strong></span> <span class='ocrx_word' id='word_1_194' title='bbox 1170 2356 1439 2431; x_wconf 81' lang='lat' dir='ltr'><strong>Agrippa</strong></span> <span class='ocrx_word' id='word_1_195' title='bbox 1480 2360 1680 2413; x_wconf 81' lang='lat' dir='ltr'><strong>autem</strong></span> <span class='ocrx_word' id='word_1_196' title='bbox 1718 2356 1791 2414; x_wconf 89' lang='lat' dir='ltr'><strong>ab</strong></span> <span class='ocrx_word' id='word_1_197' title='bbox 1831 2356 1956 2432; x_wconf 89' lang='lat' dir='ltr'><strong>ipso</strong></span> <span class='ocrx_word' id='word_1_198' title='bbox 1987 2355 2268 2439; x_wconf 73' lang='lat' dir='ltr'><strong>Apostolo</strong></span> <span class='ocrx_word' id='word_1_199' title='bbox 2305 2376 2366 2414; x_wconf 89' lang='lat' dir='ltr'><strong>se</strong></span> <span class='ocrx_word' id='word_1_200' title='bbox 2409 2374 2536 2415; x_wconf 88' lang='lat' dir='ltr'><strong>rem</strong></span> <span class='ocrx_word' id='word_1_201' title='bbox 2575 2355 2841 2414; x_wconf 85' lang='lat' dir='ltr'><strong>libenter</strong></span> <span class='ocrx_word' id='word_1_202' title='bbox 2869 2356 3029 2413; x_wconf 86' lang='lat' dir='ltr'><strong>audi·</strong></span> 
     </span>
     <span class='ocr_line' id='line_1_20' title="bbox 546 2458 3030 2537; baseline 0 -21"><span class='ocrx_word' id='word_1_203' title='bbox 546 2462 747 2515; x_wconf 86' lang='lat' dir='ltr'><strong>turum</strong></span> <span class='ocrx_word' id='word_1_204' title='bbox 777 2459 1095 2535; x_wconf 84' lang='lat' dir='ltr'><strong>respondit.</strong></span> <span class='ocrx_word' id='word_1_205' title='bbox 1158 2458 1307 2517; x_wconf 85' lang='lat' dir='ltr'><strong>Tum</strong></span> <span class='ocrx_word' id='word_1_206' title='bbox 1349 2460 1631 2536; x_wconf 82' lang='lat' dir='ltr'><strong>postridie</strong></span> <span class='ocrx_word' id='word_1_207' title='bbox 1675 2460 1800 2518; x_wconf 90' lang='lat' dir='ltr'><strong>eius</strong></span> <span class='ocrx_word' id='word_1_208' title='bbox 1829 2459 1948 2518; x_wconf 87' lang='lat' dir='ltr'><strong>diei</strong></span> <span class='ocrx_word' id='word_1_209' title='bbox 1979 2461 2186 2519; x_wconf 85' lang='lat' dir='ltr'><strong>Festus</strong></span> <span class='ocrx_word' id='word_1_210' title='bbox 2214 2459 2338 2519; x_wconf 90' lang='lat' dir='ltr'><strong>illis</strong></span> <span class='ocrx_word' id='word_1_211' title='bbox 2375 2482 2421 2519; x_wconf 86' lang='lat' dir='ltr'><strong>s.</strong></span> <span class='ocrx_word' id='word_1_212' title='bbox 2455 2459 2714 2519; x_wconf 87' lang='lat' dir='ltr'><strong>Paulum</strong></span> <span class='ocrx_word' id='word_1_213' title='bbox 2753 2460 3030 2537; x_wconf 88' lang='lat' dir='ltr'><strong>ampliore</strong></span> 
     </span>
     <span class='ocr_line' id='line_1_21' title="bbox 545 2563 3032 2641; baseline 0.001 -21"><span class='ocrx_word' id='word_1_214' title='bbox 545 2564 610 2619; x_wconf 91' lang='lat' dir='ltr'><strong>in</strong></span> <span class='ocrx_word' id='word_1_215' title='bbox 656 2568 949 2621; x_wconf 74' lang='lat' dir='ltr'><strong>conventu</strong></span> <span class='ocrx_word' id='word_1_216' title='bbox 996 2563 1171 2622; x_wconf 88' lang='lat' dir='ltr'><strong>stitit.</strong></span> <span class='ocrx_word' id='word_1_217' title='bbox 1232 2564 1379 2621; x_wconf 85' lang='lat' dir='ltr'><strong>Cum</strong></span> <span class='ocrx_word' id='word_1_218' title='bbox 1419 2569 1744 2640; x_wconf 84' lang='lat' dir='ltr'><strong>perorasset</strong></span> <span class='ocrx_word' id='word_1_219' title='bbox 1788 2566 1858 2622; x_wconf 87' lang='lat' dir='ltr'><strong>de</strong></span> <span class='ocrx_word' id='word_1_220' title='bbox 1897 2565 2200 2625; x_wconf 84' lang='lat' dir='ltr'><strong>vocatione</strong></span> <span class='ocrx_word' id='word_1_221' title='bbox 2241 2584 2347 2623; x_wconf 89' lang='lat' dir='ltr'><strong>sua</strong></span> <span class='ocrx_word' id='word_1_222' title='bbox 2385 2566 2456 2623; x_wconf 87' lang='lat' dir='ltr'><strong>ad</strong></span> <span class='ocrx_word' id='word_1_223' title='bbox 2499 2565 2934 2641; x_wconf 87' lang='lat' dir='ltr'><strong>Apostolatum,</strong></span> <span class='ocrx_word' id='word_1_224' title='bbox 2977 2573 3032 2622; x_wconf 86' lang='lat' dir='ltr'><strong>et</strong></span> 
     </span>
     <span class='ocr_line' id='line_1_22' title="bbox 546 2667 3028 2747; baseline 0.001 -24"><span class='ocrx_word' id='word_1_225' title='bbox 546 2668 615 2723; x_wconf 89' lang='lat' dir='ltr'><strong>de</strong></span> <span class='ocrx_word' id='word_1_226' title='bbox 644 2667 912 2725; x_wconf 88' lang='lat' dir='ltr'><strong>doctrina</strong></span> <span class='ocrx_word' id='word_1_227' title='bbox 939 2686 1045 2727; x_wconf 84' lang='lat' dir='ltr'><strong>sua</strong></span> <span class='ocrx_word' id='word_1_228' title='bbox 1073 2668 1265 2744; x_wconf 80' lang='lat' dir='ltr'><strong>Moysi</strong></span> <span class='ocrx_word' id='word_1_229' title='bbox 1296 2673 1358 2726; x_wconf 87' lang='lat' dir='ltr'><strong>et</strong></span> <span class='ocrx_word' id='word_1_230' title='bbox 1384 2668 1695 2745; x_wconf 86' lang='lat' dir='ltr'><strong>Prophetis</strong></span> <span class='ocrx_word' id='word_1_231' title='bbox 1733 2688 2006 2743; x_wconf 83' lang='lat' dir='ltr'><strong>congrua,</strong></span> <span class='ocrx_word' id='word_1_232' title='bbox 2041 2671 2310 2747; x_wconf 84' lang='lat' dir='ltr'><strong>Agrippa</strong></span> <span class='ocrx_word' id='word_1_233' title='bbox 2333 2669 2522 2727; x_wconf 86' lang='lat' dir='ltr'><strong>dixit:</strong></span> <span class='ocrx_word' id='word_1_234' title='bbox 2571 2671 2832 2745; x_wconf 87' lang='lat' dir='ltr'><strong>potuisse</strong></span> <span class='ocrx_word' id='word_1_235' title='bbox 2863 2670 3028 2728; x_wconf 89' lang='lat' dir='ltr'><strong>illum</strong></span> 
     </span>
     <span class='ocr_line' id='line_1_23' title="bbox 547 2770 3031 2848; baseline 0.001 -20"><span class='ocrx_word' id='word_1_236' title='bbox 547 2770 790 2842; x_wconf 89' lang='lat' dir='ltr'><strong>dimitti,</strong></span> <span class='ocrx_word' id='word_1_237' title='bbox 826 2772 941 2829; x_wconf 86' lang='lat' dir='ltr'><strong>nisi</strong></span> <span class='ocrx_word' id='word_1_238' title='bbox 974 2772 1277 2831; x_wconf 85' lang='lat' dir='ltr'><strong>Caesarem</strong></span> <span class='ocrx_word' id='word_1_239' title='bbox 1307 2772 1673 2848; x_wconf 85' lang='lat' dir='ltr'><strong>appellasset.</strong></span> <span class='ocrx_word' id='word_1_240' title='bbox 1735 2773 2136 2833; x_wconf 77' lang='lat' dir='ltr'><strong>constitutum</strong></span> <span class='ocrx_word' id='word_1_241' title='bbox 2175 2774 2362 2848; x_wconf 86' lang='lat' dir='ltr'><strong>igitur</strong></span> <span class='ocrx_word' id='word_1_242' title='bbox 2391 2778 2496 2845; x_wconf 89' lang='lat' dir='ltr'><strong>est,</strong></span> <span class='ocrx_word' id='word_1_243' title='bbox 2541 2780 2610 2831; x_wconf 94' lang='lat' dir='ltr'><strong>ut</strong></span> <span class='ocrx_word' id='word_1_244' title='bbox 2641 2774 2866 2833; x_wconf 84' lang='lat' dir='ltr'><strong>Paulus</strong></span> <span class='ocrx_word' id='word_1_245' title='bbox 2906 2792 3031 2833; x_wconf 91' lang='lat' dir='ltr'><strong>cum</strong></span> 
     </span>
     <span class='ocr_line' id='line_1_24' title="bbox 546 2874 2043 2954; baseline 0.002 -21"><span class='ocrx_word' id='word_1_246' title='bbox 546 2874 681 2934; x_wconf 88' lang='lat' dir='ltr'><strong>aliis</strong></span> <span class='ocrx_word' id='word_1_247' title='bbox 710 2876 1059 2954; x_wconf 89' lang='lat' dir='ltr'><strong>quibusdam</strong></span> <span class='ocrx_word' id='word_1_248' title='bbox 1088 2876 1305 2937; x_wconf 84' lang='lat' dir='ltr'><strong>vinctis</strong></span> <span class='ocrx_word' id='word_1_249' title='bbox 1336 2876 1585 2935; x_wconf 86' lang='lat' dir='ltr'><strong>Romam</strong></span> <span class='ocrx_word' id='word_1_250' title='bbox 1613 2879 1953 2937; x_wconf 84' lang='lat' dir='ltr'><strong>mitteretur</strong></span> <span class='ocrx_word' id='word_1_251' title='bbox 1977 2874 2043 2936; x_wconf 81' lang='lat'><strong>¹².</strong></span> 
     </span>
    </p>
   </div>
   <div class='ocr_carea' id='block_1_3' title="bbox 550 3030 961 3041">
    <p class='ocr_par' dir='ltr' id='par_1_3' title="bbox 550 3030 961 3041">
     <span class='ocr_line' id='line_1_25' title="bbox 550 3030 961 3041; baseline 0 0"><span class='ocrx_word' id='word_1_252' title='bbox 550 3030 961 3041; x_wconf 95' lang='lat' dir='ltr'><strong> </strong></span> 
     </span>
    </p>
   </div>
   <div class='ocr_carea' id='block_1_4' title="bbox 546 3116 3029 4487">
    <p class='ocr_par' dir='ltr' id='par_1_4' title="bbox 546 3116 3029 4487">
     <span class='ocr_line' id='line_1_26' title="bbox 761 3116 3028 3188; baseline 0.003 -22"><span class='ocrx_word' id='word_1_253' title='bbox 761 3118 800 3179; x_wconf 91' lang='lat'><strong>¹)</strong></span> <span class='ocrx_word' id='word_1_254' title='bbox 828 3116 1131 3183; x_wconf 86' lang='lat' dir='ltr'><strong>Sperabant</strong></span> <span class='ocrx_word' id='word_1_255' title='bbox 1153 3117 1350 3169; x_wconf 85' lang='lat' dir='ltr'><strong>Judaei</strong></span> <span class='ocrx_word' id='word_1_256' title='bbox 1373 3117 1608 3169; x_wconf 78' lang='lat' dir='ltr'><strong>Felicem</strong></span> <span class='ocrx_word' id='word_1_257' title='bbox 1634 3133 1950 3185; x_wconf 84' lang='lat' dir='ltr'><strong>persuasum</strong></span> <span class='ocrx_word' id='word_1_258' title='bbox 1973 3118 2054 3182; x_wconf 85' lang='lat' dir='ltr'><strong>iri,</strong></span> <span class='ocrx_word' id='word_1_259' title='bbox 2085 3124 2146 3169; x_wconf 88' lang='lat' dir='ltr'><strong>ut</strong></span> <span class='ocrx_word' id='word_1_260' title='bbox 2167 3134 2316 3169; x_wconf 85' lang='lat' dir='ltr'><strong>reum</strong></span> <span class='ocrx_word' id='word_1_261' title='bbox 2338 3120 2472 3185; x_wconf 85' lang='lat' dir='ltr'><strong>ipsis</strong></span> <span class='ocrx_word' id='word_1_262' title='bbox 2495 3134 2530 3170; x_wconf 87' lang='lat' dir='ltr'><strong>a</strong></span> <span class='ocrx_word' id='word_1_263' title='bbox 2551 3120 2773 3172; x_wconf 87' lang='lat' dir='ltr'><strong>tribuno</strong></span> <span class='ocrx_word' id='word_1_264' title='bbox 2803 3128 3028 3188; x_wconf 86' lang='lat' dir='ltr'><strong>ereptum</strong></span> 
     </span>
     <span class='ocr_line' id='line_1_27' title="bbox 548 3202 3027 3275; baseline 0.002 -22"><span class='ocrx_word' id='word_1_265' title='bbox 548 3218 731 3254; x_wconf 88' lang='lat' dir='ltr'><strong>eorum</strong></span> <span class='ocrx_word' id='word_1_266' title='bbox 766 3205 959 3254; x_wconf 88' lang='lat' dir='ltr'><strong>iterum</strong></span> <span class='ocrx_word' id='word_1_267' title='bbox 994 3202 1202 3255; x_wconf 84' lang='lat' dir='ltr'><strong>libidini</strong></span> <span class='ocrx_word' id='word_1_268' title='bbox 1240 3204 1542 3255; x_wconf 84' lang='lat' dir='ltr'><strong>subiiceret.</strong></span> <span class='ocrx_word' id='word_1_269' title='bbox 1600 3204 1642 3271; x_wconf 85' lang='lat'><strong>²)</strong></span> <span class='ocrx_word' id='word_1_270' title='bbox 1668 3204 1749 3255; x_wconf 77' lang='lat' dir='ltr'><strong>Cf.</strong></span> <span class='ocrx_word' id='word_1_271' title='bbox 1775 3204 1930 3267; x_wconf 80' lang='lat' dir='ltr'><strong>Geib,</strong></span> <span class='ocrx_word' id='word_1_272' title='bbox 1969 3204 2161 3256; x_wconf 86' lang='lat' dir='ltr'><strong>Gesch.</strong></span> <span class='ocrx_word' id='word_1_273' title='bbox 2197 3204 2292 3257; x_wconf 86' lang='lat' dir='ltr'><strong>des</strong></span> <span class='ocrx_word' id='word_1_274' title='bbox 2325 3212 2454 3257; x_wconf 66' lang='lat' dir='ltr'><strong>rom.</strong></span> <span class='ocrx_word' id='word_1_275' title='bbox 2483 3206 3027 3275; x_wconf 84' lang='lat' dir='ltr'><strong>Criminalprocesses.</strong></span> 
     </span>
     <span class='ocr_line' id='line_1_28' title="bbox 546 3290 3028 3358; baseline 0.002 -19"><span class='ocrx_word' id='word_1_276' title='bbox 546 3291 731 3356; x_wconf 79' lang='lat' dir='ltr'><strong>Leipz.</strong></span> <span class='ocrx_word' id='word_1_277' title='bbox 749 3292 899 3354; x_wconf 79' lang='lat'><strong>1842,</strong></span> <span class='ocrx_word' id='word_1_278' title='bbox 920 3308 971 3357; x_wconf 90' lang='lat' dir='ltr'><strong>p.</strong></span> <span class='ocrx_word' id='word_1_279' title='bbox 987 3292 1104 3341; x_wconf 83' lang='lat'><strong>288.</strong></span> <span class='ocrx_word' id='word_1_280' title='bbox 1118 3294 1237 3342; x_wconf 74' lang='lat'><strong>561.</strong></span> <span class='ocrx_word' id='word_1_281' title='bbox 1252 3306 1295 3342; x_wconf 89' lang='lat' dir='ltr'><strong>s.</strong></span> <span class='ocrx_word' id='word_1_282' title='bbox 1340 3290 1380 3357; x_wconf 82' lang='lat'><strong>³)</strong></span> <span class='ocrx_word' id='word_1_283' title='bbox 1405 3291 1666 3343; x_wconf 83' lang='lat' dir='ltr'><strong>Audierat</strong></span> <span class='ocrx_word' id='word_1_284' title='bbox 1682 3292 1939 3358; x_wconf 82' lang='lat' dir='ltr'><strong>Apostolo</strong></span> <span class='ocrx_word' id='word_1_285' title='bbox 1965 3291 2332 3358; x_wconf 78' lang='lat' dir='ltr'><strong>eleemosynas</strong></span> <span class='ocrx_word' id='word_1_286' title='bbox 2355 3292 2590 3345; x_wconf 82' lang='lat' dir='ltr'><strong>fidelium</strong></span> <span class='ocrx_word' id='word_1_287' title='bbox 2617 3296 2852 3347; x_wconf 84' lang='lat' dir='ltr'><strong>creditas</strong></span> <span class='ocrx_word' id='word_1_288' title='bbox 2875 3296 3028 3345; x_wconf 78' lang='lat' dir='ltr'><strong>fiiisse</strong></span> 
     </span>
     <span class='ocr_line' id='line_1_29' title="bbox 552 3377 3028 3447; baseline 0.001 -20"><span class='ocrx_word' id='word_1_289' title='bbox 552 3378 592 3443; x_wconf 84' lang='lat'><strong>⁴)</strong></span> <span class='ocrx_word' id='word_1_290' title='bbox 629 3377 1008 3441; x_wconf 72' lang='lat' dir='ltr'><strong>Pecuniam,</strong></span> <span class='ocrx_word' id='word_1_291' title='bbox 1046 3392 1181 3443; x_wconf 85' lang='lat' dir='ltr'><strong>quas</strong></span> <span class='ocrx_word' id='word_1_292' title='bbox 1220 3392 1255 3428; x_wconf 85' lang='lat' dir='ltr'><strong>a</strong></span> <span class='ocrx_word' id='word_1_293' title='bbox 1288 3380 1471 3429; x_wconf 81' lang='lat' dir='ltr'><strong>vincto</strong></span> <span class='ocrx_word' id='word_1_294' title='bbox 1508 3380 1882 3444; x_wconf 82' lang='lat' dir='ltr'><strong>exspectabat,</strong></span> <span class='ocrx_word' id='word_1_295' title='bbox 1921 3394 2082 3445; x_wconf 87' lang='lat' dir='ltr'><strong>quam</strong></span> <span class='ocrx_word' id='word_1_296' title='bbox 2117 3381 2352 3431; x_wconf 86' lang='lat' dir='ltr'><strong>iustitiae</strong></span> <span class='ocrx_word' id='word_1_297' title='bbox 2389 3381 2651 3447; x_wconf 84' lang='lat' dir='ltr'><strong>cupidior.</strong></span> <span class='ocrx_word' id='word_1_298' title='bbox 2719 3382 2764 3447; x_wconf 61' lang='grc' dir='ltr'><strong>ὅ)</strong></span> <span class='ocrx_word' id='word_1_299' title='bbox 2803 3382 3028 3433; x_wconf 83' lang='lat' dir='ltr'><strong>Drusilla</strong></span> 
     </span>
     <span class='ocr_line' id='line_1_30' title="bbox 548 3463 3024 3533; baseline 0.002 -20"><span class='ocrx_word' id='word_1_300' title='bbox 548 3463 747 3513; x_wconf 86' lang='lat' dir='ltr'><strong>Felicis</strong></span> <span class='ocrx_word' id='word_1_301' title='bbox 794 3480 947 3527; x_wconf 87' lang='lat' dir='ltr'><strong>uxor,</strong></span> <span class='ocrx_word' id='word_1_302' title='bbox 998 3479 1137 3530; x_wconf 86' lang='lat' dir='ltr'><strong>quae</strong></span> <span class='ocrx_word' id='word_1_303' title='bbox 1188 3466 1397 3515; x_wconf 86' lang='lat' dir='ltr'><strong>ethnico</strong></span> <span class='ocrx_word' id='word_1_304' title='bbox 1446 3464 1573 3516; x_wconf 89' lang='lat' dir='ltr'><strong>licet</strong></span> <span class='ocrx_word' id='word_1_305' title='bbox 1618 3471 1804 3533; x_wconf 85' lang='lat' dir='ltr'><strong>nupta,</strong></span> <span class='ocrx_word' id='word_1_306' title='bbox 1855 3480 2009 3517; x_wconf 88' lang='lat' dir='ltr'><strong>sacra</strong></span> <span class='ocrx_word' id='word_1_307' title='bbox 2046 3466 2376 3518; x_wconf 86' lang='lat' dir='ltr'><strong>Judaeorum</strong></span> <span class='ocrx_word' id='word_1_308' title='bbox 2425 3471 2735 3531; x_wconf 82' lang='lat' dir='ltr'><strong>retinuerat,</strong></span> <span class='ocrx_word' id='word_1_309' title='bbox 2775 3475 2890 3520; x_wconf 85' lang='lat' dir='ltr'><strong>erat</strong></span> <span class='ocrx_word' id='word_1_310' title='bbox 2923 3469 3024 3519; x_wconf 81' lang='lat' dir='ltr'><strong>filia</strong></span> 
     </span>
     <span class='ocr_line' id='line_1_31' title="bbox 550 3549 3029 3623; baseline 0.002 -24"><span class='ocrx_word' id='word_1_311' title='bbox 550 3549 781 3602; x_wconf 87' lang='lat' dir='ltr'><strong>Herodis</strong></span> <span class='ocrx_word' id='word_1_312' title='bbox 803 3551 1075 3618; x_wconf 83' lang='lat' dir='ltr'><strong>Agrippae</strong></span> <span class='ocrx_word' id='word_1_313' title='bbox 1100 3550 1345 3615; x_wconf 82' lang='lat' dir='ltr'><strong>Maioris,</strong></span> <span class='ocrx_word' id='word_1_314' title='bbox 1384 3552 1449 3602; x_wconf 91' lang='lat' dir='ltr'><strong>de</strong></span> <span class='ocrx_word' id='word_1_315' title='bbox 1470 3568 1575 3618; x_wconf 87' lang='lat' dir='ltr'><strong>quo</strong></span> <span class='ocrx_word' id='word_1_316' title='bbox 1600 3553 1719 3603; x_wconf 83' lang='lat' dir='ltr'><strong>Act.</strong></span> <span class='ocrx_word' id='word_1_317' title='bbox 1761 3555 1842 3616; x_wconf 88' lang='grc'><strong>12,</strong></span> <span class='ocrx_word' id='word_1_318' title='bbox 1881 3556 1965 3604; x_wconf 85' lang='grc'><strong>23.</strong></span> <span class='ocrx_word' id='word_1_319' title='bbox 2002 3569 2174 3605; x_wconf 88' lang='lat' dir='ltr'><strong>sermo</strong></span> <span class='ocrx_word' id='word_1_320' title='bbox 2213 3560 2310 3617; x_wconf 86' lang='lat' dir='ltr'><strong>est,</strong></span> <span class='ocrx_word' id='word_1_321' title='bbox 2349 3571 2500 3607; x_wconf 85' lang='lat' dir='ltr'><strong>soror</strong></span> <span class='ocrx_word' id='word_1_322' title='bbox 2523 3556 2794 3623; x_wconf 79' lang='lat' dir='ltr'><strong>Agrippae</strong></span> <span class='ocrx_word' id='word_1_323' title='bbox 2819 3556 3029 3606; x_wconf 77' lang='lat' dir='ltr'><strong>Minoris</strong></span> 
     </span>
     <span class='ocr_line' id='line_1_32' title="bbox 550 3638 3026 3707; baseline 0.002 -21"><span class='ocrx_word' id='word_1_324' title='bbox 550 3639 641 3704; x_wconf 88' lang='lat' dir='ltr'><strong>qui</strong></span> <span class='ocrx_word' id='word_1_325' title='bbox 678 3653 797 3688; x_wconf 88' lang='lat' dir='ltr'><strong>eam</strong></span> <span class='ocrx_word' id='word_1_326' title='bbox 830 3638 994 3689; x_wconf 79' lang='lat' dir='ltr'><strong>Azizo</strong></span> <span class='ocrx_word' id='word_1_327' title='bbox 1048 3638 1433 3690; x_wconf 83' lang='lat' dir='ltr'><strong>Emesenorum</strong></span> <span class='ocrx_word' id='word_1_328' title='bbox 1488 3639 1601 3707; x_wconf 86' lang='lat' dir='ltr'><strong>regi</strong></span> <span class='ocrx_word' id='word_1_329' title='bbox 1659 3639 1972 3705; x_wconf 78' lang='lat' dir='ltr'><strong>collocavit3</strong></span> <span class='ocrx_word' id='word_1_330' title='bbox 2027 3656 2134 3707; x_wconf 85' lang='lat' dir='ltr'><strong>quo</strong></span> <span class='ocrx_word' id='word_1_331' title='bbox 2183 3640 2370 3693; x_wconf 85' lang='lat' dir='ltr'><strong>relicto</strong></span> <span class='ocrx_word' id='word_1_332' title='bbox 2420 3642 2490 3692; x_wconf 81' lang='lat' dir='ltr'><strong>ad</strong></span> <span class='ocrx_word' id='word_1_333' title='bbox 2533 3642 2776 3693; x_wconf 81' lang='lat' dir='ltr'><strong>Felicem</strong></span> <span class='ocrx_word' id='word_1_334' title='bbox 2813 3644 3026 3694; x_wconf 78' lang='lat' dir='ltr'><strong>transiit.</strong></span> 
     </span>
     <span class='ocr_line' id='line_1_33' title="bbox 550 3723 3026 3795; baseline 0.001 -20"><span class='ocrx_word' id='word_1_335' title='bbox 550 3724 630 3775; x_wconf 83' lang='lat' dir='ltr'><strong>cf.</strong></span> <span class='ocrx_word' id='word_1_336' title='bbox 666 3723 977 3790; x_wconf 83' lang='lat' dir='ltr'><strong>Josephum,</strong></span> <span class='ocrx_word' id='word_1_337' title='bbox 1013 3725 1135 3776; x_wconf 87' lang='lat' dir='ltr'><strong>Ant.</strong></span> <span class='ocrx_word' id='word_1_338' title='bbox 1174 3726 1291 3777; x_wconf 81' lang='lat' dir='ltr'><strong>XX.</strong></span> <span class='ocrx_word' id='word_1_339' title='bbox 1330 3728 1378 3789; x_wconf 84' lang='grc'><strong>7,</strong></span> <span class='ocrx_word' id='word_1_340' title='bbox 1418 3728 1463 3776; x_wconf 92' lang='lat'><strong>1.</strong></span> <span class='ocrx_word' id='word_1_341' title='bbox 1502 3729 1551 3776; x_wconf 88' lang='grc'><strong>2.</strong></span> <span class='ocrx_word' id='word_1_342' title='bbox 1586 3742 1639 3792; x_wconf 88' lang='lat' dir='ltr'><strong>p.</strong></span> <span class='ocrx_word' id='word_1_343' title='bbox 1679 3728 1798 3777; x_wconf 74' lang='lat'><strong>969.</strong></span> <span class='ocrx_word' id='word_1_344' title='bbox 1877 3725 1919 3792; x_wconf 68' lang='grc' dir='ltr'><strong>θ)</strong></span> <span class='ocrx_word' id='word_1_345' title='bbox 1955 3726 2108 3789; x_wconf 82' lang='lat' dir='ltr'><strong>Quae</strong></span> <span class='ocrx_word' id='word_1_346' title='bbox 2156 3728 2300 3794; x_wconf 86' lang='lat' dir='ltr'><strong>apud</strong></span> <span class='ocrx_word' id='word_1_347' title='bbox 2349 3728 2605 3791; x_wconf 84' lang='lat' dir='ltr'><strong>homines,</strong></span> <span class='ocrx_word' id='word_1_348' title='bbox 2645 3729 2836 3795; x_wconf 82' lang='lat' dir='ltr'><strong>quales</strong></span> <span class='ocrx_word' id='word_1_349' title='bbox 2883 3729 3026 3779; x_wconf 84' lang='lat' dir='ltr'><strong>Felix</strong></span> 
     </span>
     <span class='ocr_line' id='line_1_34' title="bbox 550 3810 3026 3880; baseline 0.002 -19"><span class='ocrx_word' id='word_1_350' title='bbox 550 3818 605 3861; x_wconf 89' lang='lat' dir='ltr'><strong>et</strong></span> <span class='ocrx_word' id='word_1_351' title='bbox 661 3810 902 3863; x_wconf 82' lang='lat' dir='ltr'><strong>Drusilla</strong></span> <span class='ocrx_word' id='word_1_352' title='bbox 960 3817 1112 3863; x_wconf 87' lang='lat' dir='ltr'><strong>erant</strong></span> <span class='ocrx_word' id='word_1_353' title='bbox 1172 3814 1453 3863; x_wconf 85' lang='lat' dir='ltr'><strong>contrariis</strong></span> <span class='ocrx_word' id='word_1_354' title='bbox 1500 3814 1644 3864; x_wconf 81' lang='lat' dir='ltr'><strong>vitiis</strong></span> <span class='ocrx_word' id='word_1_355' title='bbox 1705 3815 1953 3877; x_wconf 82' lang='lat' dir='ltr'><strong>immersi,</strong></span> <span class='ocrx_word' id='word_1_356' title='bbox 2009 3828 2266 3880; x_wconf 85' lang='lat' dir='ltr'><strong>perquam</strong></span> <span class='ocrx_word' id='word_1_357' title='bbox 2325 3813 2602 3865; x_wconf 84' lang='lat' dir='ltr'><strong>iudicabat</strong></span> <span class='ocrx_word' id='word_1_358' title='bbox 2649 3816 2856 3867; x_wconf 87' lang='lat' dir='ltr'><strong>Paulus</strong></span> <span class='ocrx_word' id='word_1_359' title='bbox 2917 3830 3026 3866; x_wconf 86' lang='lat' dir='ltr'><strong>esse</strong></span> 
     </span>
     <span class='ocr_line' id='line_1_35' title="bbox 547 3896 3026 3965; baseline 0.001 -17"><span class='ocrx_word' id='word_1_360' title='bbox 547 3899 867 3949; x_wconf 84' lang='lat' dir='ltr'><strong>necessaria.</strong></span> <span class='ocrx_word' id='word_1_361' title='bbox 916 3896 957 3964; x_wconf 78' lang='lat'><strong>²)</strong></span> <span class='ocrx_word' id='word_1_362' title='bbox 980 3899 1097 3949; x_wconf 82' lang='lat' dir='ltr'><strong>Act.</strong></span> <span class='ocrx_word' id='word_1_363' title='bbox 1116 3902 1201 3963; x_wconf 81' lang='grc'><strong>24,</strong></span> <span class='ocrx_word' id='word_1_364' title='bbox 1224 3901 1409 3951; x_wconf 80' lang='grc'><strong>1-27,</strong></span> <span class='ocrx_word' id='word_1_365' title='bbox 1452 3900 1495 3965; x_wconf 80' lang='lat'><strong>¹¹)</strong></span> <span class='ocrx_word' id='word_1_366' title='bbox 1520 3900 1778 3951; x_wconf 79' lang='lat' dir='ltr'><strong>Nimirum</strong></span> <span class='ocrx_word' id='word_1_367' title='bbox 1805 3904 1864 3950; x_wconf 87' lang='lat' dir='ltr'><strong>ut</strong></span> <span class='ocrx_word' id='word_1_368' title='bbox 1887 3899 2218 3951; x_wconf 89' lang='lat' dir='ltr'><strong>Judaeorum</strong></span> <span class='ocrx_word' id='word_1_369' title='bbox 2241 3900 2488 3951; x_wconf 86' lang='lat' dir='ltr'><strong>manibus</strong></span> <span class='ocrx_word' id='word_1_370' title='bbox 2521 3900 2838 3953; x_wconf 78' lang='lat' dir='ltr'><strong>traderetur.</strong></span> <span class='ocrx_word' id='word_1_371' title='bbox 2887 3903 2927 3963; x_wconf 62' lang='grc' dir='ltr'><strong>ὓ)</strong></span> <span class='ocrx_word' id='word_1_372' title='bbox 2953 3902 3026 3951; x_wconf 83' lang='lat' dir='ltr'><strong>cf.</strong></span> 
     </span>
     <span class='ocr_line' id='line_1_36' title="bbox 547 3984 3025 4054; baseline 0 -19"><span class='ocrx_word' id='word_1_373' title='bbox 547 3986 599 4035; x_wconf 83' lang='lat' dir='ltr'><strong>J.</strong></span> <span class='ocrx_word' id='word_1_374' title='bbox 640 3984 699 4035; x_wconf 88' lang='lat' dir='ltr'><strong>C.</strong></span> <span class='ocrx_word' id='word_1_375' title='bbox 738 3984 1068 4049; x_wconf 83' lang='lat' dir='ltr'><strong>Santorocci,</strong></span> <span class='ocrx_word' id='word_1_376' title='bbox 1116 3986 1182 4036; x_wconf 84' lang='lat' dir='ltr'><strong>de</strong></span> <span class='ocrx_word' id='word_1_377' title='bbox 1225 4001 1311 4053; x_wconf 87' lang='lat' dir='ltr'><strong>ap.</strong></span> <span class='ocrx_word' id='word_1_378' title='bbox 1348 3986 1507 4037; x_wconf 87' lang='lat' dir='ltr'><strong>Pauli</strong></span> <span class='ocrx_word' id='word_1_379' title='bbox 1554 3986 1624 4038; x_wconf 87' lang='lat' dir='ltr'><strong>ad</strong></span> <span class='ocrx_word' id='word_1_380' title='bbox 1673 3986 1958 4039; x_wconf 85' lang='lat' dir='ltr'><strong>Caesarem</strong></span> <span class='ocrx_word' id='word_1_381' title='bbox 2003 3987 2382 4054; x_wconf 85' lang='lat' dir='ltr'><strong>appellatione.</strong></span> <span class='ocrx_word' id='word_1_382' title='bbox 2427 3986 2598 4039; x_wconf 79' lang='lat' dir='ltr'><strong>Mai-b.</strong></span> <span class='ocrx_word' id='word_1_383' title='bbox 2639 3988 2793 4040; x_wconf 77' lang='lat'><strong>1721.</strong></span> <span class='ocrx_word' id='word_1_384' title='bbox 2848 3988 3025 4049; x_wconf 81' lang='lat' dir='ltr'><strong>Krebs,</strong></span> 
     </span>
     <span class='ocr_line' id='line_1_37' title="bbox 550 4072 3026 4142; baseline 0.002 -21"><span class='ocrx_word' id='word_1_385' title='bbox 550 4072 617 4122; x_wconf 87' lang='lat' dir='ltr'><strong>de</strong></span> <span class='ocrx_word' id='word_1_386' title='bbox 654 4073 1038 4138; x_wconf 85' lang='lat' dir='ltr'><strong>provocatione</strong></span> <span class='ocrx_word' id='word_1_387' title='bbox 1074 4074 1227 4124; x_wconf 88' lang='lat' dir='ltr'><strong>Pauli</strong></span> <span class='ocrx_word' id='word_1_388' title='bbox 1267 4074 1337 4124; x_wconf 88' lang='lat' dir='ltr'><strong>ad</strong></span> <span class='ocrx_word' id='word_1_389' title='bbox 1374 4074 1678 4138; x_wconf 82' lang='lat' dir='ltr'><strong>Caesarem,</strong></span> <span class='ocrx_word' id='word_1_390' title='bbox 1713 4076 1770 4125; x_wconf 88' lang='lat' dir='ltr'><strong>in</strong></span> <span class='ocrx_word' id='word_1_391' title='bbox 1808 4088 1996 4141; x_wconf 87' lang='lat' dir='ltr'><strong>opusc.</strong></span> <span class='ocrx_word' id='word_1_392' title='bbox 2042 4074 2196 4125; x_wconf 85' lang='lat' dir='ltr'><strong>acad.</strong></span> <span class='ocrx_word' id='word_1_393' title='bbox 2233 4091 2286 4141; x_wconf 90' lang='lat' dir='ltr'><strong>p.</strong></span> <span class='ocrx_word' id='word_1_394' title='bbox 2327 4076 2442 4125; x_wconf 78' lang='lat'><strong>146.</strong></span> <span class='ocrx_word' id='word_1_395' title='bbox 2498 4074 2879 4142; x_wconf 85' lang='lat' dir='ltr'><strong>Baumgarten‚</strong></span> <span class='ocrx_word' id='word_1_396' title='bbox 2915 4077 2948 4126; x_wconf 92' lang='lat' dir='ltr'><strong>l.</strong></span> <span class='ocrx_word' id='word_1_397' title='bbox 2985 4092 3026 4125; x_wconf 88' lang='lat' dir='ltr'><strong>e.</strong></span> 
     </span>
     <span class='ocr_line' id='line_1_38' title="bbox 548 4159 3026 4229; baseline 0.001 -21"><span class='ocrx_word' id='word_1_398' title='bbox 548 4159 648 4222; x_wconf 88' lang='grc' dir='ltr'><strong>ΙΙΙ,</strong></span> <span class='ocrx_word' id='word_1_399' title='bbox 674 4176 725 4225; x_wconf 89' lang='lat' dir='ltr'><strong>p.</strong></span> <span class='ocrx_word' id='word_1_400' title='bbox 752 4160 871 4210; x_wconf 81' lang='grc'><strong>268.</strong></span> <span class='ocrx_word' id='word_1_401' title='bbox 930 4160 992 4226; x_wconf 90' lang='lat'><strong>¹⁰)</strong></span> <span class='ocrx_word' id='word_1_402' title='bbox 1028 4160 1145 4211; x_wconf 84' lang='lat' dir='ltr'><strong>Act.</strong></span> <span class='ocrx_word' id='word_1_403' title='bbox 1184 4162 1267 4224; x_wconf 78' lang='grc'><strong>25,</strong></span> <span class='ocrx_word' id='word_1_404' title='bbox 1298 4164 1483 4212; x_wconf 82' lang='grc'><strong>1-12,</strong></span> <span class='ocrx_word' id='word_1_405' title='bbox 1537 4161 1597 4226; x_wconf 87' lang='lat'><strong>¹¹)</strong></span> <span class='ocrx_word' id='word_1_406' title='bbox 1635 4161 1876 4227; x_wconf 82' lang='lat' dir='ltr'><strong>Agrippa</strong></span> <span class='ocrx_word' id='word_1_407' title='bbox 1897 4160 2088 4224; x_wconf 80' lang='lat' dir='ltr'><strong>Minor,</strong></span> <span class='ocrx_word' id='word_1_408' title='bbox 2113 4160 2346 4213; x_wconf 85' lang='lat' dir='ltr'><strong>Herodis</strong></span> <span class='ocrx_word' id='word_1_409' title='bbox 2381 4160 2453 4211; x_wconf 74' lang='lat' dir='ltr'><strong>M.</strong></span> <span class='ocrx_word' id='word_1_410' title='bbox 2479 4162 2740 4228; x_wconf 87' lang='lat' dir='ltr'><strong>abnepos,</strong></span> <span class='ocrx_word' id='word_1_411' title='bbox 2769 4164 3026 4229; x_wconf 80' lang='lat' dir='ltr'><strong>Agrippas</strong></span> 
     </span>
     <span class='ocr_line' id='line_1_39' title="bbox 548 4246 3025 4315; baseline 0.002 -21"><span class='ocrx_word' id='word_1_412' title='bbox 548 4246 770 4297; x_wconf 83' lang='lat' dir='ltr'><strong>Maioris</strong></span> <span class='ocrx_word' id='word_1_413' title='bbox 806 4246 961 4297; x_wconf 85' lang='lat' dir='ltr'><strong>filius.</strong></span> <span class='ocrx_word' id='word_1_414' title='bbox 989 4247 1056 4297; x_wconf 93' lang='lat' dir='ltr'><strong>D.</strong></span> <span class='ocrx_word' id='word_1_415' title='bbox 1095 4264 1144 4312; x_wconf 92' lang='lat' dir='ltr'><strong>q.</strong></span> <span class='ocrx_word' id='word_1_416' title='bbox 1170 4264 1220 4297; x_wconf 81' lang='lat' dir='ltr'><strong>v.</strong></span> <span class='ocrx_word' id='word_1_417' title='bbox 1246 4246 1512 4311; x_wconf 80' lang='lat' dir='ltr'><strong>Noldium,</strong></span> <span class='ocrx_word' id='word_1_418' title='bbox 1551 4246 1617 4297; x_wconf 89' lang='lat' dir='ltr'><strong>de</strong></span> <span class='ocrx_word' id='word_1_419' title='bbox 1654 4249 1768 4297; x_wconf 86' lang='lat' dir='ltr'><strong>vita</strong></span> <span class='ocrx_word' id='word_1_420' title='bbox 1803 4251 1858 4297; x_wconf 90' lang='lat' dir='ltr'><strong>et</strong></span> <span class='ocrx_word' id='word_1_421' title='bbox 1892 4247 2054 4313; x_wconf 84' lang='lat' dir='ltr'><strong>gestis</strong></span> <span class='ocrx_word' id='word_1_422' title='bbox 2081 4247 2371 4311; x_wconf 86' lang='lat' dir='ltr'><strong>Heredum,</strong></span> <span class='ocrx_word' id='word_1_423' title='bbox 2409 4248 2554 4314; x_wconf 88' lang='lat' dir='ltr'><strong>apud</strong></span> <span class='ocrx_word' id='word_1_424' title='bbox 2585 4249 3025 4315; x_wconf 82' lang='lat' dir='ltr'><strong>Havercampium</strong></span> 
     </span>
     <span class='ocr_line' id='line_1_40' title="bbox 550 4332 3022 4402; baseline 0.001 -20"><span class='ocrx_word' id='word_1_425' title='bbox 550 4332 652 4398; x_wconf 85' lang='lat' dir='ltr'><strong>op.</strong></span> <span class='ocrx_word' id='word_1_426' title='bbox 689 4333 740 4382; x_wconf 86' lang='lat' dir='ltr'><strong>J.</strong></span> <span class='ocrx_word' id='word_1_427' title='bbox 778 4332 951 4384; x_wconf 83' lang='lat' dir='ltr'><strong>Flavii</strong></span> <span class='ocrx_word' id='word_1_428' title='bbox 992 4334 1073 4384; x_wconf 91' lang='lat' dir='ltr'><strong>ed.</strong></span> <span class='ocrx_word' id='word_1_429' title='bbox 1112 4349 1235 4400; x_wconf 87' lang='lat' dir='ltr'><strong>app.</strong></span> <span class='ocrx_word' id='word_1_430' title='bbox 1272 4334 1345 4395; x_wconf 89' lang='lat'><strong>11,</strong></span> <span class='ocrx_word' id='word_1_431' title='bbox 1384 4334 1501 4385; x_wconf 78' lang='lat'><strong>386.</strong></span> <span class='ocrx_word' id='word_1_432' title='bbox 1538 4348 1582 4384; x_wconf 81' lang='lat' dir='ltr'><strong>s.</strong></span> <span class='ocrx_word' id='word_1_433' title='bbox 1619 4334 1977 4400; x_wconf 81' lang='lat' dir='ltr'><strong>Deylingium,</strong></span> <span class='ocrx_word' id='word_1_434' title='bbox 2017 4332 2147 4385; x_wconf 82' lang='lat' dir='ltr'><strong>Obs.</strong></span> <span class='ocrx_word' id='word_1_435' title='bbox 2184 4350 2226 4385; x_wconf 85' lang='lat' dir='ltr'><strong>s.</strong></span> <span class='ocrx_word' id='word_1_436' title='bbox 2265 4334 2333 4385; x_wconf 91' lang='lat'><strong>11.</strong></span> <span class='ocrx_word' id='word_1_437' title='bbox 2371 4336 2455 4397; x_wconf 84' lang='grc'><strong>26,</strong></span> <span class='ocrx_word' id='word_1_438' title='bbox 2493 4336 2578 4385; x_wconf 75' lang='grc'><strong>26.</strong></span> <span class='ocrx_word' id='word_1_439' title='bbox 2617 4336 2702 4385; x_wconf 86' lang='grc'><strong>27.</strong></span> <span class='ocrx_word' id='word_1_440' title='bbox 2749 4352 2802 4402; x_wconf 89' lang='lat' dir='ltr'><strong>p.</strong></span> <span class='ocrx_word' id='word_1_441' title='bbox 2839 4338 2952 4398; x_wconf 71' lang='lat'><strong>263,</strong></span> <span class='ocrx_word' id='word_1_442' title='bbox 2985 4350 3022 4385; x_wconf 85' lang='lat' dir='ltr'><strong>s.</strong></span> 
     </span>
     <span class='ocr_line' id='line_1_41' title="bbox 556 4418 1311 4487; baseline 0.004 -19"><span class='ocrx_word' id='word_1_443' title='bbox 556 4418 615 4483; x_wconf 81' lang='lat'><strong>¹²)</strong></span> <span class='ocrx_word' id='word_1_444' title='bbox 651 4419 768 4470; x_wconf 85' lang='lat' dir='ltr'><strong>Act.</strong></span> <span class='ocrx_word' id='word_1_445' title='bbox 806 4422 889 4483; x_wconf 80' lang='lat'><strong>26,</strong></span> <span class='ocrx_word' id='word_1_446' title='bbox 930 4422 1150 4472; x_wconf 78' lang='lat'><strong>18—26.</strong></span> <span class='ocrx_word' id='word_1_447' title='bbox 1189 4438 1239 4487; x_wconf 90' lang='lat' dir='ltr'><strong>p.</strong></span> <span class='ocrx_word' id='word_1_448' title='bbox 1275 4422 1311 4471; x_wconf 84' lang='lat' dir='ltr'><strong>i.</strong></span> 
     </span>
    </p>
   </div>
  </div>
 </body>
</html>
