3267 5259
599 408 730 478 402
1340 418 1456 468 nist.
1486 418 1593 467 Rev.
1622 417 1714 467 div.
1743 420 1912 467 Period.
1941 416 1999 467 11.
2020 432 2118 476 cap.
2145 417 2342 476 primum.

600 609 675 665 ut
716 600 1101 685 importunis
1146 600 1360 686 ipsum
1402 598 1591 663 malis
1636 609 1871 685 urgeat
1893 602 1931 662 ¹.
1979 598 2102 663 His
2145 597 2462 663 nonnulla
2505 596 2688 661 addit
2735 594 2815 661 de
2865 616 3052 661 amore

603 734 720 778 suo
766 714 836 777 in
880 710 1284 795 Corinthios,
1361 711 1578 798 deque
1636 712 2040 796 integritate,
2119 733 2252 798 qua
2301 713 2443 796 ipse
2491 731 2641 775 cum
2685 712 2878 775 sociis
2918 711 3058 774 inter

603 848 717 891 eos
764 828 989 911 egerit.
1049 823 1251 889 Suum
1296 824 1510 890 denuo
1560 824 1908 889 Corinthiis
1954 823 2311 888 adventum
2352 822 2716 910 pollicetur,
2769 832 3056 907 rogatque

602 949 675 1003 ut
720 940 1051 1024 corrigant
1092 938 1251 1001 vitia
1296 958 1467 1023 quae
1512 936 1730 1002 adhuc
1761 937 1941 1022 apud
1969 937 2146 1022 ipsos
2174 936 2674 1023 reperiebantur
2689 937 2746 1020 ²3
2791 934 3052 1020 talesque

602 1074 673 1117 se
718 1060 1085 1137 praestent,
1164 1050 1390 1137 quales
1436 1048 1519 1115 ab
1568 1048 1889 1135 Apostolo
1949 1073 2098 1115 cum
2161 1058 2487 1136 potestate
2545 1058 2825 1114 venturo
2891 1046 3060 1111 velint

605 1166 901 1229 inveniri.
980 1162 1293 1228 Sedulam
1338 1166 1559 1250 itaque
1605 1171 1930 1229 navarent
1974 1185 2265 1250 operam,
2313 1172 2384 1229 ut
2426 1161 2726 1249 Apostoli
2773 1160 3060 1225 adventus

604 1278 687 1341 sit
750 1275 1170 1362 benignitatis
1230 1300 1365 1342 non
1422 1278 1579 1341 irae.
1659 1277 1864 1363 Optat
1933 1278 2128 1341 etiam
2197 1286 2394 1362 atque
2464 1278 2660 1341 etiam
2729 1274 3056 1361 perfectam

603 1389 1084 1455 Corinthiorum
1129 1390 1457 1474 virtutem,
1504 1392 1717 1476 sitque
1765 1412 1896 1454 una
1941 1398 2139 1474 atque
2187 1388 2420 1453 eadem
2463 1390 2912 1452 universorum
2943 1407 3058 1449 sen·

600 1505 823 1567 tentia.
885 1502 1129 1567 Pacem
1177 1524 1569 1568 conservare
1616 1502 1941 1585 studeant,
1991 1512 2058 1566 et
2101 1502 2288 1567 Deus
2331 1502 2514 1588 pacis
2559 1510 2759 1586 atque
2806 1498 3058 1565 caritatis

601 1625 831 1681 auctor
878 1618 1000 1681 erit
1045 1639 1195 1681 cum
1239 1618 1414 1701 ipsis.
1492 1616 1799 1701 Denique
1847 1638 2073 1680 omnes
2137 1638 2254 1682 suo
2318 1624 2384 1679 et
2442 1616 2769 1679 sociorum
2829 1612 3059 1676 nomine

602 1727 855 1793 salvere
900 1727 1085 1794 iubet
1102 1732 1146 1793 ³.

814 1992 850 2056 ¹)
884 1991 954 2041 11.
984 1993 1064 2053 12,
1094 1993 1277 2041 1-10,
1308 1991 1368 2039 V.
1404 2008 1456 2056 p.
1484 1994 1601 2041 340.
1628 2006 1670 2039 s.
1735 1990 1776 2055 2)
1802 1990 2218 2051 Aemulationes,
2255 1991 2384 2050 irae,
2423 1990 2861 2050 obtrectationes,
2896 1988 3060 2038 foedae

605 2080 955 2145 impuritates.
1028 2078 1070 2143 ³)
1096 2076 1173 2131 C.
1216 2080 1295 2128 13.
1352 2079 1469 2129 Non
1508 2079 1684 2143 potuit
1729 2082 1908 2127 autem
1943 2076 2231 2142 Apostolus
2269 2082 2376 2125 tam
2421 2076 2644 2137 multos,
2695 2076 2790 2141 qui
2835 2078 2885 2125 in
2931 2080 3061 2123 coetu

602 2164 944 2215 Corinthiaco
981 2164 1321 2214 invaluerant
1357 2164 1558 2214 abusus
1596 2166 1835 2231 vitiaque
1871 2164 2084 2231 penitus
2121 2162 2335 2227 tollere3
2373 2162 2582 2228 aliquot
2617 2164 2758 2212 enim
2786 2168 2905 2227 post
2935 2162 3065 2210 annis

602 2251 651 2301 d.
698 2252 959 2313 Clemens,
1000 2250 1052 2301 S.
1096 2251 1239 2301 Petri
1278 2251 1589 2318 discipulus,
1628 2252 1904 2302 Romanus
1957 2250 2228 2311 Pontifex,
2285 2248 2499 2299 eosdem
2555 2264 2740 2299 rursus
2793 2247 3064 2299 Corinthios

602 2338 927 2401 ambitionis,
980 2338 1288 2403 superbiae,
1342 2339 1742 2388 contentionum
1789 2342 1842 2387 et
1879 2336 2286 2399 dissensionum,
2334 2335 2684 2385 celeberrima
2730 2335 2802 2385 ad
2837 2352 2928 2385 eos
2959 2333 3066 2382 data

600 2424 828 2490 epistola
865 2426 1121 2491 coarguit.
1172 2423 1254 2475 cf.
1292 2425 1553 2490 epistolae
1592 2424 1646 2475 S.
1683 2424 1974 2475 Clementis
2009 2424 2051 2474 1.
2089 2440 2134 2473 c.
2170 2426 2218 2473 3.
2253 2426 2304 2473 4.
2339 2424 2388 2472 5.
2425 2439 2476 2489 p.
2511 2424 2597 2473 59.
2633 2438 2675 2471 s.
2703 2438 2751 2473 c.
2778 2424 2860 2473 13.
2895 2424 2971 2471 14.
2999 2422 3065 2469 15.

598 2527 651 2576 p.
681 2513 763 2562 73.
788 2528 831 2561 s.
868 2526 913 2561 c.
941 2512 1023 2561 38.
1050 2526 1091 2561 s.
1129 2527 1180 2576 p.
1209 2512 1325 2561 107.
1353 2526 1394 2561 s.
1432 2526 1479 2561 c.
1514 2512 1599 2561 57.
1636 2528 1689 2576 p.
1730 2513 1847 2561 133.
1895 2510 2196 2561 Dicendum
2235 2511 2396 2559 etiam
2431 2514 2516 2559 est
2549 2512 2610 2563 de
2643 2510 2889 2563 scribendi
2919 2526 3066 2577 ymen

598 2599 747 2651 huius
782 2598 1037 2667 epistolae,
1076 2596 1221 2664 quod
1257 2597 1453 2663 paulo
1494 2597 1728 2648 durius
1765 2596 2179 2663 deprehenditur
2223 2596 2293 2645 ab
2343 2596 2584 2647 eruditis.
2647 2596 2782 2647 Cum
2819 2596 2868 2646 d.
2893 2593 3068 2645 Paulus

598 2682 883 2734 fervidiore
920 2683 1135 2749 ingenio
1174 2684 1449 2749 praeditus
1487 2689 1652 2746 esset,
1692 2689 1746 2733 et
1781 2684 1851 2734 ad
1887 2684 2157 2749 longiores
2195 2684 2711 2749 argumentationes,
2751 2688 2943 2733 natura
2977 2696 3067 2730 non

598 2772 769 2835 magis
819 2784 978 2836 quam
1028 2770 1335 2835 disciplina,
1386 2785 1494 2837 qua
1540 2770 1777 2822 imbutus
1823 2776 1964 2833 erat,
2013 2786 2214 2836 pronus
2263 2770 2450 2835 fuerit3
2502 2770 2718 2837 quando
2776 2769 3070 2820 concitatius

600 2856 905 2922 loquentem
950 2858 1265 2923 excipientis
1314 2858 1551 2909 calamus
1600 2860 1756 2923 sequi
1800 2872 1910 2908 non
1946 2864 2153 2924 posset,
2201 2859 2400 2909 factum
2435 2862 2496 2908 ut
2529 2857 2740 2924 periodi
2787 2856 3068 2923 ampliores,

599 2943 972 3007 digressiones,
1011 2944 1349 3005 anacolutha,
1395 2944 1728 3010 antapodota
1763 2944 1978 3010 aliaque
2013 2944 2170 2996 huius
2207 2946 2418 3011 generis
2455 2945 2756 3010 singularia
2791 2945 2846 2993 in
2881 2943 3070 3005 scriptis

598 3029 757 3079 Pauli
782 3030 1060 3080 orirentur.
1102 3030 1186 3081 Ad
1220 3031 1327 3080 ista
1350 3032 1577 3081 accessit
1602 3032 1812 3082 animus
1837 3032 2000 3082 variis
2026 3031 2092 3081 de
2117 3032 2294 3081 causis
2321 3031 2504 3097 gaudii
2529 3030 2838 3096 dolorisque
2871 3029 3070 3079 diversis

599 3115 879 3166 affectibus
918 3122 1227 3167 commotus.
1284 3116 1551 3167 Gaudium
1590 3116 1820 3183 quidem,
1860 3133 1966 3182 quo
1994 3117 2234 3183 Apostoli
2265 3119 2478 3168 animus
2513 3118 2796 3183 perculsus
2831 3117 2940 3178 fuit,
2976 3119 3072 3164 tota

598 3217 728 3269 prae
754 3218 811 3252 se
830 3203 934 3253 sert
952 3203 1206 3268 epistola3
1226 3203 1351 3253 huic
1376 3208 1555 3253 autem
1580 3204 1939 3269 iungebantur
1957 3202 2182 3255 affectus
2201 3203 2582 3265 admirationis,
2603 3204 2734 3269 spei,
2757 3204 2960 3253 amoris.
2979 3198 3072 3251 Sed

600 3290 901 3341 dominatur
934 3296 1216 3355 praeterea
1252 3290 1453 3339 doloris
1478 3304 1668 3341 sensus
1695 3306 1760 3339 ex
1787 3288 2180 3340 Corinthiorum
2217 3291 2386 3351 vitiis,
2429 3290 2688 3351 dissidiis,
2721 3290 2832 3351 iris,
2866 3286 3069 3355 pseudo-

598 3377 881 3442 apostolis,
928 3392 957 3426 e
994 3377 1315 3427 necessitate
1358 3376 1619 3427 texendae
1656 3376 1758 3426 sibi
1795 3376 2104 3443 apologiae3
2143 3378 2273 3441 quia
2307 3378 2515 3443 quoties
2550 3376 2758 3426 Paulus
2795 3376 2863 3426 de
2897 3390 2952 3426 se
2985 3374 3072 3423 fari

600 3463 775 3526 debet,
799 3464 958 3513 toties
981 3464 1191 3529 ingrato
1218 3468 1271 3513 et
1306 3462 1527 3513 molesto
1564 3478 1728 3515 sensu
1765 3467 2004 3513 vexatur.
2048 3464 2242 3529 Itaque
2268 3479 2375 3514 non
2411 3464 2600 3513 mirum
2635 3463 2737 3513 has
2761 3464 3070 3529 potissimum

598 3550 781 3599 literas
805 3550 874 3599 11.
900 3550 969 3601 ad
996 3550 1296 3601 Corinthios
1330 3552 1617 3601 incomtum
1657 3558 1710 3601 et
1733 3566 1982 3617 asperum
2016 3550 2230 3600 dicendi
2255 3565 2422 3616 genus
2447 3550 2716 3601 exhibere.
2752 3553 2847 3604 Est
2861 3567 3004 3621 por-ro
3023 3549 3070 3598 in

598 3638 877 3706 quaestione
904 3639 1119 3707 positum
1152 3644 1324 3691 utrum
1348 3644 1441 3691 tres
1463 3638 1694 3708 epistolae
1716 3640 1918 3705 fuer-int
1955 3639 2024 3691 ad
2053 3638 2329 3691 Corinthios
2363 3640 2611 3707 scriptae!
2645 3640 2680 3687 i.
2707 3654 2754 3688 e.
2793 3653 2863 3688 an
2899 3636 2938 3686 L
2960 3638 3007 3695 5,
3027 3634 3069 3682 9.

600 3719 824 3792 „type-iva
846 3720 959 3791 ὑμῖν
986 3720 1032 3772 ἐν
1055 3724 1113 3792 τῇ
1142 3720 1431 3793 ἐπιστολῇ“;
1460 3724 1526 3773 de
1556 3724 1697 3774 alia
1723 3729 1879 3775 ante
1910 3726 2182 3791 primam
2214 3724 2456 3789 epistola,
2496 3740 2655 3789 quam
2681 3724 2754 3773 ad
2787 3722 3068 3774 Corinthios

602 3812 906 3875 scripserat,
934 3824 1073 3875 quae
1092 3816 1283 3875 postea
1300 3810 1599 3860 intercidit?
1622 3811 1802 3876 Ipsam
1821 3810 1961 3861 hanc
1981 3810 2262 3875 epistolam
2287 3814 2520 3861 nostram
2545 3812 2780 3876 supponi
2805 3811 3071 3860 arbitratur

600 3896 652 3945 S.
678 3897 917 3947 Joannes
944 3896 1368 3960 chrysostomus,
1408 3896 1547 3947 hom.
1575 3897 1716 3947 XVI.
1741 3898 1798 3946 in
1824 3914 1906 3963 ep.
1931 3898 1974 3947 1.
2001 3897 2072 3947 ad
2097 3896 2219 3947 Cor.
2243 3912 2296 3946 n.
2326 3898 2370 3947 1.
2399 3913 2449 3961 p.
2479 3898 2595 3946 134.
2627 3902 2684 3947 et
2707 3896 3068 3949 Theodorems‚

596 3985 815 4049 interpr.
836 3982 907 4033 ad
925 3981 977 4033 h.
990 3982 1025 4031 l.
1041 3999 1091 4047 p.
1111 3984 1226 4033 193.
1252 3979 1377 4043 „onix
1396 3979 1443 4033 ἐν
1468 3976 1615 4052 ἄλλῃ,
1636 3977 1753 4033 ἄλλ’
1775 3980 1822 4033 ἐν
1839 3982 2052 4053 ταύτῃ“;
2080 3983 2370 4049 dicuntque
2387 3983 2706 4048 Apostolum
2731 3984 2800 4034 ad
2825 4000 2874 4033 v.
2889 3986 2936 4032 2.
2957 3988 3007 4031 et
3027 3981 3067 4028 7.

600 4069 833 4120 eiusdem
870 4069 1063 4134 capitis
1100 4071 1383 4135 respicere.
1442 4070 1509 4119 In
1546 4070 1772 4120 eandem
1807 4072 2296 4137 interpretationem
2334 4071 2584 4121 abierunt
2619 4070 2672 4121 J.
2709 4070 2982 4131 Faustius,
3017 4069 3068 4116 in

600 4157 813 4207 exercit.
854 4156 919 4205 de
956 4172 1039 4222 ep.
1076 4156 1119 4206 1.
1148 4156 1215 4206 ad
1242 4156 1365 4207 Cor.
1389 4156 1605 4221 Argent.
1636 4159 1786 4208 1671.
1837 4158 2067 4221 Tirinus,
2107 4158 2175 4208 ad
2207 4157 2259 4207 h.
2294 4157 2328 4208 l.
2368 4157 2438 4220 11,
2465 4159 2586 4207 203.
2633 4158 2928 4219 Fabricius,
2963 4153 3070 4204 cod.

604 4256 781 4308 apocr.
821 4260 872 4308 p.
910 4244 1026 4292 920.
1075 4242 1248 4306 Wolf,
1282 4258 1391 4292 cur.
1428 4242 1559 4307 phil.
1596 4248 1650 4293 et
1686 4244 1800 4294 crit.
1837 4244 1907 4294 ad
1942 4243 1992 4294 h.
2029 4244 2065 4294 l.
2113 4262 2164 4310 p.
2203 4246 2321 4294 372.
2371 4243 2634 4306 Guerike,
2672 4245 2907 4295 Neutest.
2939 4242 3071 4305 Isag-

602 4346 652 4393 p.
688 4332 823 4390 291„
864 4334 1025 4395 atque
1059 4328 1141 4378 illi
1178 4334 1473 4395 provocant
1508 4329 1578 4379 ad
1615 4330 1840 4381 similem
1875 4330 2112 4397 phrasim
2157 4332 2202 4381 Ι.
2235 4330 2422 4382 Thess.
2456 4334 2514 4393 5,
2553 4333 2639 4381 27.
2691 4332 2840 4381 Rom.
2876 4332 2958 4392 16,
2996 4329 3070 4377 22.

601 4412 805 4465 Coloss.
832 4418 881 4479 4,
911 4418 991 4466 16.
1042 4417 1227 4482 Neque
1265 4418 1442 4467 obstat
1478 4416 1613 4467 illud
1650 4415 1788 4478 „vuvi
1823 4414 1910 4467 δὲ’(
1946 4434 1997 4469 V.
2039 4420 2119 4468 11.
2157 4422 2343 4483 utpote
2383 4417 2526 4484 quod
2563 4432 2672 4469 non
2717 4432 2918 4483 semper
2950 4422 3072 4464 nota

600 4504 684 4549 est
716 4503 983 4567 temporis,
1010 4502 1106 4552 sed
1128 4504 1483 4567 transitionis3
1522 4518 1571 4553 a.
1598 4504 1650 4553 d.
1685 4505 1873 4569 scripsi
1904 4504 2058 4555 vobis
2089 4504 2191 4553 hac
2215 4509 2498 4569 praesente
2524 4504 2770 4570 epistola,
2803 4508 3074 4569 propterea

600 4600 667 4635 ne
704 4588 1003 4637 fornicariis
1040 4590 1458 4640 communicetis.
1518 4590 1640 4641 Non
1677 4590 1916 4641 intellexi
1953 4590 2209 4653 ethnicos,
2247 4592 2340 4656 qui
2375 4590 2586 4641 ferendi
2626 4591 2780 4641 vobis
2814 4594 2945 4652 sunt,
2981 4585 3074 4637 sed
