3267 5259
602 404 733 471 432
1347 416 1467 461 mat.
1498 415 1604 461 Rev.
1634 416 1724 461 div.
1755 414 1924 461 Psi-iod.
1953 418 2011 461 11.
2032 428 2127 471 cap.
2156 416 2353 471 prinum.

601 589 895 657 testibus.
942 591 1023 655 In
1044 600 1304 678 promtu
1334 600 1453 676 est,
1485 594 1928 657 narrationem
1961 592 2024 657 d.
2039 592 2290 676 Lucae,
2321 593 2408 657 ad
2434 615 2585 659 eum
2617 615 2829 679 usque
2859 593 3070 676 locum,

600 702 715 768 ubi
738 702 1116 769 subsisteret
1134 708 1178 788 ¹,
1203 705 1547 791 pervenire
1570 726 1705 769 non
1728 706 2048 791 potuisse:
2076 714 2256 770 ante
2287 705 2530 771 finem
2553 707 2739 771 anni
2765 706 3072 771 secundi

604 818 1095 903 captivitatis
1150 816 1213 883 d.
1246 816 1472 883 Pauli
1526 838 1898 883 romanae
1960 819 2298 903 primae3
2357 840 2686 883 annumve
2749 820 3073 905 insequen-

598 939 753 995 tem.
832 928 996 995 Silet
1038 952 1087 995 s.
1118 929 1341 995 Lucas
1386 928 1469 995 de
1514 931 1824 1015 martyrio
1873 929 1936 995 d.
1966 929 2188 1014 Pauli3
2233 928 2410 995 unde
2455 928 2566 994 illo
2611 939 2914 1016 tempore
2959 952 3069 1016 quo

602 1042 1073 1107 commentario
1123 1064 1240 1106 suo
1300 1052 1662 1107 extremam
1707 1064 1972 1107 manum
2019 1041 2330 1125 admovit,
2375 1040 2770 1127 Apostolum
2815 1042 2886 1106 in
2929 1044 3074 1106 vivis

599 1155 821 1239 fuisse,
863 1164 1045 1219 recte
1094 1154 1523 1220 concluditur.
1567 1154 1675 1219 De
1707 1178 1758 1219 s.
1789 1154 1996 1220 Paulo
2029 1178 2072 1219 a
2112 1155 2376 1220 Nerone
2427 1165 2723 1219 extremo
2773 1153 3075 1241 supplicio

600 1268 839 1333 affecto
858 1317 876 1351 ,
922 1268 1063 1333 sine
1110 1264 1309 1332 dubio
1354 1289 1489 1331 non
1532 1268 1847 1332 tacuisset
1891 1266 1955 1331 d.
1985 1266 2226 1331 Lucas.
2288 1266 2448 1331 Post
2489 1277 2784 1331 vastatas
2829 1265 3073 1331 demum

598 1378 1045 1466 Jerosolymas
1119 1380 1327 1445 Actus
1394 1378 1764 1463 absolut083
1830 1378 2006 1446 nullo
2069 1379 2310 1444 idoneo
2373 1390 2760 1465 argumento
2825 1378 3072 1465 probari

596 1502 815 1579 potest
830 1494 877 1557 ².
942 1492 1109 1558 Cum
1142 1492 1424 1579 denique
1470 1515 1522 1557 s.
1553 1492 1780 1557 Lucae
1811 1490 1992 1578 apud
2033 1491 2098 1557 d.
2134 1491 2413 1557 Paulum
2457 1494 2801 1578 captivum
2839 1491 3071 1557 Romae

594 1606 901 1689 versanti,
949 1614 1014 1669 et
1045 1605 1247 1670 otium
1278 1614 1695 1691 suppeteret3
1741 1614 1811 1669 et
1838 1606 2000 1669 varii
2043 1606 2304 1690 generis
2345 1603 2676 1691 praesidia
2705 1604 2795 1669 ad
2823 1626 3072 1668 manum

596 1716 831 1801 forent,
862 1716 1017 1781 licet
1048 1720 1312 1782 omnino
1336 1720 1361 1762 ³
1406 1739 1659 1782 summa
1691 1738 1842 1781 cum
1878 1716 2434 1782 verisimilitudine
2483 1716 2830 1802 colligere:
2877 1718 3068 1802 ipsum

594 1838 751 1894 tunc
794 1832 863 1893 in
908 1827 1140 1895 eadem
1184 1829 1347 1895 urbe
1392 1830 1603 1895 Actus
1661 1830 2159 1916 conscripsisse,
2221 1839 2418 1916 atque
2464 1828 2716 1894 Romae
2771 1838 2847 1894 ut
2891 1827 3066 1913 depo-

593 1944 789 2007 situm
848 1942 1002 2007 fidei
1062 1942 1451 2009 christianae
1510 1942 1869 2029 reliquisse.
1947 1941 2136 2007 Haec
2196 1943 2250 2007 si
2309 1964 2465 2007 vere
2527 1941 2862 2027 disputata
2918 1952 3066 2020 sunt,

592 2055 893 2141 profecto
940 2054 1151 2119 Actus
1207 2077 1405 2141 quam
1450 2056 1736 2121 maxime
1780 2054 2064 2121 lectione
2125 2055 2423 2141 scituque
2469 2063 2622 2121 sunt
2665 2053 3012 2118 necessarii
3029 2055 3064 2113 ⁴.

594 2165 815 2246 Quare
874 2166 1138 2253 publice
1198 2170 1507 2232 recitatus
1568 2177 1670 2233 est
1727 2166 1833 2232 hic
1895 2166 2100 2233 Liber
2152 2166 2236 2232 ab
2293 2166 2446 2232 olim
2505 2169 2574 2231 in
2629 2164 2948 2231 Ecclesiis
2963 2215 2980 2247 ,
3031 2186 3066 2226 a

591 2289 887 2365 tempore
932 2279 1229 2345 Paschae
1274 2303 1483 2368 usque
1531 2281 1616 2345 ad
1662 2281 2104 2346 Pentecosten
2123 2283 2167 2345 ⁵.

805 2510 843 2574 ι)
878 2509 940 2560 C.
966 2511 1051 2559 28.
1075 2526 1127 2560 v.
1152 2511 1236 2560 31.
1284 2509 1327 2573 ²)
1364 2510 1448 2559 Ex
1472 2510 1521 2571 8,
1548 2512 1633 2559 26.
1673 2514 1880 2575 tempus
1917 2508 2098 2575 colligi
2149 2509 2351 2574 nequit,
2389 2512 2450 2557 ut
2495 2508 2636 2557 enim
2685 2508 2826 2557 bene
2873 2507 3060 2557 monuit

590 2596 865 2659 Wieseler,
904 2595 1155 2647 Chronol.
1190 2595 1239 2645 d.
1266 2602 1439 2662 apost.
1479 2595 1776 2646 Zeitalters.
1811 2612 1866 2661 p.
1899 2596 2018 2645 400.
2057 2610 2108 2645 n.
2149 2597 2196 2645 1.
2231 2610 2284 2644 v.
2321 2590 2479 2657 „siit-12
2517 2590 2648 2643 ἐστιν
2687 2588 2903 2661 Empe&
2939 2593 3059 2643 acci·

589 2682 788 2748 pienda
822 2688 948 2733 sunt
984 2682 1051 2732 de
1074 2683 1165 2732 via
1188 2681 1511 2745 deserta‚-
1551 2681 1748 2747 duplex
1785 2681 1926 2731 enim
1961 2682 2063 2731 fuit
2095 2682 2350 2747 frequens
2386 2686 2442 2731 et
2464 2680 2680 2731 deserta
2701 2708 2771 2717 —
2795 2686 3062 2746 propterea

589 2770 733 2835 quod
771 2769 1051 2835 Philippus
1088 2769 1155 2819 de
1190 2770 1297 2831 via,
1336 2783 1445 2835 qua
1478 2770 1583 2834 ipsi
1620 2769 1849 2819 eundum
1901 2773 2060 2831 esset,
2107 2768 2302 2819 certior
2345 2766 2625 2819 faciendus
2673 2773 2808 2819 erat.
2863 2766 2904 2833 ⁸)
2939 2766 3060 2817 Cum

586 2872 630 2907 s.
668 2856 1013 2921 HieronymO,
1052 2856 1087 2906 l.
1119 2870 1163 2906 s.
1202 2870 1247 2906 c.
1316 2856 1360 2920 ⁴)
1406 2854 1852 2920 Quandoquidem
1907 2854 2042 2905 haec
2093 2855 2337 2905 Historia
2389 2854 2518 2921 quid
2579 2853 2728 2905 aliud
2783 2860 2868 2907 est
2915 2868 3058 2920 quam

586 2942 868 3008 Evangelii
904 2956 1046 3008 pars,
1084 2956 1258 3008 eaque
1292 2958 1403 2993 non
1438 2942 1674 2992 minima.
1733 2942 2008 3008 Siquidem
2043 2940 2155 2991 illic
2190 2941 2527 3004 describitur,
2564 2955 2794 3006 granum
2827 2940 3058 2991 frumenti

586 3028 703 3079 solo
758 3028 1055 3091 conditum,
1109 3028 1198 3078 hic
1256 3029 1600 3091 describitur,
1658 3044 1768 3094 qua
1819 3029 2026 3079 ratione
2080 3029 2278 3094 optime
2329 3028 2490 3078 fuerit
2541 3032 2786 3091 enatum,
2841 3042 3056 3092 suasque

584 3114 844 3181 paulatim
904 3117 1149 3181 aperiens
1198 3130 1263 3166 ac
1310 3116 1585 3182 proferens
1639 3130 1770 3181 opes
1827 3116 2046 3166 sistitur.
2123 3115 2282 3176 Quod
2341 3115 2398 3165 ni
2453 3130 2552 3181 per
2608 3115 2818 3165 Lucam
2875 3128 3054 3181 eogno-

582 3203 873 3265 vissemus,
934 3202 1126 3267 quibus
1184 3202 1351 3253 modis
1410 3202 1656 3253 Christus
1713 3202 2002 3268 reliquerat
2051 3206 2251 3266 terras3
2305 3202 2425 3263 ubi,
2479 3217 2588 3267 quo
2641 3201 2796 3264 loco,
2851 3200 3050 3267 quando

584 3289 864 3340 advenerit
896 3290 1189 3355 promissus
1226 3288 1317 3339 ille
1344 3288 1587 3355 Spiritus,
1626 3290 1824 3355 quibus
1857 3291 2024 3341 initiis
2061 3290 2298 3355 coeperit
2333 3288 2598 3351 Ecclesia,
2635 3289 2834 3354 quibus
2869 3288 3056 3355 pollue-

582 3376 667 3437 rit,
708 3376 903 3441 quibus
942 3377 1167 3427 creverit
1191 3375 1505 3441 rationibus,
1542 3392 1722 3428 nonne
1747 3377 1942 3427 bonam
1967 3376 2248 3443 Evangelii
2283 3381 2492 3442 partem
2523 3378 2934 3441 ignorassemus.
2975 3374 3056 3423 Sic

584 3463 855 3525 Erasmus,
877 3464 941 3513 N.
962 3464 1025 3513 Τ.
1045 3463 1146 3529 Op.
1166 3462 1259 3525 v1,
1277 3465 1399 3513 433.
1425 3464 1469 3529 ⁵)
1494 3464 1656 3514 Teste
1681 3480 1724 3514 s.
1751 3463 2146 3528 chrysostomo,
2169 3464 2228 3513 in
2251 3464 2476 3529 princip.
2495 3464 2612 3513 Act.
2631 3466 2683 3525 4,
2703 3464 2790 3514 85.
2809 3479 2851 3513 s.
2881 3460 3054 3525 „Quod

580 3549 743 3614 igitur
778 3550 1093 3601 Dominicae
1129 3550 1507 3601 resurrectioni
1542 3552 1824 3601 maximam
1860 3549 2016 3601 fidem
2049 3551 2196 3613 facit,
2235 3550 2336 3602 hoc
2373 3551 2551 3601 statim
2595 3555 2719 3617 post
2759 3565 2967 3601 crucem
3007 3554 3056 3597 et

580 3637 723 3687 vitae
770 3636 1091 3703 largitricem
1134 3638 1552 3688 resurectionem
1584 3638 1774 3688 Patres
1815 3638 1920 3703 legi
1957 3643 2272 3689 statuerunt.
2335 3637 2494 3688 Hanc
2529 3638 2692 3703 igitur
2737 3638 2808 3688 ob
2849 3650 3056 3687 causam

582 3723 925 3788 dilectissimi,
950 3726 1132 3775 statim
1157 3729 1281 3791 post
1298 3740 1509 3775 crucem
1530 3729 1584 3775 et
1600 3725 2040 3775 resurrectionem
2068 3723 2326 3775 miracula
2349 3724 2577 3790 legimus
2598 3725 2980 3790 apostolorum,
3003 3729 3058 3771 ut

580 3812 915 3861 manifestam
943 3817 996 3861 et
1020 3812 1372 3863 indubitatam
1398 3812 1804 3863 resurrectionis
1827 3812 2194 3877 probationem
2214 3811 2554 3862 habeamus.“
2581 3828 2632 3861 n.
2655 3814 2705 3863 6.
2725 3829 2780 3878 p.
2799 3815 2882 3863 90.
2905 3811 3058 3861 Paria

578 3897 741 3947 habet
776 3898 1090 3961 Euthalius,
1128 3899 1355 3949 Actuum
1396 3898 1622 3965 apostol.
1659 3903 1715 3949 et
1747 3898 1888 3949 XIV.
1923 3912 1965 3947 s.
2003 3897 2160 3949 Pauli
2195 3898 2472 3964 aliarumq.
2520 3900 2563 3947 V
2567 3898 2639 3949 n.
2683 3900 3055 3950 catholicarum

578 4000 660 4050 ep.
688 3986 769 4035 ed.
789 3986 939 4035 Rom.
967 3986 1120 4037 1698.
1148 4002 1193 4036 c.
1219 3985 1280 4036 A.
1308 3986 1575 4051 zacagnio
1601 3985 1683 4035 ed.
1709 3986 1764 4035 in
1791 3984 1926 4035 Con.
1951 3999 2091 4035 mon.
2117 4001 2168 4034 v.
2195 3986 2260 4035 E.
2286 4002 2336 4051 g.
2361 4002 2413 4051 p.
2437 3988 2558 4036 443.
2597 3986 2846 4037 Eundem
2867 4002 3055 4037 morem

574 4074 631 4122 in
666 4072 918 4123 Ecclesia
940 4073 1141 4123 Latina
1165 4074 1523 4136 observatum,
1550 4077 1776 4139 apparet
1811 4088 1877 4122 ex
1909 4072 1961 4122 S.
1999 4072 2362 4139 Augustini
2393 4074 2511 4137 Ep„
2549 4074 2606 4122 in
2628 4074 2830 4125 Joann.
2853 4075 3054 4138 Evang.

576 4174 621 4209 c.
670 4166 708 4209 t.
754 4164 908 4209 tract.
953 4159 1045 4209 VI.
1093 4174 1235 4210 num.
1287 4162 1369 4211 18.
1418 4176 1469 4225 p.
1518 4162 1636 4210 337.
1704 4160 1900 4221 „Actus
1948 4158 2325 4225 Apostolorum
2375 4164 2536 4210 testes
2591 4164 2743 4223 sunt,
2793 4160 2884 4211 ille
2929 4160 3056 4209 liber

577 4246 869 4297 canonicus
895 4247 1037 4296 omni
1062 4260 1205 4297 anno
1240 4247 1295 4295 in
1319 4244 1571 4296 Ecclesia
1594 4246 1917 4297 recitandus.
1953 4246 2335 4295 Anniversaria
2356 4245 2680 4296 solennitate
2705 4252 2830 4312 post
2853 4248 3052 4297 Passio·

576 4348 698 4382 nem
734 4332 950 4383 Domini
988 4334 1156 4384 nostri
1192 4332 1385 4383 librum
1420 4331 1571 4383 illum
1608 4334 1870 4383 recitari.“
1910 4332 2015 4382 Hic
2049 4332 2186 4383 forte
2229 4337 2284 4381 et
2317 4332 2372 4381 id
2407 4348 2518 4382 non
2553 4332 2864 4399 displicebit
2895 4348 3052 4383 anno-

572 4424 733 4479 tasse,
770 4419 935 4469 Actus
972 4419 1345 4485 Apostolorum
1381 4418 1497 4470 dari
1534 4434 1826 4485 apocryp
1839 4404 1998 4482 hos3'
2017 4420 2110 4484 qui
2146 4418 2360 4484 quidem
2395 4434 2504 4469 non
2539 4426 2650 4470 tam
2683 4420 3052 4471 ecclesiasticis

572 4504 948 4556 traditionibus
983 4505 1329 4571 complendis,
1368 4520 1529 4571 quam
1556 4505 1870 4557 haeresibus
1907 4504 2240 4556 stabiliendis
2264 4506 2484 4569 inventi,
2507 4505 2740 4572 fletaque
2765 4505 3052 4573 apostolica

572 4592 891 4641 auctoritate
928 4593 1302 4643 inserviebant.
1340 4592 1409 4642 D.
1435 4592 1485 4642 h.
1514 4608 1565 4643 v.
1596 4592 1796 4669 Comm.
1834 4592 1900 4642 de
1938 4592 1990 4642 S.
2029 4590 2084 4641 S.
2123 4607 2169 4641 e.
2205 4593 2646 4659 interpretatione
2683 4611 2726 4645 s.
2765 4595 2799 4644 l.
