3267 5259
1276 1392 2404 1491 COMMENTATIO

1588 1598 1673 1647 DE
1713 1596 2080 1648 FONTIBUS

686 1728 803 1802 EX
848 1724 1157 1806 QUIBUS
1204 1724 1657 1801 HISTORIAE
1701 1724 2010 1801 DOMINI
2055 1724 2115 1799 N
2117 1722 2349 1799 OSTRI
2393 1724 2438 1798 J
2445 1722 2602 1797 ESU
2648 1722 2974 1798 CHRISTI

1330 1876 1337 1881 ’
1486 1876 2188 1943 COGNOSCUNTUR.

1386 2158 1596 2234 §.AL
1658 2152 2281 2237 Praeloquium.

794 2365 973 2415 Prima
1008 2364 1364 2413 Historiarum
1402 2364 1539 2413 Novi
1574 2362 1904 2413 Testamenti
1951 2361 2171 2426 periodo
2221 2363 2590 2411 enarravimus
2637 2362 2788 2411 facta
2837 2370 2891 2411 et
2935 2362 3068 2411 dicta

586 2452 803 2501 Domini
821 2452 1001 2500 Nostri
1014 2450 1049 2499 J
1052 2466 1147 2501 esu
1168 2449 1389 2513 Christi3
1408 2451 1633 2515 ipsaque
1654 2450 2094 2499 monimentorum
2113 2448 2282 2497 verba
2299 2448 2442 2497 unde
2462 2448 2558 2497 illa
2577 2447 2933 2510 hauserimus,
2949 2450 3068 2499 satis

585 2538 801 2603 copiose
838 2537 1235 2602 adscripsimus.
1290 2536 1415 2585 Jam
1439 2535 1557 2585 Deo
1595 2535 1734 2585 bene
1770 2536 2000 2600 propitio
2039 2534 2290 2583 Historiis
2327 2536 2573 2599 emensis,
2612 2536 3068 2585 commentandum

584 2628 776 2687 restat,
826 2622 891 2673 de
928 2622 1165 2672 sontibus
1203 2638 1269 2671 ex
1305 2622 1499 2687 quibus
1537 2622 1810 2671 Historiae
1845 2621 1911 2670 D.
1940 2622 2004 2669 N.
2029 2620 2082 2670 J.
2117 2620 2174 2669 C.
2221 2626 2633 2685 cognoscuntur.
2697 2620 2848 2671 Inter
2882 2628 3070 2675 cuncta

585 2726 711 2759 vero
750 2710 1076 2760 monimenta
1110 2708 1215 2758 huc
1250 2710 1507 2758 facientia
1532 2710 1768 2758 eminent
1801 2708 2133 2759 sacrosancti
2155 2707 2308 2757 Libri
2334 2712 2566 2772 quatuor
2589 2708 3068 2773 Evangelistarum‚

588 2797 679 2861 qui
736 2796 1069 2846 Divinissimi
1119 2794 1412 2845 Salvatoris
1462 2795 1632 2856 dicta,
1682 2796 1796 2844 fata
1845 2794 2096 2859 factaque
2155 2793 2474 2843 referebant.
2551 2794 2878 2845 Latissimus
2934 2804 3074 2860 patet

586 2897 821 2947 campus,
847 2884 903 2931 in
930 2897 1035 2947 quo
1060 2882 1262 2931 utiliter
1286 2898 1583 2952 excurrere,
1612 2886 1666 2931 et
1685 2895 1890 2931 summa
1909 2896 2028 2929 cum
2047 2880 2322 2945 voluptate
2349 2879 2644 2930 diutissime
2673 2882 2830 2946 qua-si
2855 2882 3072 2947 spatiari

584 2983 885 3034 possumus.
943 2968 1196 3018 Certatim
1223 2974 1277 3018 et
1302 2969 1482 3019 dedita
1515 2984 1682 3033 opera
1705 2973 1918 3033 praeter
1941 2982 1982 3017 s.
2001 2968 2062 3017 P.
2091 2972 2146 3016 et
2169 2964 2222 3015 S.
2243 2982 2288 3015 e.
2323 2967 2380 3015 in
2403 2966 2708 3031 Evangelia
2733 2968 3070 3018 commentati

586 3060 711 3105 sunt
760 3071 823 3104 ex
872 3057 1096 3106 nostris:
1160 3054 1352 3107 Santes
1400 3056 1700 3121 Pagninus,
1747 3055 1973 3121 Isagoge
2019 3055 2088 3103 ad
2141 3069 2184 3103 s.
2221 3053 2450 3103 Literas.
2495 3054 2628 3103 Luc.
2669 3056 2826 3104 1536.
2901 3053 3074 3103 Sixtus

586 3140 864 3205 Senensis,
922 3142 1261 3193 Bibliotheca
1313 3147 1503 3194 sancta
1556 3158 1620 3191 ex
1677 3142 1980 3207 praecipuis
2037 3140 2174 3190 cath.
2239 3140 2370 3190 cccl.
2409 3145 2550 3191 auct.
2591 3140 2715 3191 coll.
2753 3142 2890 3191 Ven.
2931 3144 3075 3191 1566.

584 3228 647 3277 R.
674 3226 871 3292 Simon,
897 3229 1035 3278 Hist.
1064 3230 1178 3279 crit.
1216 3229 1287 3279 du
1310 3230 1479 3280 Texte
1506 3229 1577 3278 du
1602 3230 1668 3278 N.
1695 3230 1756 3278 Τ.
1783 3228 2021 3278 Rotterd.
2051 3228 2200 3277 1689.
2234 3228 2298 3277 L.
2324 3228 2391 3277 E.
2420 3228 2494 3277 du
2517 3228 2634 3290 Pin,
2662 3228 3074 3297 Prolegomenes

585 3330 677 3364 sur
712 3315 767 3364 la
800 3315 973 3365 Bible.
1011 3315 1273 3366 Amsterd.
1314 3318 1465 3367 1701.
1492 3316 1583 3364 lat.
1611 3316 1734 3366 don.
1761 3315 1882 3365 Par.
1911 3317 2060 3365 1692.
2107 3314 2264 3380 Alph.
2301 3313 2580 3365 Salmeron
2606 3314 2660 3365 S.
2686 3316 2756 3377 J.,
2795 3315 3000 3365 Comm.
3025 3317 3074 3363 in

584 3402 792 3468 Evang.
830 3402 1017 3453 Colon.
1060 3404 1209 3452 1612.
1269 3403 1532 3452 Antonius
1582 3416 1616 3451 a
1661 3403 1836 3451 Matre
1883 3401 2010 3463 Dei,
2060 3401 2348 3451 Praeludia
2391 3402 2684 3467 isagogica.
2737 3402 2890 3468 Mog.
2929 3406 3074 3453 1670.

586 3486 844 3539 Claudius
880 3490 1129 3551 Frassen‚
1168 3489 1585 3554 Disquisitiones
1622 3488 1853 3538 biblicae
1890 3488 1981 3540 IV.
2009 3488 2042 3536 1.
2075 3488 2509 3553 comprehensae.
2563 3488 2686 3537 Par.
2713 3488 2799 3537 ed.
2827 3489 2900 3539 11.
2931 3491 3074 3539 1711.

586 3573 874 3637 Calmetus,
911 3576 967 3623 in
1004 3574 1293 3639 prolegom.
1340 3574 1539 3624 Comm.
1564 3574 1642 3624 lit.
1668 3576 1732 3623 N.
1759 3576 1821 3624 T.
1846 3576 2046 3639 passim
2070 3574 2122 3623 J.
2149 3574 2470 3640 Martianay,
2507 3572 2666 3623 1ταίιέ
2705 3575 2772 3623 de
2817 3576 2874 3625 la
2909 3574 3074 3625 verite

584 3664 639 3709 et
662 3662 1047 3712 connaissance
1075 3660 1167 3711 des
1192 3662 1380 3711 Livres
1419 3660 1485 3711 de
1510 3661 1564 3711 la
1590 3660 1644 3710 S.
1669 3642 1931 3710 floriture.
1981 3661 2103 3709 Par.
2133 3662 2282 3710 1689.
2312 3662 2462 3711 1699.
2513 3660 2726 3710 Natalis
2751 3661 3074 3721 Alexander,

584 3746 725 3796 Hist.
757 3748 907 3797 Eccl.
942 3747 1025 3797 ed.
1059 3748 1182 3796 Par.
1220 3748 1369 3797 1730.
1416 3747 1515 3809 ΙΙΙ,
1550 3748 1633 3797 26.
1679 3764 1720 3797 s.
1745 3748 1987 3797 Joannes
2024 3747 2090 3795 de
2127 3746 2182 3797 la
2215 3748 2390 3812 Halys,
2427 3746 2567 3797 Bibl.
2605 3762 2744 3797 max.
2771 3750 2898 3799 Par.
2929 3752 3076 3799 1660.

583 3833 689 3883 vol.
724 3832 872 3882 xm.
898 3833 960 3883 B.
986 3832 1173 3897 Lamy,
1199 3834 1396 3899 Appar.
1432 3833 1501 3882 ad
1536 3834 1736 3883 Comm.
1769 3833 1826 3883 in
1851 3834 2033 3883 Harm.
2069 3848 2258 3899 evang.
2296 3835 2418 3883 Par.
2457 3836 2607 3885 1699.
2656 3836 2727 3884 H.
2755 3835 3076 3901 Goldhsgen

585 3918 637 3969 S.
663 3920 732 3981 J„
767 3919 968 3969 Introd.
1004 3920 1061 3969 in
1096 3918 1149 3967 S.
1177 3918 1229 3967 S.
1255 3920 1319 3968 N.
1346 3920 1407 3969 T.
1432 3919 1675 3985 Mogunt.
1717 3922 1866 3971 1786.
1917 3920 2216 3983 Seemiller,
2253 3922 2476 3971 institut.
2511 3921 2584 3970 ad
2611 3922 2896 3987 interpret.
2935 3922 2992 3971 S.
3025 3924 3076 3971 S.

582 4006 718 4071 Aug.
744 4006 900 4055 vind.
930 4008 1080 4055 1779.
1126 4006 1177 4055 J.
1205 4006 1268 4054 N.
1296 4004 1565 4069 Schaefer,
1604 4008 1967 4058 institutiones
2005 4008 2450 4072 Scripturisticae.
2495 4008 2826 4073 Moguntiac.
2853 4009 2898 4059 Ι.
2927 4012 3078 4059 1790.

583 4092 651 4142 11.
684 4095 833 4142 1791.
884 4092 973 4142 Gr.
1000 4092 1203 4157 Mayer,
1228 4090 1513 4143 Anthentie
1552 4093 1662 4142 und
1701 4081 1991 4144 Oeonomie
2030 4094 2123 4143 der
2159 4094 2308 4158 gottl.
2344 4093 2492 4143 Schr.
2531 4094 2624 4144 des
2662 4094 2728 4144 N.
2753 4094 2820 4144 B.
2847 4096 3076 4145 Vindob.

586 4182 737 4229 1793.
786 4179 1032 4241 Der-eser,
1072 4196 1113 4229 s.
1149 4196 1190 4230 s.
1228 4194 1365 4228 nom.
1406 4179 1469 4229 de
1506 4180 1770 4242 Ratheim,
1807 4182 2053 4231 notiones
2089 4181 2368 4246 generales
2404 4182 2585 4231 Herm.
2621 4196 2664 4231 s.
2701 4182 2764 4231 N.
2803 4183 2868 4231 Τ.
2903 4182 3077 4233 Bonn.

586 4268 737 4317 1786.
785 4266 853 4315 H.
880 4266 1145 4331 Bezange,
1174 4265 1374 4316 Introd.
1399 4267 1455 4315 in
1482 4265 1535 4315 S.
1562 4283 1611 4331 q.
1639 4268 1846 4331 Evang.
1874 4268 1987 4317 crit.
2013 4267 2177 4317 herm.
2213 4268 2335 4318 hist.
2365 4268 2500 4317 Ven.
2539 4270 2690 4318 1775.
2739 4269 2810 4318 D.
2837 4270 3078 4331 Tobenz,

584 4352 783 4402 Comm.
809 4354 863 4402 in
892 4352 943 4402 S.
972 4352 1024 4401 S.
1050 4353 1115 4401 N.
1141 4354 1201 4403 T.
1228 4352 1457 4403 vindob.
1487 4354 1636 4404 1804.
1673 4354 1716 4403 1.
1753 4354 1888 4419 prol.
1913 4355 1975 4403 A.
2003 4354 2369 4417 Sandbichler,
2402 4354 2516 4405 bes.
2539 4354 2682 4405 Einl.
2708 4356 2766 4405 iu
2791 4356 2882 4405 die
2905 4356 3080 4407 Biich.

585 4438 633 4488 d.
660 4440 725 4488 N.
750 4438 811 4487 B.
840 4438 1117 4505 Salzburg.
1146 4441 1295 4489 1718.
1320 4440 1417 4489 ΠΙ.
1442 4456 1493 4489 v.
1542 4440 1604 4489 L.
1640 4440 1797 4490 Veith
1832 4440 1884 4491 S.
1919 4441 1988 4502 J„
2027 4440 2302 4507 Scriptura
2337 4440 2506 4491 Sacra
2541 4446 2732 4491 contra
2763 4442 3081 4492 incredulos

583 4530 937 4590 propugnata,
975 4527 1032 4575 in
1067 4527 1247 4591 Migne
1287 4525 1339 4576 S.
1367 4526 1419 4577 S.
1448 4526 1622 4577 Cursu
1662 4528 1852 4593 compl.
1881 4529 2032 4577 1841.
2067 4528 2161 4590 IV,
2189 4530 2305 4579 635.
2353 4528 2407 4578 J.
2437 4529 2500 4578 L.
2531 4528 2676 4594 Hug,
2713 4528 2859 4578 Einl.
2895 4530 2954 4578 in
2995 4528 3082 4578 die

584 4610 731 4661 Schr.
768 4611 818 4661 d.
854 4612 919 4662 N.
956 4614 1020 4675 T,
1056 4612 1250 4677 Stuttg.
1286 4613 1368 4662 ed.
1406 4616 1455 4663 3.
1495 4615 1647 4665 1826.
1683 4615 1766 4664 ed.
1799 4618 1848 4664 4.
1879 4616 2028 4665 1846.
2080 4613 2399 4677 Gerhauser‚
2423 4614 2569 4664 Einl.
2594 4615 2652 4664 in
2677 4614 2764 4664 die
2787 4613 2942 4665 Schr.
2983 4616 3082 4665 des
