3267 5259
611 418 741 485 302
1363 429 1427 473 Do
1454 430 1649 474 fontibus
1677 429 1840 473 metor.
1869 428 1921 472 D.
1951 431 2004 473 N.
2031 429 2073 473 J.
2105 430 2151 473 C.
2180 440 2333 473 00111111.

615 606 893 671 convicti
941 604 1158 689 alium,
1206 626 1403 691 quam
1448 604 1493 671 J
1498 628 1778 671 oannem
1822 606 2100 687 φιλιησοῦν
2144 604 2507 691 intelligere
2561 628 2695 670 non
2739 626 3070 691 possumne.

611 717 845 804 Neque
910 718 1351 804 spernendum
1422 741 1477 783 0.
1544 717 1722 783 aliud
1789 722 2278 804 argumentum,
2347 718 2527 803 quod
2591 718 2746 783 inde
2809 718 3071 797 sumitur,

612 832 995 917 scriptorem
1041 830 1229 896 huius
1273 830 1619 916 Evangelii
1665 840 1875 897 artem
1927 832 2345 918 piscatoriam
2391 833 2768 897 exercuisse
2793 835 2846 915 ¹5
2902 852 3069 916 quam

608 964 845 1009 revera
874 966 924 1008 s.
942 943 986 1008 J
988 965 1271 1009 oannem
1304 945 1755 1030 frequentasse
1787 944 2062 1031 legimus
2091 946 2160 1009 in
2184 944 2324 1009 aliis
2353 944 2733 1029 Evangeliis
2751 946 2796 1007 2.
2845 942 3071 1023 Quibus

611 1054 673 1121 d.
722 1056 1067 1122 commode
1134 1056 1471 1122 subiicitur
1528 1059 1595 1122 in
1657 1060 1868 1144 prima
1933 1058 2126 1123 trium
2175 1057 2613 1144 epistolarum,
2677 1080 2724 1121 s.
2773 1057 2816 1122 J
2819 1078 3070 1123 oannem

612 1170 1149 1234 commentarium
1182 1170 1535 1255 quemdam
1566 1194 1756 1235 suum
1797 1192 2329 1253 commemorare,
2378 1192 2574 1257 quem
2607 1170 2804 1235 alium
2835 1170 3068 1234 omnino

610 1304 753 1347 esse
804 1291 1061 1367 oportet
1104 1284 1249 1369 ipsa
1294 1282 1603 1369 epistola;
1649 1306 1788 1349 non
1831 1283 2038 1349 solum
2087 1283 2263 1369 quod
2309 1293 2656 1369 supponat,
2703 1282 2822 1347 abs
2853 1306 2923 1347 se
2965 1283 3068 1345 iam

608 1394 973 1481 vulgatum,
1030 1394 1148 1459 sed
1196 1405 1263 1459 et
1307 1418 1458 1461 cum
1512 1394 1681 1460 illius
1738 1396 2187 1461 commentarii
2241 1394 2570 1460 obiectum
2615 1394 2900 1459 affirmet
2945 1416 3068 1459 con·

608 1510 873 1573 stituere
928 1530 1035 1572 res
1090 1507 1433 1595 factaque,
1492 1508 1726 1595 quibus
1781 1510 2026 1573 amitus
2087 1518 2154 1572 et
2199 1506 2491 1573 oculatus
2545 1509 2728 1573 testis
2789 1507 3020 1572 adstitit
3033 1509 3066 1568 ³.

607 1621 809 1708 Atqui
838 1622 907 1685 in
938 1620 1217 1707 epistola
1259 1621 1525 1685 laudata
1568 1620 1735 1687 haec
1781 1644 1914 1687 non
1959 1623 2390 1707 reperiuntur,
2437 1620 2556 1686 sed
2593 1621 2804 1687 solum
2849 1622 3070 1701 δόγματα

608 1744 673 1799 et
715 1744 1105 1821 praecepta3
1151 1735 1349 1819 igitur
1388 1734 1544 1820 quid
1591 1733 1767 1799 aliud
1799 1736 1880 1799 sit
1921 1733 2084 1799 illud
2127 1736 2459 1820 scriptum,
2505 1736 2630 1799 nisi
2660 1732 3066 1817 Evangelium

607 1847 787 1934 quod
824 1870 865 1911 a
894 1847 1153 1912 Joanne
1200 1856 1493 1912 vocatur.
1554 1846 1826 1911 Interna
1855 1847 2022 1911 haec
2067 1857 2218 1911 sunt
2259 1855 2359 1924 τῆς
2403 1850 2756 1927 γνησιότητος
2801 1846 3064 1926 criteria3

608 1983 775 2047 quae
798 1962 1136 2045 insigniter
1160 1961 1445 2025 externis
1470 1959 1952 2025 confirmantur.
2001 1983 2060 2025 a.
2093 1959 2242 2040 Quo
2270 1960 2538 2045 quidem
2558 1958 2706 2024 1000
2742 1960 3066 2045 antiquitus

606 2072 897 2139 habitum
946 2074 1145 2139 fuerit
1170 2072 1608 2157 Evangelium
1655 2073 1698 2138 J
1703 2074 1952 2157 oannis,
1997 2072 2105 2137 vel
2135 2095 2222 2137 ex
2255 2072 2394 2138 solo
2423 2072 2695 2137 Eusebii
2727 2072 3064 2137 testimonio

605 2185 965 2270 intelligere
1033 2185 1219 2270 licet;
1292 2188 1401 2273 qui
1470 2208 1614 2250 esse
1676 2186 1833 2250 dicit
1893 2190 2030 2267 ,ταῖς
2087 2187 2188 2247 ὑπὸ
2245 2188 2338 2247 τον
2404 2187 2627 2268 οὐρανὸν
2695 2186 3066 2266 διεγνωσμένον

607 2301 967 2381 ἐκκλησίαιςί,
1023 2309 1219 2384 atque
1274 2298 1433 2362 illud
1478 2296 1563 2362 ad
1610 2300 1752 2381 ,τοὺς
1799 2300 2294 2380 ὁμολογουμένουςι
2339 2296 2576 2362 Libros
2621 2296 2853 2383 procul
2914 2296 3063 2361 omni

603 2411 800 2476 dubio
848 2411 1303 2476 adnumeravit
1319 2415 1363 2475 ⁴.
1424 2411 1659 2497 Neque
1704 2410 1889 2477 aliter
1933 2410 2073 2475 fieri
2117 2412 2346 2498 potuit.
2410 2410 2672 2496 Quippe
2717 2434 2767 2475 s.
2801 2409 3063 2474 Joannes

604 2523 935 2589 saeculum
982 2522 1343 2589 secundum
1382 2524 1668 2589 vivendo
1712 2527 2059 2609 attingens,
2107 2546 2147 2588 a
2176 2523 2468 2610 pluribus
2499 2523 2842 2588 Ecclesiae
2871 2522 2980 2585 ΡΞ)
3009 2530 3064 2583 et

603 2635 669 2701 S.
696 2636 773 2701 E.
802 2638 1100 2721 cognitus
1134 2636 1519 2723 est,'quibus
1552 2647 1858 2701 oretenus
1891 2636 1974 2701 de
2007 2659 2123 2702 suo
2160 2638 2629 2701 commentario
2665 2646 2928 2700 testatus
2960 2645 3056 2697 est.

600 2748 722 2815 His
753 2749 1027 2814 testibus
1064 2772 1489 2814 accensemus
1536 2750 1599 2814 b.
1648 2749 2092 2831 Valentinum,
2132 2748 2616 2813 Heracleonem
2664 2748 2944 2834 aliosque
2989 2767 3059 2809 ex

599 2860 1076 2926 haereticorum
1100 2862 1387 2945 familiis;
1412 2864 1505 2927 uti
1529 2873 1595 2927 et
1620 2862 2010 2927 christianae
2034 2861 2392 2948 Religionis
2417 2860 2655 2927 Christi
2678 2860 3057 2926 adversarios

600 2972 953 3057 Julianum,
1000 2974 1460 3061 Porphyrium,
1510 2976 1621 3061 qui
1669 2977 1865 3039 etiam
1913 2978 1965 3040 si
2012 2975 2258 3040 directe
2305 2973 2741 3059 Evangelium
2795 2984 3060 3038 nostrum

598 3110 733 3151 non
799 3088 1167 3171 nominent,
1234 3086 1443 3152 verba
1506 3098 1727 3152 tamen
1790 3098 1855 3153 et
1916 3088 2090 3153 dicta
2157 3111 2244 3153 ex
2309 3112 2388 3154 eo
2456 3097 2828 3152 mutuantes
2890 3086 3058 3149 tac-ite

600 3204 927 3281 γνησιότητα
951 3203 1089 3266 eius
1112 3212 1526 3287 agnoverunt
1544 3205 1586 3265 ⁶.
1626 3202 1972 3288 Inscriptio
2001 3223 2262 3289 quoque
2279 3205 2302 3245 ⁷
2333 3225 2390 3266 c.
2417 3223 2680 3287 semper
2704 3210 2804 3266 est
2824 3198 3058 3277 eadem3

596 3394 763 3445 fuisse
799 3395 957 3457 Jesu,
1004 3395 1101 3447 sed
1139 3397 1297 3445 etiam
1344 3395 1597 3445 docemur
1634 3396 1704 3444 ab
1741 3396 1862 3447 aliis
1899 3396 1964 3446 N.
2000 3397 2062 3446 T.
2097 3395 2473 3462 Scriptoribus.
2535 3396 2670 3445 Tres
2717 3409 2844 3460 prae
2890 3392 3055 3442 ceteris

596 3481 867 3547 Apostolis
888 3482 1098 3532 Christo
1126 3497 1279 3532 earos
1304 3498 1379 3533 sc.
1394 3498 1437 3532 s.
1452 3498 1495 3533 s.
1510 3482 1741 3545 Petrum,
1761 3482 1799 3531 J
1801 3483 2028 3533 acobum
2047 3487 2100 3533 et
2117 3482 2382 3532 «Ioannem
2407 3496 2450 3531 s.
2465 3482 2712 3531 vidimus.
2747 3481 2818 3530 At
2839 3480 3056 3530 &Petrus

597 3570 643 3617 is
680 3582 797 3618 esse
840 3570 1048 3634 nequit,
1096 3571 1187 3635 qui
1231 3569 1429 3619 Joann.
1466 3571 1546 3630 19,
1582 3570 1666 3619 35.
1713 3568 1835 3619 0011.
1871 3572 1954 3620 26.
2002 3572 2086 3631 21,
2130 3572 2214 3619 24.
2261 3568 2579 3635 discipulus,
2631 3584 2790 3633 quem
2832 3565 3058 3630 diligebat

597 3654 759 3705 Jesus
804 3656 1025 3706 dicitur:
1072 3672 1190 3707 cum
1236 3656 1436 3721 pluries
1484 3671 1648 3705 unum
1695 3656 1766 3705 ab
1813 3656 1918 3707 alio
1959 3656 2252 3721 distinguat
2297 3657 2525 3720 scriptor
2559 3654 2845 3721 Evangelii
2889 3651 3052 3717 quarti·

594 3742 660 3791 V.
684 3742 881 3793 Joann.
913 3745 992 3807 13,
1020 3746 1103 3793 23.
1141 3744 1261 3793 coll.
1289 3745 1371 3793 24.
1410 3746 1493 3806 20,
1522 3746 1568 3792 2.
1596 3745 1680 3805 21,
1710 3746 1756 3793 7.
1783 3745 1864 3793 20.
1916 3742 2022 3793 Sed
2047 3758 2223 3807 neque
2247 3758 2290 3793 s.
2309 3741 2569 3803 hechas,
2607 3742 2808 3808 quippe
2833 3740 2918 3807 qui
2947 3744 3051 3787 ante

596 3829 881 3879 editionem
918 3830 1075 3880 huius
1110 3830 1397 3895 Evangelii
1432 3836 1632 3895 martyr
1670 3830 1818 3881 obiit.
1870 3829 2004 3880 Con.
2033 3829 2147 3879 Act.
2177 3832 2258 3891 12,
2288 3833 2334 3879 1.
2360 3832 2408 3878 2.
2434 3832 2483 3879 3.
2510 3830 2558 3879 4.

810 3918 846 3981 ¹)
884 3916 1081 3967 Joann.
1118 3918 1166 3980 6,
1204 3920 1286 3967 19.
1324 3920 1407 3978 21,
1446 3920 1491 3967 1.
1526 3932 1569 3967 s.
1606 3920 1655 3967 8.
1694 3920 1774 3967 11.
1847 3916 1887 3981 ²)
1925 3916 2113 3967 Matth.
2148 3918 2196 3977 4,
2232 3918 2316 3965 21.
2365 3915 2529 3965 Marc.
2569 3918 2614 3975 1,
2655 3918 2736 3965 19.
2783 3915 2908 3963 Luc.
2939 3916 2981 3972 ὅ,
3010 3912 3050 3958 3.

604 4004 649 4053 7.
680 4006 760 4054 10.
835 4005 877 4069 ³)
913 4004 957 4053 Ι.
983 4004 1179 4055 Joann.
1208 4008 1254 4065 1,
1282 4007 1330 4054 3.
1368 4007 1417 4066 2,
1446 4006 1526 4053 14.
1566 4006 1650 4066 21,
1677 4006 1762 4053 26.
1799 4006 1847 4066 ὅ,
1879 4006 1959 4054 13.
2021 4005 2064 4069 ⁴)
2101 4004 2242 4055 Hist.
2269 4002 2420 4053 Eccl.
2457 4002 2556 4064 111,
2583 4004 2667 4051 24.
2693 4004 2779 4051 25.
2812 4019 2860 4067 p.
2885 4003 2958 4050 94.
2979 3998 3050 4047 97.

600 4091 641 4155 ⁵)
679 4092 743 4141 E.
770 4107 818 4156 g.
846 4108 887 4141 s.
908 4091 1119 4157 Ignatio
1146 4108 1187 4141 s.
1215 4108 1257 4141 ε.
1277 4090 1593 4157 Polycarpo.
1657 4090 1699 4154 ὃ)
1740 4090 1819 4139 Of.
1846 4106 1892 4139 e.
1919 4106 1969 4157 g.
1995 4090 2354 4152 Valentinum,
2384 4088 2528 4154 apud
2555 4088 2900 4154 Hippolytum
2921 4085 3048 4135 refut.

596 4192 735 4227 omn.
762 4177 906 4227 haer.
934 4177 1017 4227 ed.
1050 4178 1111 4226 L.
1138 4176 1411 4239 Duncker,
1452 4176 1593 4227 Gott.
1624 4178 1775 4227 1859.
1813 4177 1902 4239 VI,
1931 4178 2014 4227 33.
2051 4176 2172 4226 0011.
2198 4176 2396 4227 Joann.
2425 4177 2504 4237 12,
2533 4177 2615 4225 31.
2658 4178 2739 4237 14,
2765 4177 2846 4225 36.
2883 4175 2955 4233 16,
2980 4172 3046 4219 11.

592 4280 645 4328 p.
682 4265 798 4314 281.
832 4264 905 4314 ib.
944 4280 995 4313 n.
1030 4266 1115 4314 36.
1162 4264 1285 4313 0011.
1320 4264 1516 4313 Joann.
1555 4266 1635 4324 10,
1672 4264 1720 4313 8.
1759 4280 1810 4329 p.
1846 4265 1972 4326 2853
2011 4262 2316 4323 Basilidem‚
2355 4263 2425 4311 ib.
2461 4262 2496 4311 l.
2532 4261 2664 4325 VII,
2699 4264 2781 4311 22.
2825 4263 2901 4311 27.
2944 4255 3045 4307 coll.

592 4350 787 4401 Joann.
817 4353 863 4412 1,
890 4353 937 4401 9.
977 4352 1027 4412 3,
1052 4352 1103 4400 4.
1139 4366 1189 4415 p.
1218 4352 1335 4400 359.
1366 4352 1485 4399 377.
1540 4350 1874 4401 Testimonia
1908 4351 2158 4400 Veterum
2195 4349 2424 4399 collecta
2459 4348 2691 4399 dabunt:
2727 4348 2789 4399 A.
2815 4347 2873 4397 G.
2899 4343 3046 4395 Calm-

592 4436 738 4501 berg,
766 4436 831 4487 de
859 4439 1021 4502 antiq.
1050 4438 1109 4488 P.
1136 4438 1196 4487 P.
1222 4454 1318 4502 pro
1344 4438 1446 4487 Ev.
1472 4436 1595 4487 Joh.
1623 4432 1844 4486 αὖῦεντῑα
1868 4438 2198 4487 testimoniis.
2235 4436 2430 4486 Hamb.
2459 4437 2609 4485 1822.
2649 4435 2746 4486 Th.
2773 4430 3045 4487 Schneider,

594 4522 679 4571 die
726 4523 1009 4573 Aechtheit
1044 4524 1139 4573 des
1176 4524 1299 4573 Joh.
1333 4524 1433 4573 Εν.
1468 4540 1519 4574 11.
1559 4523 1609 4573 d.
1661 4525 1888 4587 Quellen
1934 4540 2040 4573 neu
2077 4528 2276 4574 unters.
2326 4523 2464 4573 Berl.
2503 4524 2656 4574 1854.
2715 4516 3044 4575 'rischendort

592 4623 749 4658 wann
786 4610 1005 4659 wurden
1040 4626 1233 4661 unsere
1269 4611 1603 4677 Evangelien
1641 4612 1884 4673 verfasst,
1921 4627 1974 4676 p.
2008 4613 2058 4660 8.
2092 4627 2134 4663 s.
2209 4610 2252 4675 ⁷)
2290 4611 2444 4680 Licet
2477 4610 2780 4660 huiusmodi
2813 4598 3043 4674 ἐπιγραφὰς
