<?xml version="1.0" encoding="UTF-8"?>
<!DOCTYPE html PUBLIC "-//W3C//DTD XHTML 1.0 Transitional//EN"
    "http://www.w3.org/TR/xhtml1/DTD/xhtml1-transitional.dtd">
<html xmlns="http://www.w3.org/1999/xhtml" xml:lang="en" lang="en">
 <head>
  <title>
</title>
<meta http-equiv="Content-Type" content="text/html;charset=utf-8" />
  <meta name='ocr-system' content='tesseract 3.04.00' />
  <meta name='ocr-capabilities' content='ocr_page ocr_carea ocr_par ocr_line ocrx_word'/>
</head>
<body>
  <div class='ocr_page' id='page_1' title='image "./historiarevelat00unkngoog_0655.png"; bbox 0 0 3267 5259; ppageno 0'>
   <div class='ocr_carea' id='block_1_1' title="bbox 332 662 1321 2041">
    <p class='ocr_par' dir='ltr' id='par_1_1' title="bbox 332 662 1321 2041">
     <span class='ocr_line' id='line_1_1' title="bbox 333 662 1308 729; baseline 0.001 -16"><span class='ocrx_word' id='word_1_1' title='bbox 333 664 459 729; x_wconf 87' lang='lat' dir='ltr'><strong>Ipse</strong></span> <span class='ocrx_word' id='word_1_2' title='bbox 492 663 791 729; x_wconf 83' lang='lat' dir='ltr'><strong>triumphus</strong></span> <span class='ocrx_word' id='word_1_3' title='bbox 825 662 1250 717; x_wconf 83' lang='lat' dir='ltr'><strong>describitur..</strong></span> <span class='ocrx_word' id='word_1_4' title='bbox 1296 703 1308 714; x_wconf 96' lang='lat'><strong>.</strong></span> 
     </span>
     <span class='ocr_line' id='line_1_2' title="bbox 332 732 1321 786; baseline -0.001 -2"><span class='ocrx_word' id='word_1_5' title='bbox 332 734 399 784; x_wconf 94' lang='lat' dir='ltr'><strong>N.</strong></span> <span class='ocrx_word' id='word_1_6' title='bbox 436 734 484 783; x_wconf 97' lang='grc'><strong>2.</strong></span> <span class='ocrx_word' id='word_1_7' title='bbox 520 732 717 785; x_wconf 85' lang='lat' dir='ltr'><strong>Variae</strong></span> <span class='ocrx_word' id='word_1_8' title='bbox 742 734 1145 786; x_wconf 82' lang='lat' dir='ltr'><strong>observationes</strong></span> <span class='ocrx_word' id='word_1_9' title='bbox 1176 735 1321 784; x_wconf 88' lang='lat' dir='ltr'><strong>circa</strong></span> 
     </span>
     <span class='ocr_line' id='line_1_3' title="bbox 400 802 1248 869; baseline 0.004 -19"><span class='ocrx_word' id='word_1_10' title='bbox 400 802 557 851; x_wconf 87' lang='lat' dir='ltr'><strong>istum</strong></span> <span class='ocrx_word' id='word_1_11' title='bbox 597 802 793 853; x_wconf 75' lang='lat' dir='ltr'><strong>Christi</strong></span> <span class='ocrx_word' id='word_1_12' title='bbox 828 805 1125 869; x_wconf 82' lang='lat' dir='ltr'><strong>ingressum</strong></span> <span class='ocrx_word' id='word_1_13' title='bbox 1176 841 1191 855; x_wconf 94' lang='lat'>.</span> <span class='ocrx_word' id='word_1_14' title='bbox 1236 842 1248 853; x_wconf 91' lang='lat'><strong>.</strong></span> 
     </span>
     <span class='ocr_line' id='line_1_4' title="bbox 332 870 1316 938; baseline 0.001 -18"><span class='ocrx_word' id='word_1_15' title='bbox 332 870 417 920; x_wconf 91' lang='lat' dir='ltr'><strong>De</strong></span> <span class='ocrx_word' id='word_1_16' title='bbox 478 871 706 923; x_wconf 82' lang='lat' dir='ltr'><strong>Psalmis</strong></span> <span class='ocrx_word' id='word_1_17' title='bbox 765 874 822 922; x_wconf 87' lang='lat' dir='ltr'><strong>in</strong></span> <span class='ocrx_word' id='word_1_18' title='bbox 889 871 981 921; x_wconf 87' lang='lat' dir='ltr'><strong>illo</strong></span> <span class='ocrx_word' id='word_1_19' title='bbox 1052 872 1316 938; x_wconf 84' lang='lat' dir='ltr'><strong>triumpho</strong></span> 
     </span>
     <span class='ocr_line' id='line_1_5' title="bbox 402 942 1305 992; baseline 0.003 -4"><span class='ocrx_word' id='word_1_20' title='bbox 402 942 632 991; x_wconf 87' lang='lat' dir='ltr'><strong>cantatis</strong></span> <span class='ocrx_word' id='word_1_21' title='bbox 651 978 1305 992; x_wconf 91' lang='grc'><strong>............</strong></span> 
     </span>
     <span class='ocr_line' id='line_1_6' title="bbox 333 1008 1319 1072; baseline 0.002 -14"><span class='ocrx_word' id='word_1_22' title='bbox 333 1008 659 1059; x_wconf 85' lang='lat' dir='ltr'><strong>Acclamatio</strong></span> <span class='ocrx_word' id='word_1_23' title='bbox 684 1010 991 1072; x_wconf 85' lang='lat' dir='ltr'><strong>„Hosanna‚</strong></span> <span class='ocrx_word' id='word_1_24' title='bbox 1005 1009 1319 1060; x_wconf 89' lang='lat' dir='ltr'><strong>benedictus</strong></span> 
     </span>
     <span class='ocr_line' id='line_1_7' title="bbox 404 1079 1307 1144; baseline 0.003 -17"><span class='ocrx_word' id='word_1_25' title='bbox 404 1079 493 1144; x_wconf 90' lang='lat' dir='ltr'><strong>qui</strong></span> <span class='ocrx_word' id='word_1_26' title='bbox 520 1080 714 1141; x_wconf 83' lang='lat' dir='ltr'><strong>venit“,</strong></span> <span class='ocrx_word' id='word_1_27' title='bbox 748 1079 875 1144; x_wconf 88' lang='lat' dir='ltr'><strong>quid</strong></span> <span class='ocrx_word' id='word_1_28' title='bbox 900 1079 1002 1129; x_wconf 85' lang='lat' dir='ltr'><strong>sibi</strong></span> <span class='ocrx_word' id='word_1_29' title='bbox 1029 1079 1157 1129; x_wconf 89' lang='lat' dir='ltr'><strong>velit</strong></span> <span class='ocrx_word' id='word_1_30' title='bbox 1180 1118 1191 1129; x_wconf 91' lang='lat'>.</span> <span class='ocrx_word' id='word_1_31' title='bbox 1238 1118 1249 1130; x_wconf 94' lang='lat'>.</span> <span class='ocrx_word' id='word_1_32' title='bbox 1296 1118 1307 1129; x_wconf 90' lang='lat'><strong>.</strong></span> 
     </span>
     <span class='ocr_line' id='line_1_8' title="bbox 334 1145 1315 1213; baseline 0.002 -17"><span class='ocrx_word' id='word_1_33' title='bbox 334 1146 398 1197; x_wconf 91' lang='lat' dir='ltr'><strong>N.</strong></span> <span class='ocrx_word' id='word_1_34' title='bbox 412 1149 462 1197; x_wconf 81' lang='lat'><strong>5.</strong></span> <span class='ocrx_word' id='word_1_35' title='bbox 481 1145 805 1213; x_wconf 79' lang='lat' dir='ltr'><strong>Aperiuntnr</strong></span> <span class='ocrx_word' id='word_1_36' title='bbox 814 1147 1144 1198; x_wconf 82' lang='lat' dir='ltr'><strong>Judaeorum</strong></span> <span class='ocrx_word' id='word_1_37' title='bbox 1162 1163 1315 1213; x_wconf 88' lang='lat' dir='ltr'><strong>prae-</strong></span> 
     </span>
     <span class='ocr_line' id='line_1_9' title="bbox 402 1216 1315 1283; baseline -0.001 -16"><span class='ocrx_word' id='word_1_38' title='bbox 402 1222 649 1282; x_wconf 76' lang='lat' dir='ltr'><strong>posterae</strong></span> <span class='ocrx_word' id='word_1_39' title='bbox 675 1216 741 1267; x_wconf 87' lang='lat' dir='ltr'><strong>de</strong></span> <span class='ocrx_word' id='word_1_40' title='bbox 770 1216 980 1268; x_wconf 88' lang='lat' dir='ltr'><strong>Christo</strong></span> <span class='ocrx_word' id='word_1_41' title='bbox 1017 1232 1169 1282; x_wconf 79' lang='lat' dir='ltr'><strong>rege</strong></span> <span class='ocrx_word' id='word_1_42' title='bbox 1206 1219 1315 1283; x_wconf 90' lang='lat' dir='ltr'><strong>opi-</strong></span> 
     </span>
     <span class='ocr_line' id='line_1_10' title="bbox 404 1286 1317 1352; baseline 0.001 -17"><span class='ocrx_word' id='word_1_43' title='bbox 404 1287 619 1347; x_wconf 87' lang='lat' dir='ltr'><strong>niones,</strong></span> <span class='ocrx_word' id='word_1_44' title='bbox 673 1301 975 1352; x_wconf 75' lang='lat' dir='ltr'><strong>causaeque</strong></span> <span class='ocrx_word' id='word_1_45' title='bbox 1029 1286 1317 1339; x_wconf 86' lang='lat' dir='ltr'><strong>earundem</strong></span> 
     </span>
     <span class='ocr_line' id='line_1_11' title="bbox 400 1354 705 1405; baseline 0 0"><span class='ocrx_word' id='word_1_46' title='bbox 400 1354 705 1405; x_wconf 85' lang='lat' dir='ltr'><strong>indicantur</strong></span> 
     </span>
     <span class='ocr_line' id='line_1_12' title="bbox 335 1421 1317 1491; baseline 0 -18"><span class='ocrx_word' id='word_1_47' title='bbox 335 1421 575 1473; x_wconf 87' lang='lat' dir='ltr'><strong>Christus</strong></span> <span class='ocrx_word' id='word_1_48' title='bbox 612 1426 800 1475; x_wconf 90' lang='lat' dir='ltr'><strong>iterato</strong></span> <span class='ocrx_word' id='word_1_49' title='bbox 846 1425 1089 1491; x_wconf 82' lang='lat' dir='ltr'><strong>increpat</strong></span> <span class='ocrx_word' id='word_1_50' title='bbox 1134 1424 1317 1475; x_wconf 87' lang='lat' dir='ltr'><strong>Phari-</strong></span> 
     </span>
     <span class='ocr_line' id='line_1_13' title="bbox 402 1493 1305 1560; baseline -0.001 -16"><span class='ocrx_word' id='word_1_51' title='bbox 402 1507 575 1555; x_wconf 80' lang='lat' dir='ltr'><strong>saeos,</strong></span> <span class='ocrx_word' id='word_1_52' title='bbox 612 1494 705 1543; x_wconf 85' lang='lat' dir='ltr'><strong>flet</strong></span> <span class='ocrx_word' id='word_1_53' title='bbox 738 1508 898 1560; x_wconf 87' lang='lat' dir='ltr'><strong>super</strong></span> <span class='ocrx_word' id='word_1_54' title='bbox 931 1493 1230 1543; x_wconf 81' lang='lat' dir='ltr'><strong>Jerusalem</strong></span> <span class='ocrx_word' id='word_1_55' title='bbox 1294 1532 1305 1543; x_wconf 95' lang='lat'>.</span> 
     </span>
     <span class='ocr_line' id='line_1_14' title="bbox 333 1561 1314 1613; baseline 0.001 -2"><span class='ocrx_word' id='word_1_56' title='bbox 333 1562 397 1611; x_wconf 91' lang='lat' dir='ltr'><strong>N.</strong></span> <span class='ocrx_word' id='word_1_57' title='bbox 433 1563 481 1611; x_wconf 82' lang='lat'><strong>3.</strong></span> <span class='ocrx_word' id='word_1_58' title='bbox 527 1561 611 1612; x_wconf 93' lang='lat' dir='ltr'><strong>De</strong></span> <span class='ocrx_word' id='word_1_59' title='bbox 648 1562 881 1612; x_wconf 80' lang='lat' dir='ltr'><strong>lacrimis</strong></span> <span class='ocrx_word' id='word_1_60' title='bbox 917 1562 1113 1611; x_wconf 84' lang='lat' dir='ltr'><strong>Christi</strong></span> <span class='ocrx_word' id='word_1_61' title='bbox 1150 1578 1314 1613; x_wconf 90' lang='lat' dir='ltr'><strong>anno—</strong></span> 
     </span>
     <span class='ocr_line' id='line_1_15' title="bbox 402 1632 1305 1683; baseline 0 -2"><span class='ocrx_word' id='word_1_62' title='bbox 402 1632 530 1681; x_wconf 83' lang='lat' dir='ltr'><strong>tatio</strong></span> <span class='ocrx_word' id='word_1_63' title='bbox 598 1669 1305 1683; x_wconf 91' lang='grc'><strong>.............</strong></span> 
     </span>
     <span class='ocr_line' id='line_1_16' title="bbox 332 1700 1245 1766; baseline 0.002 -17"><span class='ocrx_word' id='word_1_64' title='bbox 332 1700 587 1765; x_wconf 75' lang='lat' dir='ltr'><strong>Purgatio</strong></span> <span class='ocrx_word' id='word_1_65' title='bbox 624 1700 807 1766; x_wconf 88' lang='lat' dir='ltr'><strong>templi</strong></span> <span class='ocrx_word' id='word_1_66' title='bbox 844 1700 1187 1751; x_wconf 87' lang='lat' dir='ltr'><strong>secunda..</strong></span> <span class='ocrx_word' id='word_1_67' title='bbox 1235 1739 1245 1750; x_wconf 95' lang='lat'><strong>.</strong></span> 
     </span>
     <span class='ocr_line' id='line_1_17' title="bbox 334 1768 1315 1835; baseline 0.002 -17"><span class='ocrx_word' id='word_1_68' title='bbox 334 1768 397 1818; x_wconf 88' lang='lat' dir='ltr'><strong>N.</strong></span> <span class='ocrx_word' id='word_1_69' title='bbox 435 1770 485 1819; x_wconf 88' lang='lat'><strong>8.</strong></span> <span class='ocrx_word' id='word_1_70' title='bbox 534 1770 617 1819; x_wconf 93' lang='lat' dir='ltr'><strong>De</strong></span> <span class='ocrx_word' id='word_1_71' title='bbox 653 1768 741 1819; x_wconf 86' lang='lat' dir='ltr'><strong>die</strong></span> <span class='ocrx_word' id='word_1_72' title='bbox 786 1785 891 1835; x_wconf 83' lang='lat' dir='ltr'><strong>quo</strong></span> <span class='ocrx_word' id='word_1_73' title='bbox 938 1769 1072 1819; x_wconf 89' lang='lat' dir='ltr'><strong>haec</strong></span> <span class='ocrx_word' id='word_1_74' title='bbox 1110 1769 1315 1820; x_wconf 87' lang='lat' dir='ltr'><strong>accide-</strong></span> 
     </span>
     <span class='ocr_line' id='line_1_18' title="bbox 400 1839 1305 1903; baseline 0.003 -17"><span class='ocrx_word' id='word_1_75' title='bbox 400 1842 525 1887; x_wconf 88' lang='lat' dir='ltr'><strong>runt</strong></span> <span class='ocrx_word' id='word_1_76' title='bbox 562 1839 844 1903; x_wconf 84' lang='lat' dir='ltr'><strong>inquiritur</strong></span> <span class='ocrx_word' id='word_1_77' title='bbox 895 1876 1305 1889; x_wconf 91' lang='grc'><strong>........</strong></span> 
     </span>
     <span class='ocr_line' id='line_1_19' title="bbox 333 1905 1314 1971; baseline 0.003 -16"><span class='ocrx_word' id='word_1_78' title='bbox 333 1905 527 1956; x_wconf 83' lang='lat' dir='ltr'><strong>Graeci</strong></span> <span class='ocrx_word' id='word_1_79' title='bbox 578 1906 871 1971; x_wconf 88' lang='lat' dir='ltr'><strong>loquuntur</strong></span> <span class='ocrx_word' id='word_1_80' title='bbox 918 1922 1039 1957; x_wconf 87' lang='lat' dir='ltr'><strong>cum</strong></span> <span class='ocrx_word' id='word_1_81' title='bbox 1087 1906 1314 1970; x_wconf 88' lang='lat' dir='ltr'><strong>Christo,</strong></span> 
     </span>
     <span class='ocr_line' id='line_1_20' title="bbox 402 1976 1248 2041; baseline 0.002 -16"><span class='ocrx_word' id='word_1_82' title='bbox 402 1977 495 2041; x_wconf 88' lang='lat' dir='ltr'><strong>qui</strong></span> <span class='ocrx_word' id='word_1_83' title='bbox 530 1976 732 2026; x_wconf 84' lang='lat' dir='ltr'><strong>recedit</strong></span> <span class='ocrx_word' id='word_1_84' title='bbox 766 1976 1131 2027; x_wconf 84' lang='lat' dir='ltr'><strong>Bethaniam.</strong></span> <span class='ocrx_word' id='word_1_85' title='bbox 1179 2015 1190 2026; x_wconf 92' lang='lat'>.</span> <span class='ocrx_word' id='word_1_86' title='bbox 1236 2016 1248 2027; x_wconf 96' lang='lat'><strong>.</strong></span> 
     </span>
    </p>
   </div>
   <div class='ocr_carea' id='block_1_2' title="bbox 260 2060 1317 2233">
    <p class='ocr_par' dir='ltr' id='par_1_2' title="bbox 260 2060 1317 2233">
     <span class='ocr_line' id='line_1_21' title="bbox 260 2060 1317 2142; baseline -0.003 -14"><span class='ocrx_word' id='word_1_87' title='bbox 260 2064 319 2142; x_wconf 72' lang='lat'><strong>§-</strong></span> <span class='ocrx_word' id='word_1_88' title='bbox 367 2064 471 2128; x_wconf 97' lang='grc'><strong>20.</strong></span> <span class='ocrx_word' id='word_1_89' title='bbox 518 2060 715 2125; x_wconf 85' lang='lat' dir='ltr'><strong>Feria</strong></span> <span class='ocrx_word' id='word_1_90' title='bbox 744 2060 833 2125; x_wconf 97' lang='lat' dir='ltr'><strong>II.</strong></span> <span class='ocrx_word' id='word_1_91' title='bbox 868 2072 933 2127; x_wconf 86' lang='lat' dir='ltr'><strong>et</strong></span> <span class='ocrx_word' id='word_1_92' title='bbox 970 2061 1092 2125; x_wconf 93' lang='lat' dir='ltr'>III.</span> <span class='ocrx_word' id='word_1_93' title='bbox 1122 2060 1317 2126; x_wconf 84' lang='lat' dir='ltr'><strong>Jesus</strong></span> 
     </span>
     <span class='ocr_line' id='line_1_22' title="bbox 512 2146 1307 2233; baseline 0.008 -22"><span class='ocrx_word' id='word_1_94' title='bbox 512 2146 709 2212; x_wconf 88' lang='lat' dir='ltr'><strong>docet</strong></span> <span class='ocrx_word' id='word_1_95' title='bbox 750 2148 819 2211; x_wconf 89' lang='lat' dir='ltr'><strong>in</strong></span> <span class='ocrx_word' id='word_1_96' title='bbox 862 2148 1108 2233; x_wconf 87' lang='lat' dir='ltr'><strong>templo</strong></span> <span class='ocrx_word' id='word_1_97' title='bbox 1178 2204 1190 2216; x_wconf 91' lang='lat'>.</span> <span class='ocrx_word' id='word_1_98' title='bbox 1238 2205 1249 2216; x_wconf 93' lang='lat'>.</span> <span class='ocrx_word' id='word_1_99' title='bbox 1296 2205 1307 2216; x_wconf 96' lang='lat'>.</span> 
     </span>
    </p>
   </div>
   <div class='ocr_carea' id='block_1_3' title="bbox 331 2250 1319 2441">
    <p class='ocr_par' dir='ltr' id='par_1_3' title="bbox 331 2250 1319 2441">
     <span class='ocr_line' id='line_1_23' title="bbox 331 2250 1305 2303; baseline 0.004 -4"><span class='ocrx_word' id='word_1_100' title='bbox 331 2250 497 2301; x_wconf 83' lang='lat' dir='ltr'><strong>Ficus</strong></span> <span class='ocrx_word' id='word_1_101' title='bbox 534 2250 819 2302; x_wconf 87' lang='lat' dir='ltr'><strong>maledicta</strong></span> <span class='ocrx_word' id='word_1_102' title='bbox 888 2290 1305 2303; x_wconf 88' lang='grc'><strong>........</strong></span> 
     </span>
     <span class='ocr_line' id='line_1_24' title="bbox 331 2319 1319 2387; baseline 0.002 -18"><span class='ocrx_word' id='word_1_103' title='bbox 331 2320 396 2369; x_wconf 94' lang='grc' dir='ltr'><strong>Ν.</strong></span> <span class='ocrx_word' id='word_1_104' title='bbox 432 2322 483 2369; x_wconf 80' lang='grc'><strong>6.</strong></span> <span class='ocrx_word' id='word_1_105' title='bbox 529 2321 685 2370; x_wconf 90' lang='lat' dir='ltr'><strong>Duae</strong></span> <span class='ocrx_word' id='word_1_106' title='bbox 722 2322 1063 2387; x_wconf 79' lang='lat' dir='ltr'><strong>quaestiones</strong></span> <span class='ocrx_word' id='word_1_107' title='bbox 1111 2320 1176 2371; x_wconf 92' lang='lat' dir='ltr'><strong>de</strong></span> <span class='ocrx_word' id='word_1_108' title='bbox 1214 2319 1319 2371; x_wconf 88' lang='lat' dir='ltr'><strong>ficu</strong></span> 
     </span>
     <span class='ocr_line' id='line_1_25' title="bbox 402 2388 1305 2441; baseline 0.001 -3"><span class='ocrx_word' id='word_1_109' title='bbox 402 2388 686 2439; x_wconf 85' lang='lat' dir='ltr'><strong>maledicta</strong></span> <span class='ocrx_word' id='word_1_110' title='bbox 721 2390 998 2440; x_wconf 79' lang='lat' dir='ltr'><strong>solvuntur</strong></span> <span class='ocrx_word' id='word_1_111' title='bbox 1068 2429 1079 2440; x_wconf 95' lang='lat'>.</span> <span class='ocrx_word' id='word_1_112' title='bbox 1128 2429 1137 2440; x_wconf 95' lang='lat'><strong>.</strong></span> <span class='ocrx_word' id='word_1_113' title='bbox 1178 2429 1189 2440; x_wconf 95' lang='lat'>.</span> <span class='ocrx_word' id='word_1_114' title='bbox 1236 2430 1247 2441; x_wconf 92' lang='lat'>.</span> <span class='ocrx_word' id='word_1_115' title='bbox 1295 2430 1305 2439; x_wconf 93' lang='lat'>.</span> 
     </span>
    </p>
   </div>
   <div class='ocr_carea' id='block_1_4' title="bbox 1353 592 1459 715">
    <p class='ocr_par' dir='ltr' id='par_1_4' title="bbox 1353 592 1459 715">
     <span class='ocr_line' id='line_1_26' title="bbox 1353 592 1457 645; baseline 0.01 -12"><span class='ocrx_word' id='word_1_116' title='bbox 1353 592 1457 645; x_wconf 70' lang='lat' dir='ltr'><strong>Pass.</strong></span> 
     </span>
     <span class='ocr_line' id='line_1_27' title="bbox 1392 666 1459 715; baseline 0 0"><span class='ocrx_word' id='word_1_117' title='bbox 1392 666 1459 715; x_wconf 80' lang='lat'><strong>84</strong></span> 
     </span>
    </p>
   </div>
   <div class='ocr_carea' id='block_1_5' title="bbox 1388 830 1455 839">
    <p class='ocr_par' dir='ltr' id='par_1_5' title="bbox 1388 830 1455 839">
     <span class='ocr_line' id='line_1_28' title="bbox 1388 830 1455 839; baseline 0.015 -1"><span class='ocrx_word' id='word_1_118' title='bbox 1388 830 1455 839; x_wconf 67' lang='grc' dir='ltr'><strong>--ο</strong></span> 
     </span>
    </p>
   </div>
   <div class='ocr_carea' id='block_1_6' title="bbox 1387 942 1455 991">
    <p class='ocr_par' dir='ltr' id='par_1_6' title="bbox 1387 942 1455 991">
     <span class='ocr_line' id='line_1_29' title="bbox 1387 942 1455 991; baseline -0.015 0"><span class='ocrx_word' id='word_1_119' title='bbox 1387 942 1455 991; x_wconf 84' lang='grc'><strong>86</strong></span> 
     </span>
    </p>
   </div>
   <div class='ocr_carea' id='block_1_7' title="bbox 2629 406 2756 473">
    <p class='ocr_par' dir='ltr' id='par_1_7' title="bbox 2629 406 2756 473">
     <span class='ocr_line' id='line_1_30' title="bbox 2629 406 2756 473; baseline 0.008 -1"><span class='ocrx_word' id='word_1_120' title='bbox 2629 406 2756 473; x_wconf 78' lang='lat'><strong>527</strong></span> 
     </span>
    </p>
   </div>
   <div class='ocr_carea' id='block_1_8' title="bbox 1634 592 2758 800">
    <p class='ocr_par' dir='ltr' id='par_1_8' title="bbox 1634 592 2758 800">
     <span class='ocr_line' id='line_1_31' title="bbox 1634 592 2756 715; baseline -0.004 0"><span class='ocrx_word' id='word_1_121' title='bbox 1634 664 1730 715; x_wconf 87' lang='lat' dir='ltr'><strong>Vis</strong></span> <span class='ocrx_word' id='word_1_122' title='bbox 1767 664 1893 715; x_wconf 82' lang='lat' dir='ltr'><strong>fidei</strong></span> <span class='ocrx_word' id='word_1_123' title='bbox 1917 671 1971 715; x_wconf 87' lang='lat' dir='ltr'><strong>et</strong></span> <span class='ocrx_word' id='word_1_124' title='bbox 1995 664 2270 714; x_wconf 87' lang='lat' dir='ltr'><strong>orationis.</strong></span> <span class='ocrx_word' id='word_1_125' title='bbox 2305 663 2618 715; x_wconf 84' lang='lat' dir='ltr'><strong>Pharisaeo-</strong></span> <span class='ocrx_word' id='word_1_126' title='bbox 2654 592 2756 645; x_wconf 69' lang='lat' dir='ltr'><strong>Pte·</strong></span> 
     </span>
     <span class='ocr_line' id='line_1_32' title="bbox 1704 732 2758 800; baseline 0 -17"><span class='ocrx_word' id='word_1_127' title='bbox 1704 749 1820 783; x_wconf 87' lang='lat' dir='ltr'><strong>rum</strong></span> <span class='ocrx_word' id='word_1_128' title='bbox 1844 735 2076 800; x_wconf 85' lang='lat' dir='ltr'><strong>pessima</strong></span> <span class='ocrx_word' id='word_1_129' title='bbox 2101 732 2328 783; x_wconf 87' lang='lat' dir='ltr'><strong>consilia</strong></span> <span class='ocrx_word' id='word_1_130' title='bbox 2351 734 2407 781; x_wconf 89' lang='lat' dir='ltr'><strong>in</strong></span> <span class='ocrx_word' id='word_1_131' title='bbox 2432 732 2620 783; x_wconf 88' lang='lat' dir='ltr'><strong>Jesum</strong></span> <span class='ocrx_word' id='word_1_132' title='bbox 2691 733 2758 783; x_wconf 90' lang='lat'><strong>88</strong></span> 
     </span>
    </p>
   </div>
   <div class='ocr_carea' id='block_1_9' title="bbox 1629 818 2617 1334">
    <p class='ocr_par' dir='ltr' id='par_1_9' title="bbox 1629 818 2617 1094">
     <span class='ocr_line' id='line_1_33' title="bbox 1629 818 2617 885; baseline -0.001 -16"><span class='ocrx_word' id='word_1_133' title='bbox 1629 818 1717 870; x_wconf 80' lang='lat' dir='ltr'><strong>Ad</strong></span> <span class='ocrx_word' id='word_1_134' title='bbox 1753 822 2120 885; x_wconf 86' lang='lat' dir='ltr'><strong>quaestionem</strong></span> <span class='ocrx_word' id='word_1_135' title='bbox 2158 819 2225 870; x_wconf 87' lang='lat' dir='ltr'><strong>de</strong></span> <span class='ocrx_word' id='word_1_136' title='bbox 2260 820 2455 869; x_wconf 87' lang='lat' dir='ltr'><strong>tributo</strong></span> <span class='ocrx_word' id='word_1_137' title='bbox 2485 818 2617 869; x_wconf 83' lang='lat' dir='ltr'><strong>Cae-</strong></span> 
     </span>
     <span class='ocr_line' id='line_1_34' title="bbox 1701 889 2616 951; baseline -0.002 -12"><span class='ocrx_word' id='word_1_138' title='bbox 1701 891 1809 939; x_wconf 89' lang='lat' dir='ltr'><strong>sari</strong></span> <span class='ocrx_word' id='word_1_139' title='bbox 1857 890 2062 951; x_wconf 86' lang='lat' dir='ltr'><strong>dando,</strong></span> <span class='ocrx_word' id='word_1_140' title='bbox 2118 889 2183 941; x_wconf 86' lang='lat' dir='ltr'><strong>de</strong></span> <span class='ocrx_word' id='word_1_141' title='bbox 2231 889 2616 938; x_wconf 85' lang='lat' dir='ltr'><strong>resurrectione</strong></span> 
     </span>
     <span class='ocr_line' id='line_1_35' title="bbox 1701 956 2617 1021; baseline -0.002 -13"><span class='ocrx_word' id='word_1_142' title='bbox 1701 964 2041 1021; x_wconf 87' lang='lat' dir='ltr'><strong>mortuorum,</strong></span> <span class='ocrx_word' id='word_1_143' title='bbox 2079 958 2146 1008; x_wconf 89' lang='lat' dir='ltr'><strong>de</strong></span> <span class='ocrx_word' id='word_1_144' title='bbox 2173 956 2420 1008; x_wconf 87' lang='lat' dir='ltr'><strong>mandato</strong></span> <span class='ocrx_word' id='word_1_145' title='bbox 2455 958 2617 1006; x_wconf 85' lang='lat' dir='ltr'><strong>maxi-</strong></span> 
     </span>
     <span class='ocr_line' id='line_1_36' title="bbox 1701 1027 2608 1094; baseline -0.001 -17"><span class='ocrx_word' id='word_1_146' title='bbox 1701 1042 1786 1077; x_wconf 91' lang='lat' dir='ltr'><strong>mo</strong></span> <span class='ocrx_word' id='word_1_147' title='bbox 1813 1027 2100 1094; x_wconf 84' lang='lat' dir='ltr'><strong>respondet</strong></span> <span class='ocrx_word' id='word_1_148' title='bbox 2122 1028 2286 1077; x_wconf 87' lang='lat' dir='ltr'><strong>Jesus</strong></span> <span class='ocrx_word' id='word_1_149' title='bbox 2306 1064 2608 1077; x_wconf 86' lang='grc'><strong>......</strong></span> 
     </span>
    </p>

    <p class='ocr_par' dir='ltr' id='par_1_10' title="bbox 1632 1110 2615 1233">
     <span class='ocr_line' id='line_1_37' title="bbox 1632 1110 2615 1179; baseline 0 -16"><span class='ocrx_word' id='word_1_150' title='bbox 1632 1113 1829 1163; x_wconf 83' lang='lat' dir='ltr'><strong>Christi</strong></span> <span class='ocrx_word' id='word_1_151' title='bbox 1865 1114 2236 1179; x_wconf 82' lang='lat' dir='ltr'><strong>interrogatio:</strong></span> <span class='ocrx_word' id='word_1_152' title='bbox 2287 1114 2438 1162; x_wconf 89' lang='lat' dir='ltr'><strong>cuius</strong></span> <span class='ocrx_word' id='word_1_153' title='bbox 2474 1110 2615 1163; x_wconf 82' lang='lat' dir='ltr'><strong>filius</strong></span> 
     </span>
     <span class='ocr_line' id='line_1_38' title="bbox 1701 1184 2067 1233; baseline 0.003 -1"><span class='ocrx_word' id='word_1_154' title='bbox 1701 1184 1771 1233; x_wconf 84' lang='lat' dir='ltr'><strong>sit</strong></span> <span class='ocrx_word' id='word_1_155' title='bbox 1805 1184 2067 1233; x_wconf 74' lang='lat' dir='ltr'><strong>Messias?</strong></span> 
     </span>
    </p>

    <p class='ocr_par' dir='ltr' id='par_1_11' title="bbox 1632 1268 2617 1334">
     <span class='ocr_line' id='line_1_39' title="bbox 1632 1268 2617 1334; baseline 0 -17"><span class='ocrx_word' id='word_1_156' title='bbox 1632 1268 1798 1334; x_wconf 80' lang='lat' dir='ltr'><strong>Signa</strong></span> <span class='ocrx_word' id='word_1_157' title='bbox 1811 1284 1952 1334; x_wconf 87' lang='lat' dir='ltr'><strong>quae</strong></span> <span class='ocrx_word' id='word_1_158' title='bbox 1965 1268 2455 1332; x_wconf 83' lang='lat' dir='ltr'><strong>Hierosolymamm</strong></span> <span class='ocrx_word' id='word_1_159' title='bbox 2469 1283 2617 1317; x_wconf 86' lang='lat' dir='ltr'><strong>ever-</strong></span> 
     </span>
    </p>
   </div>
   <div class='ocr_carea' id='block_1_10' title="bbox 1701 1338 2619 1471">
    <p class='ocr_par' dir='ltr' id='par_1_12' title="bbox 1701 1338 2619 1471">
     <span class='ocr_line' id='line_1_40' title="bbox 1701 1338 2619 1401; baseline 0 -14"><span class='ocrx_word' id='word_1_160' title='bbox 1701 1339 1906 1387; x_wconf 88' lang='lat' dir='ltr'><strong>sionem</strong></span> <span class='ocrx_word' id='word_1_161' title='bbox 1976 1338 2325 1398; x_wconf 85' lang='lat' dir='ltr'><strong>antecedunt,</strong></span> <span class='ocrx_word' id='word_1_162' title='bbox 2397 1338 2619 1401; x_wconf 87' lang='lat' dir='ltr'><strong>eiusque</strong></span> 
     </span>
     <span class='ocr_line' id='line_1_41' title="bbox 1703 1405 2606 1471; baseline -0.002 -14"><span class='ocrx_word' id='word_1_163' title='bbox 1703 1405 1967 1457; x_wconf 84' lang='lat' dir='ltr'><strong>excidium</strong></span> <span class='ocrx_word' id='word_1_164' title='bbox 2003 1407 2384 1471; x_wconf 84' lang='lat' dir='ltr'><strong>praedicuntur</strong></span> <span class='ocrx_word' id='word_1_165' title='bbox 2420 1443 2432 1456; x_wconf 94' lang='lat'>.</span> <span class='ocrx_word' id='word_1_166' title='bbox 2475 1442 2489 1455; x_wconf 93' lang='lat'>.</span> <span class='ocrx_word' id='word_1_167' title='bbox 2536 1443 2547 1456; x_wconf 93' lang='lat'>.</span> <span class='ocrx_word' id='word_1_168' title='bbox 2595 1444 2606 1455; x_wconf 95' lang='lat'>.</span> 
     </span>
    </p>
   </div>
   <div class='ocr_carea' id='block_1_11' title="bbox 1630 1492 2620 1612">
    <p class='ocr_par' dir='ltr' id='par_1_13' title="bbox 1630 1492 2620 1612">
     <span class='ocr_line' id='line_1_42' title="bbox 1630 1492 2620 1558; baseline 0.001 -17"><span class='ocrx_word' id='word_1_169' title='bbox 1630 1492 1696 1542; x_wconf 91' lang='lat' dir='ltr'><strong>N.</strong></span> <span class='ocrx_word' id='word_1_170' title='bbox 1733 1495 1782 1541; x_wconf 90' lang='lat'><strong>4.</strong></span> <span class='ocrx_word' id='word_1_171' title='bbox 1840 1492 1948 1543; x_wconf 87' lang='lat' dir='ltr'><strong>Cur</strong></span> <span class='ocrx_word' id='word_1_172' title='bbox 2002 1492 2252 1558; x_wconf 88' lang='lat' dir='ltr'><strong>discipuli</strong></span> <span class='ocrx_word' id='word_1_173' title='bbox 2300 1494 2620 1557; x_wconf 84' lang='lat' dir='ltr'><strong>praenuntia</strong></span> 
     </span>
     <span class='ocr_line' id='line_1_43' title="bbox 1701 1560 2620 1612; baseline 0 -2"><span class='ocrx_word' id='word_1_174' title='bbox 1701 1562 1768 1611; x_wconf 89' lang='lat' dir='ltr'><strong>de</strong></span> <span class='ocrx_word' id='word_1_175' title='bbox 1815 1564 2271 1612; x_wconf 85' lang='lat' dir='ltr'><strong>consummatione</strong></span> <span class='ocrx_word' id='word_1_176' title='bbox 2317 1560 2517 1611; x_wconf 83' lang='lat' dir='ltr'><strong>saeculi</strong></span> <span class='ocrx_word' id='word_1_177' title='bbox 2565 1566 2620 1610; x_wconf 90' lang='lat' dir='ltr'><strong>et</strong></span> 
     </span>
    </p>
   </div>
   <div class='ocr_carea' id='block_1_12' title="bbox 2683 1182 2751 1233">
    <p class='ocr_par' dir='ltr' id='par_1_14' title="bbox 2683 1182 2751 1233">
     <span class='ocr_line' id='line_1_44' title="bbox 2683 1182 2751 1233; baseline -0.029 0"><span class='ocrx_word' id='word_1_178' title='bbox 2683 1182 2751 1233; x_wconf 79' lang='lat'><strong>89</strong></span> 
     </span>
    </p>
   </div>
   <div class='ocr_carea' id='block_1_13' title="bbox 2687 1407 2754 1457">
    <p class='ocr_par' dir='ltr' id='par_1_15' title="bbox 2687 1407 2754 1457">
     <span class='ocr_line' id='line_1_45' title="bbox 2687 1407 2754 1457; baseline 0.015 -1"><span class='ocrx_word' id='word_1_179' title='bbox 2687 1407 2754 1457; x_wconf 81' lang='lat'><strong>91</strong></span> 
     </span>
    </p>
   </div>
   <div class='ocr_carea' id='block_1_14' title="bbox 1700 1631 2616 1751">
    <p class='ocr_par' dir='ltr' id='par_1_16' title="bbox 1700 1631 2616 1751">
     <span class='ocr_line' id='line_1_46' title="bbox 1701 1631 2616 1695; baseline 0 -15"><span class='ocrx_word' id='word_1_180' title='bbox 1701 1632 1856 1695; x_wconf 76' lang='lat' dir='ltr'><strong>signa</strong></span> <span class='ocrx_word' id='word_1_181' title='bbox 1909 1631 2172 1681; x_wconf 84' lang='lat' dir='ltr'><strong>adventus</strong></span> <span class='ocrx_word' id='word_1_182' title='bbox 2220 1631 2438 1679; x_wconf 86' lang='lat' dir='ltr'><strong>Domini</strong></span> <span class='ocrx_word' id='word_1_183' title='bbox 2491 1646 2616 1680; x_wconf 88' lang='lat' dir='ltr'><strong>con·</strong></span> 
     </span>
     <span class='ocr_line' id='line_1_47' title="bbox 1700 1701 2608 1751; baseline 0.001 -3"><span class='ocrx_word' id='word_1_184' title='bbox 1700 1701 2006 1749; x_wconf 83' lang='lat' dir='ltr'><strong>iunxerint?</strong></span> <span class='ocrx_word' id='word_1_185' title='bbox 2071 1736 2608 1751; x_wconf 90' lang='lat'>..........</span> 
     </span>
    </p>
   </div>
   <div class='ocr_carea' id='block_1_15' title="bbox 1629 1783 2616 1905">
    <p class='ocr_par' dir='ltr' id='par_1_17' title="bbox 1629 1783 2616 1905">
     <span class='ocr_line' id='line_1_48' title="bbox 1629 1783 2616 1836; baseline -0.001 0"><span class='ocrx_word' id='word_1_186' title='bbox 1629 1786 1787 1836; x_wconf 87' lang='lat' dir='ltr'><strong>Diem</strong></span> <span class='ocrx_word' id='word_1_187' title='bbox 1823 1785 2006 1834; x_wconf 90' lang='lat' dir='ltr'><strong>iudicii</strong></span> <span class='ocrx_word' id='word_1_188' title='bbox 2043 1786 2260 1835; x_wconf 86' lang='lat' dir='ltr'><strong>extremi</strong></span> <span class='ocrx_word' id='word_1_189' title='bbox 2293 1783 2440 1835; x_wconf 84' lang='lat' dir='ltr'><strong>solus</strong></span> <span class='ocrx_word' id='word_1_190' title='bbox 2467 1784 2616 1835; x_wconf 84' lang='lat' dir='ltr'><strong>Deus</strong></span> 
     </span>
     <span class='ocr_line' id='line_1_49' title="bbox 1701 1856 2603 1905; baseline -0.002 0"><span class='ocrx_word' id='word_1_191' title='bbox 1701 1856 1804 1905; x_wconf 89' lang='lat' dir='ltr'><strong>scit</strong></span> <span class='ocrx_word' id='word_1_192' title='bbox 1838 1891 2603 1905; x_wconf 91' lang='grc'><strong>..............</strong></span> 
     </span>
    </p>
   </div>
   <div class='ocr_carea' id='block_1_16' title="bbox 1632 1939 2614 2061">
    <p class='ocr_par' dir='ltr' id='par_1_18' title="bbox 1632 1939 2614 2061">
     <span class='ocr_line' id='line_1_50' title="bbox 1632 1939 2614 1991; baseline -0.002 0"><span class='ocrx_word' id='word_1_193' title='bbox 1632 1941 1949 1991; x_wconf 84' lang='lat' dir='ltr'><strong>Exhortatio</strong></span> <span class='ocrx_word' id='word_1_194' title='bbox 1997 1940 2130 1991; x_wconf 88' lang='lat' dir='ltr'><strong>ficus</strong></span> <span class='ocrx_word' id='word_1_195' title='bbox 2176 1940 2519 1991; x_wconf 85' lang='lat' dir='ltr'><strong>similitudine</strong></span> <span class='ocrx_word' id='word_1_196' title='bbox 2555 1939 2614 1989; x_wconf 92' lang='lat' dir='ltr'><strong>il-</strong></span> 
     </span>
     <span class='ocr_line' id='line_1_51' title="bbox 1700 2012 2609 2061; baseline -0.002 -1"><span class='ocrx_word' id='word_1_197' title='bbox 1700 2012 1929 2061; x_wconf 84' lang='lat' dir='ltr'><strong>lustrata</strong></span> <span class='ocrx_word' id='word_1_198' title='bbox 1955 2046 2609 2061; x_wconf 91' lang='grc'><strong>............</strong></span> 
     </span>
    </p>
   </div>
   <div class='ocr_carea' id='block_1_17' title="bbox 1630 2094 2756 2285">
    <p class='ocr_par' dir='ltr' id='par_1_19' title="bbox 1630 2094 2756 2285">
     <span class='ocr_line' id='line_1_52' title="bbox 1630 2094 2615 2158; baseline -0.006 -9"><span class='ocrx_word' id='word_1_199' title='bbox 1630 2098 1694 2149; x_wconf 94' lang='grc' dir='ltr'><strong>Ν.</strong></span> <span class='ocrx_word' id='word_1_200' title='bbox 1722 2099 1770 2146; x_wconf 88' lang='grc'><strong>6.</strong></span> <span class='ocrx_word' id='word_1_201' title='bbox 1808 2096 2086 2158; x_wconf 84' lang='lat' dir='ltr'><strong>Quomodo</strong></span> <span class='ocrx_word' id='word_1_202' title='bbox 2114 2095 2354 2145; x_wconf 89' lang='lat' dir='ltr'><strong>Christus</strong></span> <span class='ocrx_word' id='word_1_203' title='bbox 2391 2110 2450 2145; x_wconf 86' lang='lat' dir='ltr'><strong>se</strong></span> <span class='ocrx_word' id='word_1_204' title='bbox 2476 2094 2615 2144; x_wconf 90' lang='lat' dir='ltr'><strong>diem</strong></span> 
     </span>
     <span class='ocr_line' id='line_1_53' title="bbox 1700 2164 2756 2285; baseline -0.002 -71"><span class='ocrx_word' id='word_1_205' title='bbox 1700 2166 1884 2285; x_wconf 48' lang='grc' dir='ltr'><strong>ἱιὶιὲἱῗίοἰί</strong></span> <span class='ocrx_word' id='word_1_206' title='bbox 1927 2166 2172 2232; x_wconf 86' lang='lat' dir='ltr'><strong>ignorare</strong></span> <span class='ocrx_word' id='word_1_207' title='bbox 2209 2164 2384 2214; x_wconf 85' lang='lat' dir='ltr'><strong>dicere</strong></span> <span class='ocrx_word' id='word_1_208' title='bbox 2431 2168 2617 2229; x_wconf 86' lang='lat' dir='ltr'><strong>potue·</strong></span> <span class='ocrx_word' id='word_1_209' title='bbox 2694 2260 2756 2269; x_wconf 54' lang='grc'><strong>.-</strong></span> 
     </span>
    </p>
   </div>
   <div class='ocr_carea' id='block_1_18' title="bbox 1632 2318 2614 2440">
    <p class='ocr_par' dir='ltr' id='par_1_20' title="bbox 1632 2318 2614 2440">
     <span class='ocr_line' id='line_1_54' title="bbox 1632 2318 2614 2386; baseline 0.002 -17"><span class='ocrx_word' id='word_1_210' title='bbox 1632 2320 1907 2386; x_wconf 77' lang='lat' dir='ltr'><strong>Digressio</strong></span> <span class='ocrx_word' id='word_1_211' title='bbox 1979 2319 2047 2371; x_wconf 88' lang='lat' dir='ltr'><strong>de</strong></span> <span class='ocrx_word' id='word_1_212' title='bbox 2118 2320 2284 2385; x_wconf 75' lang='lat' dir='ltr'><strong>sig-nis</strong></span> <span class='ocrx_word' id='word_1_213' title='bbox 2351 2318 2614 2371; x_wconf 84' lang='lat' dir='ltr'><strong>adventus</strong></span> 
     </span>
     <span class='ocr_line' id='line_1_55' title="bbox 1703 2390 2606 2440; baseline -0.002 -1"><span class='ocrx_word' id='word_1_214' title='bbox 1703 2390 1920 2439; x_wconf 89' lang='lat' dir='ltr'><strong>Domini</strong></span> <span class='ocrx_word' id='word_1_215' title='bbox 1955 2425 2606 2440; x_wconf 85' lang='grc'><strong>............</strong></span> 
     </span>
    </p>
   </div>
   <div class='ocr_carea' id='block_1_19' title="bbox 2685 1855 2750 1903">
    <p class='ocr_par' dir='ltr' id='par_1_21' title="bbox 2685 1855 2750 1903">
     <span class='ocr_line' id='line_1_56' title="bbox 2685 1855 2750 1903; baseline 0 0"><span class='ocrx_word' id='word_1_216' title='bbox 2685 1855 2750 1903; x_wconf 83' lang='grc'><strong>91</strong></span> 
     </span>
    </p>
   </div>
   <div class='ocr_carea' id='block_1_20' title="bbox 2691 2036 2756 2045">
    <p class='ocr_par' dir='ltr' id='par_1_22' title="bbox 2691 2036 2756 2045">
     <span class='ocr_line' id='line_1_57' title="bbox 2691 2036 2756 2045; baseline 0.015 -1"><span class='ocrx_word' id='word_1_217' title='bbox 2691 2036 2756 2045; x_wconf 73' lang='grc'><strong>..-</strong></span> 
     </span>
    </p>
   </div>
   <div class='ocr_carea' id='block_1_21' title="bbox 2689 2389 2755 2437">
    <p class='ocr_par' dir='ltr' id='par_1_23' title="bbox 2689 2389 2755 2437">
     <span class='ocr_line' id='line_1_58' title="bbox 2689 2389 2755 2437; baseline 0 0"><span class='ocrx_word' id='word_1_218' title='bbox 2689 2389 2755 2437; x_wconf 85' lang='grc'><strong>92</strong></span> 
     </span>
    </p>
   </div>
   <div class='ocr_carea' id='block_1_22' title="bbox 1116 2610 1906 2678">
    <p class='ocr_par' dir='ltr' id='par_1_24' title="bbox 1116 2610 1906 2678">
     <span class='ocr_line' id='line_1_59' title="bbox 1116 2610 1906 2678; baseline -0.003 -1"><span class='ocrx_word' id='word_1_219' title='bbox 1116 2611 1415 2678; x_wconf 82' lang='lat' dir='ltr'><strong>CAPUT</strong></span> <span class='ocrx_word' id='word_1_220' title='bbox 1468 2610 1906 2676; x_wconf 87' lang='lat' dir='ltr'><strong>ALTERUM</strong></span> 
     </span>
    </p>
   </div>
   <div class='ocr_carea' id='block_1_23' title="bbox 357 2732 2656 2889">
    <p class='ocr_par' dir='ltr' id='par_1_25' title="bbox 357 2732 2656 2889">
     <span class='ocr_line' id='line_1_60' title="bbox 357 2732 2656 2798; baseline -0 -13"><span class='ocrx_word' id='word_1_221' title='bbox 357 2732 741 2785; x_wconf 82' lang='lat' dir='ltr'>HISTORIAS</span> <span class='ocrx_word' id='word_1_222' title='bbox 786 2734 1181 2798; x_wconf 84' lang='lat' dir='ltr'><strong>PASSIONIS,</strong></span> <span class='ocrx_word' id='word_1_223' title='bbox 1228 2734 1856 2786; x_wconf 81' lang='lat' dir='ltr'><strong>RESURRECTIONIS</strong></span> <span class='ocrx_word' id='word_1_224' title='bbox 1900 2733 2144 2795; x_wconf 80' lang='lat' dir='ltr'><strong>ATQUE</strong></span> <span class='ocrx_word' id='word_1_225' title='bbox 2187 2732 2656 2784; x_wconf 82' lang='lat' dir='ltr'>ASCENSIONIS</span> 
     </span>
     <span class='ocr_line' id='line_1_61' title="bbox 1159 2836 1848 2889; baseline -0.001 -2"><span class='ocrx_word' id='word_1_226' title='bbox 1159 2840 1227 2889; x_wconf 92' lang='lat' dir='ltr'><strong>D.</strong></span> <span class='ocrx_word' id='word_1_227' title='bbox 1251 2840 1315 2889; x_wconf 91' lang='lat' dir='ltr'><strong>N.</strong></span> <span class='ocrx_word' id='word_1_228' title='bbox 1334 2839 1387 2889; x_wconf 86' lang='lat' dir='ltr'><strong>J.</strong></span> <span class='ocrx_word' id='word_1_229' title='bbox 1412 2837 1471 2888; x_wconf 94' lang='lat' dir='ltr'><strong>C.</strong></span> <span class='ocrx_word' id='word_1_230' title='bbox 1496 2836 1848 2889; x_wconf 78' lang='lat' dir='ltr'>ENARRAT.</span> 
     </span>
    </p>
   </div>
   <div class='ocr_carea' id='block_1_24' title="bbox 258 2974 1316 3529">
    <p class='ocr_par' dir='ltr' id='par_1_26' title="bbox 258 2974 1313 3132">
     <span class='ocr_line' id='line_1_62' title="bbox 258 2974 1313 3061; baseline -0.002 -18"><span class='ocrx_word' id='word_1_231' title='bbox 258 2981 319 3059; x_wconf 64' lang='lat'><strong>§-</strong></span> <span class='ocrx_word' id='word_1_232' title='bbox 366 2978 469 3042; x_wconf 88' lang='grc'><strong>21.</strong></span> <span class='ocrx_word' id='word_1_233' title='bbox 516 2976 621 3040; x_wconf 90' lang='lat' dir='ltr'><strong>De</strong></span> <span class='ocrx_word' id='word_1_234' title='bbox 662 2974 1124 3061; x_wconf 84' lang='lat' dir='ltr'><strong>praecellentia</strong></span> <span class='ocrx_word' id='word_1_235' title='bbox 1158 2975 1313 3041; x_wconf 86' lang='lat' dir='ltr'><strong>Pas-</strong></span> 
     </span>
     <span class='ocr_line' id='line_1_63' title="bbox 512 3061 1304 3132; baseline 0.01 -7"><span class='ocrx_word' id='word_1_236' title='bbox 512 3062 709 3128; x_wconf 86' lang='lat' dir='ltr'><strong>sionis</strong></span> <span class='ocrx_word' id='word_1_237' title='bbox 749 3061 987 3126; x_wconf 88' lang='lat' dir='ltr'><strong>Christi</strong></span> <span class='ocrx_word' id='word_1_238' title='bbox 1058 3119 1304 3132; x_wconf 92' lang='grc'><strong>.....</strong></span> 
     </span>
    </p>

    <p class='ocr_par' dir='ltr' id='par_1_27' title="bbox 260 3169 1316 3373">
     <span class='ocr_line' id='line_1_64' title="bbox 260 3169 1315 3248; baseline 0.004 -18"><span class='ocrx_word' id='word_1_239' title='bbox 260 3170 321 3248; x_wconf 64' lang='grc' dir='ltr'><strong>ξ.</strong></span> <span class='ocrx_word' id='word_1_240' title='bbox 367 3169 472 3234; x_wconf 80' lang='lat'><strong>22.</strong></span> <span class='ocrx_word' id='word_1_241' title='bbox 518 3184 779 3235; x_wconf 86' lang='lat' dir='ltr'><strong>Dominus</strong></span> <span class='ocrx_word' id='word_1_242' title='bbox 805 3184 946 3234; x_wconf 86' lang='lat' dir='ltr'><strong>diem</strong></span> <span class='ocrx_word' id='word_1_243' title='bbox 970 3185 1155 3235; x_wconf 86' lang='lat' dir='ltr'><strong>mortis</strong></span> <span class='ocrx_word' id='word_1_244' title='bbox 1185 3198 1315 3235; x_wconf 84' lang='lat' dir='ltr'><strong>suae</strong></span> 
     </span>
     <span class='ocr_line' id='line_1_65' title="bbox 512 3253 1315 3318; baseline 0 -15"><span class='ocrx_word' id='word_1_245' title='bbox 512 3255 712 3304; x_wconf 86' lang='lat' dir='ltr'><strong>instare</strong></span> <span class='ocrx_word' id='word_1_246' title='bbox 768 3253 921 3317; x_wconf 83' lang='lat' dir='ltr'><strong>dicit3</strong></span> <span class='ocrx_word' id='word_1_247' title='bbox 977 3254 1315 3318; x_wconf 83' lang='lat' dir='ltr'><strong>magistratus</strong></span> 
     </span>
     <span class='ocr_line' id='line_1_66' title="bbox 516 3322 1316 3373; baseline -0.001 -1"><span class='ocrx_word' id='word_1_248' title='bbox 516 3322 715 3372; x_wconf 86' lang='lat' dir='ltr'><strong>iudaici</strong></span> <span class='ocrx_word' id='word_1_249' title='bbox 726 3322 1048 3372; x_wconf 81' lang='lat' dir='ltr'><strong>machinatio</strong></span> <span class='ocrx_word' id='word_1_250' title='bbox 1062 3324 1118 3370; x_wconf 89' lang='lat' dir='ltr'><strong>iu</strong></span> <span class='ocrx_word' id='word_1_251' title='bbox 1129 3322 1167 3371; x_wconf 91' lang='lat' dir='ltr'><strong>J</strong></span> <span class='ocrx_word' id='word_1_252' title='bbox 1170 3338 1316 3373; x_wconf 86' lang='lat' dir='ltr'><strong>esum</strong></span> 
     </span>
    </p>

    <p class='ocr_par' dir='ltr' id='par_1_28' title="bbox 329 3408 1315 3529">
     <span class='ocr_line' id='line_1_67' title="bbox 329 3408 1315 3474; baseline -0.002 -15"><span class='ocrx_word' id='word_1_253' title='bbox 329 3408 501 3459; x_wconf 88' lang='lat' dir='ltr'><strong>Judas</strong></span> <span class='ocrx_word' id='word_1_254' title='bbox 544 3409 829 3459; x_wconf 87' lang='lat' dir='ltr'><strong>Iscariotes</strong></span> <span class='ocrx_word' id='word_1_255' title='bbox 874 3410 1163 3474; x_wconf 85' lang='lat' dir='ltr'><strong>paciscitur</strong></span> <span class='ocrx_word' id='word_1_256' title='bbox 1197 3424 1315 3459; x_wconf 88' lang='lat' dir='ltr'><strong>cum</strong></span> 
     </span>
     <span class='ocr_line' id='line_1_68' title="bbox 398 3478 703 3529; baseline 0.007 -2"><span class='ocrx_word' id='word_1_257' title='bbox 398 3478 703 3529; x_wconf 80' lang='lat' dir='ltr'><strong>Pharisaeis</strong></span> 
     </span>
    </p>
   </div>
   <div class='ocr_carea' id='block_1_25' title="bbox 330 3558 1318 3902">
    <p class='ocr_par' dir='ltr' id='par_1_29' title="bbox 330 3558 1318 3902">
     <span class='ocr_line' id='line_1_69' title="bbox 330 3558 1317 3632; baseline -0.001 -18"><span class='ocrx_word' id='word_1_258' title='bbox 330 3565 394 3614; x_wconf 90' lang='lat' dir='ltr'><strong>N.</strong></span> <span class='ocrx_word' id='word_1_259' title='bbox 421 3566 469 3613; x_wconf 88' lang='grc'><strong>2.</strong></span> <span class='ocrx_word' id='word_1_260' title='bbox 505 3560 763 3631; x_wconf 79' lang='grc' dir='ltr'>τριάκοντα</span> <span class='ocrx_word' id='word_1_261' title='bbox 791 3558 1021 3632; x_wconf 73' lang='grc' dir='ltr'>ἀργύριαε</span> <span class='ocrx_word' id='word_1_262' title='bbox 1060 3570 1317 3631; x_wconf 86' lang='lat' dir='ltr'><strong>quantum</strong></span> 
     </span>
     <span class='ocr_line' id='line_1_70' title="bbox 400 3632 1318 3699; baseline -0.001 -16"><span class='ocrx_word' id='word_1_263' title='bbox 400 3632 637 3683; x_wconf 83' lang='lat' dir='ltr'><strong>efficiant</strong></span> <span class='ocrx_word' id='word_1_264' title='bbox 648 3633 858 3699; x_wconf 88' lang='lat' dir='ltr'><strong>pondus</strong></span> <span class='ocrx_word' id='word_1_265' title='bbox 869 3635 1131 3699; x_wconf 85' lang='lat' dir='ltr'><strong>pecuniae</strong></span> <span class='ocrx_word' id='word_1_266' title='bbox 1139 3635 1164 3682; x_wconf 83' lang='lat'><strong>⁴?</strong></span> <span class='ocrx_word' id='word_1_267' title='bbox 1177 3633 1318 3694; x_wconf 89' lang='lat' dir='ltr'><strong>Quid</strong></span> 
     </span>
     <span class='ocr_line' id='line_1_71' title="bbox 401 3701 1316 3769; baseline -0.001 -17"><span class='ocrx_word' id='word_1_268' title='bbox 401 3703 729 3753; x_wconf 86' lang='lat' dir='ltr'><strong>censendum</strong></span> <span class='ocrx_word' id='word_1_269' title='bbox 764 3703 834 3752; x_wconf 89' lang='lat' dir='ltr'><strong>sit</strong></span> <span class='ocrx_word' id='word_1_270' title='bbox 857 3702 925 3751; x_wconf 88' lang='lat' dir='ltr'><strong>de</strong></span> <span class='ocrx_word' id='word_1_271' title='bbox 955 3701 1189 3769; x_wconf 77' lang='lat' dir='ltr'><strong>allegato</strong></span> <span class='ocrx_word' id='word_1_272' title='bbox 1224 3702 1316 3751; x_wconf 85' lang='lat' dir='ltr'><strong>Je-</strong></span> 
     </span>
     <span class='ocr_line' id='line_1_72' title="bbox 401 3770 1315 3837; baseline -0.002 -16"><span class='ocrx_word' id='word_1_273' title='bbox 401 3772 599 3822; x_wconf 88' lang='lat' dir='ltr'><strong>remiae</strong></span> <span class='ocrx_word' id='word_1_274' title='bbox 646 3772 897 3822; x_wconf 80' lang='lat' dir='ltr'><strong>vaticinio</strong></span> <span class='ocrx_word' id='word_1_275' title='bbox 944 3770 1085 3837; x_wconf 89' lang='lat' dir='ltr'><strong>apud</strong></span> <span class='ocrx_word' id='word_1_276' title='bbox 1128 3770 1315 3821; x_wconf 85' lang='lat' dir='ltr'><strong>Matth.</strong></span> 
     </span>
     <span class='ocr_line' id='line_1_73' title="bbox 400 3842 1306 3902; baseline -0.002 -11"><span class='ocrx_word' id='word_1_277' title='bbox 400 3842 484 3902; x_wconf 85' lang='grc'><strong>27,</strong></span> <span class='ocrx_word' id='word_1_278' title='bbox 522 3843 609 3892; x_wconf 67' lang='grc' dir='ltr'><strong>9.“ἒ</strong></span> <span class='ocrx_word' id='word_1_279' title='bbox 659 3877 1306 3891; x_wconf 92' lang='grc'><strong>............</strong></span> 
     </span>
    </p>
   </div>
   <div class='ocr_carea' id='block_1_26' title="bbox 330 3924 1317 4186">
    <p class='ocr_par' dir='ltr' id='par_1_30' title="bbox 330 3924 1317 4186">
     <span class='ocr_line' id='line_1_74' title="bbox 330 3924 1317 3992; baseline -0.002 -15"><span class='ocrx_word' id='word_1_280' title='bbox 330 3926 396 3977; x_wconf 86' lang='grc' dir='ltr'><strong>Ν.</strong></span> <span class='ocrx_word' id='word_1_281' title='bbox 437 3930 482 3977; x_wconf 93' lang='grc'><strong>1.</strong></span> <span class='ocrx_word' id='word_1_282' title='bbox 521 3924 755 3992; x_wconf 89' lang='lat' dir='ltr'><strong>Caiphas</strong></span> <span class='ocrx_word' id='word_1_283' title='bbox 792 3929 847 3975; x_wconf 86' lang='lat' dir='ltr'><strong>et</strong></span> <span class='ocrx_word' id='word_1_284' title='bbox 883 3925 1055 3975; x_wconf 86' lang='lat' dir='ltr'><strong>Judas</strong></span> <span class='ocrx_word' id='word_1_285' title='bbox 1091 3926 1317 3975; x_wconf 85' lang='lat' dir='ltr'><strong>maxime</strong></span> 
     </span>
     <span class='ocr_line' id='line_1_75' title="bbox 398 3994 1316 4046; baseline -0.001 -1"><span class='ocrx_word' id='word_1_286' title='bbox 398 3997 538 4046; x_wconf 87' lang='lat' dir='ltr'><strong>inter</strong></span> <span class='ocrx_word' id='word_1_287' title='bbox 617 4010 811 4045; x_wconf 85' lang='lat' dir='ltr'><strong>causas</strong></span> <span class='ocrx_word' id='word_1_288' title='bbox 886 3994 1316 4045; x_wconf 87' lang='lat' dir='ltr'><strong>instrumentales</strong></span> 
     </span>
     <span class='ocr_line' id='line_1_76' title="bbox 399 4063 1316 4131; baseline -0.001 -17"><span class='ocrx_word' id='word_1_289' title='bbox 399 4064 713 4115; x_wconf 83' lang='lat' dir='ltr'><strong>Passionem</strong></span> <span class='ocrx_word' id='word_1_290' title='bbox 748 4065 815 4115; x_wconf 94' lang='lat' dir='ltr'><strong>D.</strong></span> <span class='ocrx_word' id='word_1_291' title='bbox 840 4064 905 4114; x_wconf 89' lang='lat' dir='ltr'><strong>N.</strong></span> <span class='ocrx_word' id='word_1_292' title='bbox 931 4064 983 4114; x_wconf 90' lang='lat' dir='ltr'><strong>J.</strong></span> <span class='ocrx_word' id='word_1_293' title='bbox 1011 4063 1071 4115; x_wconf 95' lang='lat' dir='ltr'><strong>C.</strong></span> <span class='ocrx_word' id='word_1_294' title='bbox 1108 4078 1316 4131; x_wconf 90' lang='lat' dir='ltr'><strong>promo-</strong></span> 
     </span>
     <span class='ocr_line' id='line_1_77' title="bbox 400 4133 1305 4186; baseline 0.001 -4"><span class='ocrx_word' id='word_1_295' title='bbox 400 4138 588 4186; x_wconf 80' lang='lat' dir='ltr'><strong>ventes</strong></span> <span class='ocrx_word' id='word_1_296' title='bbox 624 4133 925 4183; x_wconf 83' lang='lat' dir='ltr'><strong>reseruntur</strong></span> <span class='ocrx_word' id='word_1_297' title='bbox 948 4170 1305 4184; x_wconf 89' lang='grc'><strong>.......</strong></span> 
     </span>
    </p>
   </div>
   <div class='ocr_carea' id='block_1_27' title="bbox 326 4218 1319 4562">
    <p class='ocr_par' dir='ltr' id='par_1_31' title="bbox 329 4218 1315 4409">
     <span class='ocr_line' id='line_1_78' title="bbox 329 4218 1315 4283; baseline -0.004 -12"><span class='ocrx_word' id='word_1_298' title='bbox 329 4220 491 4271; x_wconf 86' lang='lat' dir='ltr'><strong>Jesus</strong></span> <span class='ocrx_word' id='word_1_299' title='bbox 552 4226 671 4271; x_wconf 90' lang='lat' dir='ltr'><strong>orat</strong></span> <span class='ocrx_word' id='word_1_300' title='bbox 726 4220 781 4269; x_wconf 93' lang='lat' dir='ltr'><strong>in</strong></span> <span class='ocrx_word' id='word_1_301' title='bbox 846 4224 1026 4270; x_wconf 86' lang='lat' dir='ltr'><strong>monte</strong></span> <span class='ocrx_word' id='word_1_302' title='bbox 1087 4218 1315 4283; x_wconf 82' lang='lat' dir='ltr'><strong>Oliveti3</strong></span> 
     </span>
     <span class='ocr_line' id='line_1_79' title="bbox 398 4285 1315 4354; baseline -0.002 -15"><span class='ocrx_word' id='word_1_303' title='bbox 398 4290 557 4339; x_wconf 89' lang='lat' dir='ltr'><strong>mittit</strong></span> <span class='ocrx_word' id='word_1_304' title='bbox 601 4290 737 4339; x_wconf 89' lang='lat' dir='ltr'><strong>duos</strong></span> <span class='ocrx_word' id='word_1_305' title='bbox 784 4285 1075 4354; x_wconf 88' lang='lat' dir='ltr'><strong>discipulos</strong></span> <span class='ocrx_word' id='word_1_306' title='bbox 1118 4286 1189 4337; x_wconf 88' lang='lat' dir='ltr'><strong>ad</strong></span> <span class='ocrx_word' id='word_1_307' title='bbox 1223 4302 1315 4354; x_wconf 84' lang='lat' dir='ltr'><strong>pa-</strong></span> 
     </span>
     <span class='ocr_line' id='line_1_80' title="bbox 398 4357 1306 4409; baseline -0.001 -2"><span class='ocrx_word' id='word_1_308' title='bbox 398 4357 623 4408; x_wconf 84' lang='lat' dir='ltr'><strong>randum</strong></span> <span class='ocrx_word' id='word_1_309' title='bbox 648 4358 861 4409; x_wconf 80' lang='lat' dir='ltr'><strong>Pascha</strong></span> <span class='ocrx_word' id='word_1_310' title='bbox 888 4394 1306 4408; x_wconf 91' lang='lat'><strong>........</strong></span> 
     </span>
    </p>

    <p class='ocr_par' dir='ltr' id='par_1_32' title="bbox 326 4426 1319 4562">
     <span class='ocr_line' id='line_1_81' title="bbox 326 4426 1319 4493; baseline -0.002 -16"><span class='ocrx_word' id='word_1_311' title='bbox 326 4428 519 4477; x_wconf 83' lang='lat' dir='ltr'><strong>Petrus</strong></span> <span class='ocrx_word' id='word_1_312' title='bbox 580 4431 633 4478; x_wconf 89' lang='lat' dir='ltr'><strong>et</strong></span> <span class='ocrx_word' id='word_1_313' title='bbox 690 4426 931 4477; x_wconf 88' lang='lat' dir='ltr'><strong>Joannes</strong></span> <span class='ocrx_word' id='word_1_314' title='bbox 996 4431 1319 4493; x_wconf 85' lang='lat' dir='ltr'><strong>praeparant</strong></span> 
     </span>
     <span class='ocr_line' id='line_1_82' title="bbox 398 4496 941 4562; baseline -0.004 -15"><span class='ocrx_word' id='word_1_315' title='bbox 398 4512 596 4562; x_wconf 76' lang='lat' dir='ltr'><strong>agnum</strong></span> <span class='ocrx_word' id='word_1_316' title='bbox 670 4496 941 4547; x_wconf 81' lang='lat' dir='ltr'><strong>aschalem</strong></span> 
     </span>
    </p>
   </div>
   <div class='ocr_carea' id='block_1_28' title="bbox 332 4562 1307 4633">
    <p class='ocr_par' dir='ltr' id='par_1_33' title="bbox 332 4562 1307 4633">
     <span class='ocr_line' id='line_1_83' title="bbox 332 4562 1307 4633; baseline 0 0"><span class='ocrx_word' id='word_1_317' title='bbox 332 4562 564 4633; x_wconf 85' lang='lat' dir='ltr'><strong>Coena</strong></span> <span class='ocrx_word' id='word_1_318' title='bbox 677 4564 875 4631; x_wconf 86' lang='lat' dir='ltr'><strong>omini</strong></span> <span class='ocrx_word' id='word_1_319' title='bbox 910 4618 1307 4633; x_wconf 89' lang='grc'><strong>........</strong></span> 
     </span>
    </p>
   </div>
   <div class='ocr_carea' id='block_1_29' title="bbox 1387 3324 1454 3372">
    <p class='ocr_par' dir='ltr' id='par_1_34' title="bbox 1387 3324 1454 3372">
     <span class='ocr_line' id='line_1_84' title="bbox 1387 3324 1454 3372; baseline 0 0"><span class='ocrx_word' id='word_1_320' title='bbox 1387 3324 1454 3372; x_wconf 86' lang='grc'><strong>96</strong></span> 
     </span>
    </p>
   </div>
   <div class='ocr_carea' id='block_1_30' title="bbox 1387 3478 1453 3527">
    <p class='ocr_par' dir='ltr' id='par_1_35' title="bbox 1387 3478 1453 3527">
     <span class='ocr_line' id='line_1_85' title="bbox 1387 3478 1453 3527; baseline 0.015 -1"><span class='ocrx_word' id='word_1_321' title='bbox 1387 3478 1453 3527; x_wconf 84' lang='grc'><strong>97</strong></span> 
     </span>
    </p>
   </div>
   <div class='ocr_carea' id='block_1_31' title="bbox 1633 2976 2620 3315">
    <p class='ocr_par' dir='ltr' id='par_1_36' title="bbox 1633 2976 2620 3315">
     <span class='ocr_line' id='line_1_86' title="bbox 1633 2976 2620 3041; baseline 0 -16"><span class='ocrx_word' id='word_1_322' title='bbox 1633 2977 1925 3041; x_wconf 82' lang='lat' dir='ltr'><strong>Digressio.</strong></span> <span class='ocrx_word' id='word_1_323' title='bbox 1999 2976 2308 3037; x_wconf 83' lang='lat' dir='ltr'><strong>Quaeritur:</strong></span> <span class='ocrx_word' id='word_1_324' title='bbox 2373 2990 2498 3025; x_wconf 88' lang='lat' dir='ltr'><strong>num</strong></span> <span class='ocrx_word' id='word_1_325' title='bbox 2553 2990 2620 3025; x_wconf 90' lang='lat' dir='ltr'><strong>ea</strong></span> 
     </span>
     <span class='ocr_line' id='line_1_87' title="bbox 1703 3044 2616 3110; baseline 0.001 -16"><span class='ocrx_word' id='word_1_326' title='bbox 1703 3060 1864 3110; x_wconf 87' lang='lat' dir='ltr'><strong>quam</strong></span> <span class='ocrx_word' id='word_1_327' title='bbox 1901 3060 1943 3094; x_wconf 82' lang='lat' dir='ltr'><strong>s.</strong></span> <span class='ocrx_word' id='word_1_328' title='bbox 1969 3044 2210 3095; x_wconf 82' lang='lat' dir='ltr'><strong>Joannes</strong></span> <span class='ocrx_word' id='word_1_329' title='bbox 2252 3047 2332 3107; x_wconf 89' lang='grc'><strong>13,</strong></span> <span class='ocrx_word' id='word_1_330' title='bbox 2362 3048 2409 3094; x_wconf 92' lang='grc'><strong>1.</strong></span> <span class='ocrx_word' id='word_1_331' title='bbox 2447 3061 2486 3095; x_wconf 88' lang='lat' dir='ltr'><strong>s.</strong></span> <span class='ocrx_word' id='word_1_332' title='bbox 2527 3045 2616 3095; x_wconf 90' lang='lat' dir='ltr'><strong>de-</strong></span> 
     </span>
     <span class='ocr_line' id='line_1_88' title="bbox 1701 3114 2614 3177; baseline 0.001 -15"><span class='ocrx_word' id='word_1_333' title='bbox 1701 3115 1886 3164; x_wconf 85' lang='lat' dir='ltr'><strong>scribit</strong></span> <span class='ocrx_word' id='word_1_334' title='bbox 1904 3129 2074 3164; x_wconf 87' lang='lat' dir='ltr'><strong>coena</strong></span> <span class='ocrx_word' id='word_1_335' title='bbox 2094 3114 2288 3165; x_wconf 86' lang='lat' dir='ltr'><strong>Christi</strong></span> <span class='ocrx_word' id='word_1_336' title='bbox 2311 3114 2614 3177; x_wconf 85' lang='lat' dir='ltr'><strong>novissima,</strong></span> 
     </span>
     <span class='ocr_line' id='line_1_89' title="bbox 1703 3182 2615 3245; baseline 0.001 -13"><span class='ocrx_word' id='word_1_337' title='bbox 1703 3198 1822 3232; x_wconf 89' lang='lat' dir='ltr'><strong>cum</strong></span> <span class='ocrx_word' id='word_1_338' title='bbox 1856 3182 1950 3232; x_wconf 89' lang='lat' dir='ltr'><strong>illa</strong></span> <span class='ocrx_word' id='word_1_339' title='bbox 1971 3183 2159 3233; x_wconf 88' lang='lat' dir='ltr'><strong>Matth.</strong></span> <span class='ocrx_word' id='word_1_340' title='bbox 2186 3185 2269 3245; x_wconf 87' lang='grc'><strong>26,</strong></span> <span class='ocrx_word' id='word_1_341' title='bbox 2298 3187 2344 3232; x_wconf 94' lang='grc'><strong>1.</strong></span> <span class='ocrx_word' id='word_1_342' title='bbox 2371 3199 2412 3233; x_wconf 90' lang='lat' dir='ltr'><strong>s.</strong></span> <span class='ocrx_word' id='word_1_343' title='bbox 2450 3184 2615 3233; x_wconf 88' lang='lat' dir='ltr'><strong>Marc.</strong></span> 
     </span>
     <span class='ocr_line' id='line_1_90' title="bbox 1705 3252 2616 3315; baseline 0 -14"><span class='ocrx_word' id='word_1_344' title='bbox 1705 3254 1786 3315; x_wconf 90' lang='lat'><strong>14,</strong></span> <span class='ocrx_word' id='word_1_345' title='bbox 1828 3255 1873 3302; x_wconf 91' lang='lat'><strong>1.</strong></span> <span class='ocrx_word' id='word_1_346' title='bbox 1911 3270 1953 3303; x_wconf 88' lang='lat' dir='ltr'><strong>s.</strong></span> <span class='ocrx_word' id='word_1_347' title='bbox 2001 3253 2133 3302; x_wconf 87' lang='lat' dir='ltr'><strong>Luc.</strong></span> <span class='ocrx_word' id='word_1_348' title='bbox 2162 3254 2246 3314; x_wconf 91' lang='grc'><strong>22,</strong></span> <span class='ocrx_word' id='word_1_349' title='bbox 2277 3255 2322 3302; x_wconf 90' lang='grc'><strong>1.</strong></span> <span class='ocrx_word' id='word_1_350' title='bbox 2347 3268 2390 3301; x_wconf 90' lang='lat' dir='ltr'><strong>s.</strong></span> <span class='ocrx_word' id='word_1_351' title='bbox 2429 3252 2616 3301; x_wconf 89' lang='lat' dir='ltr'><strong>eadem</strong></span> 
     </span>
    </p>
   </div>
   <div class='ocr_carea' id='block_1_32' title="bbox 1701 3320 2757 3371">
    <p class='ocr_par' dir='ltr' id='par_1_37' title="bbox 1701 3320 2757 3371">
     <span class='ocr_line' id='line_1_91' title="bbox 1701 3320 2757 3371; baseline 0.001 -1"><span class='ocrx_word' id='word_1_352' title='bbox 1701 3320 1952 3371; x_wconf 84' lang='lat' dir='ltr'><strong>habenda</strong></span> <span class='ocrx_word' id='word_1_353' title='bbox 1987 3323 2092 3371; x_wconf 77' lang='lat' dir='ltr'><strong>sit?</strong></span> <span class='ocrx_word' id='word_1_354' title='bbox 2132 3358 2608 3371; x_wconf 89' lang='grc'><strong>.........</strong></span> <span class='ocrx_word' id='word_1_355' title='bbox 2691 3323 2757 3371; x_wconf 85' lang='grc'><strong>99</strong></span> 
     </span>
    </p>
   </div>
   <div class='ocr_carea' id='block_1_33' title="bbox 1561 3420 2618 3509">
    <p class='ocr_par' dir='ltr' id='par_1_38' title="bbox 1561 3420 2618 3509">
     <span class='ocr_line' id='line_1_92' title="bbox 1561 3420 2618 3509; baseline 0.004 -23"><span class='ocrx_word' id='word_1_356' title='bbox 1561 3425 1619 3503; x_wconf 64' lang='grc' dir='ltr'><strong>ξ.</strong></span> <span class='ocrx_word' id='word_1_357' title='bbox 1668 3426 1772 3491; x_wconf 89' lang='grc'><strong>23.</strong></span> <span class='ocrx_word' id='word_1_358' title='bbox 1817 3422 2010 3488; x_wconf 85' lang='lat' dir='ltr'><strong>Lotio</strong></span> <span class='ocrx_word' id='word_1_359' title='bbox 2057 3420 2321 3509; x_wconf 88' lang='lat' dir='ltr'><strong>pedum.</strong></span> <span class='ocrx_word' id='word_1_360' title='bbox 2384 3440 2438 3492; x_wconf 84' lang='lat' dir='ltr'><strong>S.</strong></span> <span class='ocrx_word' id='word_1_361' title='bbox 2476 3442 2618 3491; x_wconf 80' lang='lat' dir='ltr'><strong>Petri</strong></span> 
     </span>
    </p>
   </div>
   <div class='ocr_carea' id='block_1_34' title="bbox 1815 3510 2755 3576">
    <p class='ocr_par' dir='ltr' id='par_1_39' title="bbox 1815 3510 2755 3576">
     <span class='ocr_line' id='line_1_93' title="bbox 1815 3510 2755 3576; baseline 0.001 -17"><span class='ocrx_word' id='word_1_362' title='bbox 1815 3512 1872 3559; x_wconf 89' lang='lat' dir='ltr'><strong>in</strong></span> <span class='ocrx_word' id='word_1_363' title='bbox 1907 3510 2000 3559; x_wconf 90' lang='lat' dir='ltr'><strong>illa</strong></span> <span class='ocrx_word' id='word_1_364' title='bbox 2025 3511 2219 3576; x_wconf 80' lang='lat' dir='ltr'><strong>agendi</strong></span> <span class='ocrx_word' id='word_1_365' title='bbox 2255 3512 2392 3560; x_wconf 88' lang='lat' dir='ltr'><strong>ratio</strong></span> <span class='ocrx_word' id='word_1_366' title='bbox 2422 3548 2434 3561; x_wconf 90' lang='lat'>.</span> <span class='ocrx_word' id='word_1_367' title='bbox 2479 3548 2491 3560; x_wconf 95' lang='lat'>.</span> <span class='ocrx_word' id='word_1_368' title='bbox 2538 3549 2548 3559; x_wconf 92' lang='lat'><strong>.</strong></span> <span class='ocrx_word' id='word_1_369' title='bbox 2595 3546 2607 3560; x_wconf 95' lang='lat'>.</span> <span class='ocrx_word' id='word_1_370' title='bbox 2659 3512 2755 3560; x_wconf 88' lang='lat'><strong>101</strong></span> 
     </span>
    </p>
   </div>
   <div class='ocr_carea' id='block_1_35' title="bbox 1631 3596 2618 3717">
    <p class='ocr_par' dir='ltr' id='par_1_40' title="bbox 1631 3596 2618 3717">
     <span class='ocr_line' id='line_1_94' title="bbox 1631 3596 2618 3647; baseline -0.002 0"><span class='ocrx_word' id='word_1_371' title='bbox 1631 3597 1697 3647; x_wconf 91' lang='lat' dir='ltr'><strong>N.</strong></span> <span class='ocrx_word' id='word_1_372' title='bbox 1726 3601 1772 3647; x_wconf 90' lang='lat'><strong>1.</strong></span> <span class='ocrx_word' id='word_1_373' title='bbox 1797 3597 2130 3647; x_wconf 78' lang='lat' dir='ltr'><strong>Pedilavium</strong></span> <span class='ocrx_word' id='word_1_374' title='bbox 2155 3596 2373 3647; x_wconf 87' lang='lat' dir='ltr'><strong>Coenac</strong></span> <span class='ocrx_word' id='word_1_375' title='bbox 2397 3596 2618 3646; x_wconf 85' lang='lat' dir='ltr'><strong>ultimae</strong></span> 
     </span>
     <span class='ocr_line' id='line_1_95' title="bbox 1701 3666 2608 3717; baseline 0 -2"><span class='ocrx_word' id='word_1_376' title='bbox 1701 3667 1803 3716; x_wconf 85' lang='lat' dir='ltr'><strong>fuit</strong></span> <span class='ocrx_word' id='word_1_377' title='bbox 1838 3668 1977 3717; x_wconf 85' lang='lat' dir='ltr'><strong>actio</strong></span> <span class='ocrx_word' id='word_1_378' title='bbox 2016 3666 2436 3717; x_wconf 79' lang='lat' dir='ltr'><strong>extraordinaria</strong></span> <span class='ocrx_word' id='word_1_379' title='bbox 2480 3704 2491 3715; x_wconf 89' lang='lat'><strong>.</strong></span> <span class='ocrx_word' id='word_1_380' title='bbox 2539 3705 2550 3715; x_wconf 94' lang='lat'>.</span> <span class='ocrx_word' id='word_1_381' title='bbox 2596 3704 2608 3715; x_wconf 85' lang='lat'>.</span> 
     </span>
    </p>
   </div>
   <div class='ocr_carea' id='block_1_36' title="bbox 1629 3750 2616 3871">
    <p class='ocr_par' dir='ltr' id='par_1_41' title="bbox 1629 3750 2616 3871">
     <span class='ocr_line' id='line_1_96' title="bbox 1629 3750 2616 3818; baseline -0.001 -17"><span class='ocrx_word' id='word_1_382' title='bbox 1629 3752 1696 3802; x_wconf 91' lang='lat' dir='ltr'><strong>N.</strong></span> <span class='ocrx_word' id='word_1_383' title='bbox 1741 3754 1788 3802; x_wconf 92' lang='grc'><strong>2.</strong></span> <span class='ocrx_word' id='word_1_384' title='bbox 1847 3752 2025 3803; x_wconf 84' lang='lat' dir='ltr'><strong>Causa</strong></span> <span class='ocrx_word' id='word_1_385' title='bbox 2077 3752 2364 3818; x_wconf 81' lang='lat' dir='ltr'><strong>impulsiva</strong></span> <span class='ocrx_word' id='word_1_386' title='bbox 2415 3750 2616 3817; x_wconf 86' lang='lat' dir='ltr'><strong>pedila·</strong></span> 
     </span>
     <span class='ocr_line' id='line_1_97' title="bbox 1701 3838 2606 3871; baseline -0.002 -1"><span class='ocrx_word' id='word_1_387' title='bbox 1701 3838 1772 3870; x_wconf 85' lang='lat' dir='ltr'><strong>vu</strong></span> <span class='ocrx_word' id='word_1_388' title='bbox 1841 3858 2606 3871; x_wconf 89' lang='lat'>..............</span> 
     </span>
    </p>
   </div>
   <div class='ocr_carea' id='block_1_37' title="bbox 1629 3905 2618 4128">
    <p class='ocr_par' dir='ltr' id='par_1_42' title="bbox 1629 3905 2618 4128">
     <span class='ocr_line' id='line_1_98' title="bbox 1629 3905 2615 3971; baseline 0 -15"><span class='ocrx_word' id='word_1_389' title='bbox 1629 3907 1695 3956; x_wconf 90' lang='lat' dir='ltr'><strong>N.</strong></span> <span class='ocrx_word' id='word_1_390' title='bbox 1743 3908 1793 3957; x_wconf 87' lang='lat'><strong>4.</strong></span> <span class='ocrx_word' id='word_1_391' title='bbox 1855 3905 2185 3971; x_wconf 74' lang='lat' dir='ltr'><strong>significatio</strong></span> <span class='ocrx_word' id='word_1_392' title='bbox 2245 3906 2403 3957; x_wconf 85' lang='lat' dir='ltr'><strong>huius</strong></span> <span class='ocrx_word' id='word_1_393' title='bbox 2463 3907 2615 3957; x_wconf 87' lang='lat' dir='ltr'><strong>lotio·</strong></span> 
     </span>
     <span class='ocr_line' id='line_1_99' title="bbox 1699 3992 1783 4026; baseline 0.012 -1"><span class='ocrx_word' id='word_1_394' title='bbox 1699 3992 1783 4026; x_wconf 86' lang='lat' dir='ltr'><strong>ms</strong></span> 
     </span>
     <span class='ocr_line' id='line_1_100' title="bbox 1630 4062 2618 4128; baseline 0 -15"><span class='ocrx_word' id='word_1_395' title='bbox 1630 4063 1695 4113; x_wconf 90' lang='lat' dir='ltr'><strong>N.</strong></span> <span class='ocrx_word' id='word_1_396' title='bbox 1743 4064 1789 4111; x_wconf 91' lang='lat'><strong>1.</strong></span> <span class='ocrx_word' id='word_1_397' title='bbox 1845 4062 2128 4123; x_wconf 76' lang='lat' dir='ltr'><strong>Quaestio,</strong></span> <span class='ocrx_word' id='word_1_398' title='bbox 2184 4077 2278 4111; x_wconf 89' lang='lat' dir='ltr'><strong>cur</strong></span> <span class='ocrx_word' id='word_1_399' title='bbox 2329 4064 2418 4128; x_wconf 90' lang='lat' dir='ltr'><strong>qui</strong></span> <span class='ocrx_word' id='word_1_400' title='bbox 2473 4068 2618 4113; x_wconf 86' lang='lat' dir='ltr'><strong>totus</strong></span> 
     </span>
    </p>
   </div>
   <div class='ocr_carea' id='block_1_38' title="bbox 1699 4130 2619 4265">
    <p class='ocr_par' dir='ltr' id='par_1_43' title="bbox 1699 4130 2619 4265">
     <span class='ocr_line' id='line_1_101' title="bbox 1699 4130 2619 4198; baseline -0.001 -17"><span class='ocrx_word' id='word_1_401' title='bbox 1699 4130 1929 4183; x_wconf 86' lang='lat' dir='ltr'><strong>mundus</strong></span> <span class='ocrx_word' id='word_1_402' title='bbox 1966 4136 2064 4194; x_wconf 86' lang='lat' dir='ltr'><strong>est,</strong></span> <span class='ocrx_word' id='word_1_403' title='bbox 2103 4136 2280 4181; x_wconf 84' lang='lat' dir='ltr'><strong>tamen</strong></span> <span class='ocrx_word' id='word_1_404' title='bbox 2311 4131 2505 4198; x_wconf 84' lang='lat' dir='ltr'><strong>pedum</strong></span> <span class='ocrx_word' id='word_1_405' title='bbox 2541 4130 2619 4180; x_wconf 91' lang='lat' dir='ltr'><strong>lo-</strong></span> 
     </span>
     <span class='ocr_line' id='line_1_102' title="bbox 1701 4200 2551 4265; baseline 0 -16"><span class='ocrx_word' id='word_1_406' title='bbox 1701 4202 1848 4250; x_wconf 86' lang='lat' dir='ltr'><strong>tione</strong></span> <span class='ocrx_word' id='word_1_407' title='bbox 1882 4201 2138 4265; x_wconf 79' lang='lat' dir='ltr'><strong>indigeat,</strong></span> <span class='ocrx_word' id='word_1_408' title='bbox 2176 4200 2432 4251; x_wconf 87' lang='lat' dir='ltr'><strong>solvitur.</strong></span> <span class='ocrx_word' id='word_1_409' title='bbox 2479 4238 2492 4249; x_wconf 92' lang='lat'>.</span> <span class='ocrx_word' id='word_1_410' title='bbox 2538 4238 2551 4249; x_wconf 92' lang='lat'><strong>.</strong></span> 
     </span>
    </p>
   </div>
   <div class='ocr_carea' id='block_1_39' title="bbox 2659 4201 2758 4250">
    <p class='ocr_par' dir='ltr' id='par_1_44' title="bbox 2659 4201 2758 4250">
     <span class='ocr_line' id='line_1_103' title="bbox 2659 4201 2758 4250; baseline 0 -1"><span class='ocrx_word' id='word_1_411' title='bbox 2659 4201 2758 4250; x_wconf 93' lang='grc'><strong>104</strong></span> 
     </span>
    </p>
   </div>
   <div class='ocr_carea' id='block_1_40' title="bbox 1562 4300 2464 4385">
    <p class='ocr_par' dir='ltr' id='par_1_45' title="bbox 1562 4300 2464 4385">
     <span class='ocr_line' id='line_1_104' title="bbox 1562 4300 2464 4385; baseline -0.006 -13"><span class='ocrx_word' id='word_1_412' title='bbox 1562 4308 1622 4385; x_wconf 72' lang='lat'><strong>§-</strong></span> <span class='ocrx_word' id='word_1_413' title='bbox 1671 4307 1774 4371; x_wconf 89' lang='grc'><strong>24.</strong></span> <span class='ocrx_word' id='word_1_414' title='bbox 1822 4301 1865 4367; x_wconf 85' lang='lat' dir='ltr'><strong>J</strong></span> <span class='ocrx_word' id='word_1_415' title='bbox 1869 4325 2017 4367; x_wconf 87' lang='lat' dir='ltr'><strong>esus</strong></span> <span class='ocrx_word' id='word_1_416' title='bbox 2049 4300 2342 4366; x_wconf 86' lang='lat' dir='ltr'><strong>Christus</strong></span> <span class='ocrx_word' id='word_1_417' title='bbox 2387 4324 2464 4367; x_wconf 91' lang='lat' dir='ltr'><strong>co</strong></span> 
     </span>
    </p>
   </div>
   <div class='ocr_carea' id='block_1_41' title="bbox 1815 4324 2618 4558">
    <p class='ocr_par' dir='ltr' id='par_1_46' title="bbox 1815 4324 2617 4558">
     <span class='ocr_line' id='line_1_105' title="bbox 1815 4324 2617 4472; baseline 0 -19"><span class='ocrx_word' id='word_1_418' title='bbox 1815 4391 1903 4455; x_wconf 89' lang='lat' dir='ltr'><strong>ris</strong></span> <span class='ocrx_word' id='word_1_419' title='bbox 1929 4397 1993 4453; x_wconf 90' lang='lat' dir='ltr'><strong>et</strong></span> <span class='ocrx_word' id='word_1_420' title='bbox 2015 4389 2347 4472; x_wconf 86' lang='lat' dir='ltr'><strong>sanguinis</strong></span> <span class='ocrx_word' id='word_1_421' title='bbox 2372 4411 2470 4452; x_wconf 80' lang='lat' dir='ltr'><strong>sui</strong></span> <span class='ocrx_word' id='word_1_422' title='bbox 2450 4324 2617 4453; x_wconf 49' lang='grc' dir='ltr'><strong>ὶὲῑὲἶ</strong></span> 
     </span>
     <span class='ocr_line' id='line_1_106' title="bbox 1818 4473 2618 4558; baseline -0.003 -18"><span class='ocrx_word' id='word_1_423' title='bbox 1818 4485 2239 4558; x_wconf 81' lang='lat' dir='ltr'><strong>eramentum,</strong></span> <span class='ocrx_word' id='word_1_424' title='bbox 2271 4484 2334 4538; x_wconf 87' lang='lat' dir='ltr'><strong>et</strong></span> <span class='ocrx_word' id='word_1_425' title='bbox 2364 4473 2618 4540; x_wconf 86' lang='lat' dir='ltr'><strong>Sacrifi-</strong></span> 
     </span>
    </p>
   </div>
   <div class='ocr_carea' id='block_1_42' title="bbox 1819 4558 2758 4631">
    <p class='ocr_par' dir='ltr' id='par_1_47' title="bbox 1819 4558 2758 4631">
     <span class='ocr_line' id='line_1_107' title="bbox 1819 4558 2758 4631; baseline 0.003 -4"><span class='ocrx_word' id='word_1_426' title='bbox 1819 4563 1991 4627; x_wconf 90' lang='lat' dir='ltr'><strong>cium</strong></span> <span class='ocrx_word' id='word_1_427' title='bbox 2008 4558 2468 4626; x_wconf 80' lang='lat' dir='ltr'><strong>N.T.instituit</strong></span> <span class='ocrx_word' id='word_1_428' title='bbox 2538 4617 2550 4630; x_wconf 92' lang='lat'>.</span> <span class='ocrx_word' id='word_1_429' title='bbox 2596 4618 2607 4629; x_wconf 95' lang='lat'>.</span> <span class='ocrx_word' id='word_1_430' title='bbox 2659 4580 2758 4631; x_wconf 82' lang='lat'><strong>104</strong></span> 
     </span>
    </p>
   </div>
  </div>
 </body>
</html>
