3267 5259
1052 438 1277 481 socienno
1300 439 1521 481 mutis
1548 438 1797 490 panorm».
2549 428 2676 493 323

208 606 407 673 habita
455 612 761 696 apposita
806 612 1121 695 oratione,
1170 612 1254 677 ad
1300 614 1560 677 saniora
1601 614 1958 678 revocavit.
2021 612 2368 699 Synedrini
2400 636 2440 677 a
2467 624 2677 679 morte

206 719 537 786 inferenda
592 722 860 808 quidem
916 722 1397 809 abstinuerunt,
1452 727 1718 790 minime
1774 748 1933 791 vero
1981 724 2065 790 ab
2109 724 2231 789 illis
2283 727 2484 811 virgis
2533 748 2677 791 cae-

209 830 419 897 dendis
442 838 493 918 ¹3
540 836 911 922 iterumque
944 836 1037 901 eis
1068 836 1481 921 mandarunt,
1514 861 1597 903 ne
1632 839 1896 903 omnino
1930 837 2011 902 de
2042 837 2084 901 J
2090 860 2206 902 esu
2234 836 2675 923 loquerentur.

206 944 281 1009 At
328 946 421 1011 illi
482 950 553 1011 in
619 947 896 1014 sublime
957 972 1027 1013 se
1090 960 1357 1016 evectos
1424 952 1581 1035 rati,
1654 951 1832 1037 quod
1891 974 2012 1038 pro
2075 950 2308 1015 Christi
2369 954 2679 1017 nomine²

206 1058 613 1145 vapulassent
630 1110 647 1143 ,
714 1060 1151 1147 Evangelium
1209 1064 1277 1126 in
1336 1063 1583 1150 templo
1601 1114 1618 1147 ,
1691 1066 1990 1151 compitis
2049 1072 2116 1127 et
2173 1062 2319 1130 foro
2381 1064 2676 1129 alacriori

208 1174 403 1239 animo
450 1176 885 1258 annunciant,
944 1174 1113 1241 adeo
1159 1186 1233 1241 ut
1278 1186 1344 1241 et
1386 1178 1619 1261 ingens
1667 1178 2084 1244 sacerdotum
2127 1200 2436 1245 numerus
2479 1177 2677 1242 fidem

206 1284 699 1370 amplecteretur
717 1290 761 1351 ³.

722 1586 780 1665 ξ.
828 1586 933 1651 63.
998 1582 1063 1650 S.
1098 1582 1547 1672 Stephanus
1591 1587 2153 1673 Protomartyr.

396 1770 567 1837 Cum
612 1774 859 1837 iniuriis
894 1784 959 1839 et
990 1777 1315 1839 aerumnis
1349 1784 1619 1840 externe
1667 1786 2017 1862 angeretur
2046 1776 2366 1859 Ecclesia,
2410 1778 2678 1865 internis

206 1882 617 1950 seditionibus
664 1885 910 1950 turbari
960 1890 1193 1973 coepit.
1256 1888 1580 1953 Fidelium
1626 1890 1694 1952 in
1734 1888 1872 1953 dies
1919 1900 2114 1953 aucta
2157 1887 2522 1971 multitude,
2568 1890 2678 1973 qui

208 1996 379 2061 simul
420 2000 613 2062 unius
644 2000 818 2063 vitae
864 2001 1203 2065 sanctioris
1252 2003 1708 2067 communione
1754 2012 2217 2084 convenerant,
2265 2000 2676 2065 dissidiorum

208 2108 531 2174 scintillam
588 2112 759 2175 inter
814 2112 1255 2177 Hellenistas⁴
1317 2124 1384 2177 et
1440 2113 1788 2179 Hebraeos
1847 2114 2124 2180 admisit.
2217 2112 2680 2194 Querebantur

208 2218 453 2305 Graeci,
501 2224 683 2309 quod
728 2227 989 2311 parcius
1034 2226 1245 2291 viduis
1293 2227 1424 2291 suis
1471 2250 1668 2313 quam
1712 2226 2172 2292 Hebraeorum
2220 2226 2676 2311 eleemosynae

208 2338 619 2420 erogarentur
633 2342 680 2401 ⁵.
740 2337 852 2402 Ad
890 2338 1415 2426 comprimendas
1460 2340 1659 2404 hasce
1709 2339 2010 2425 querelas
2039 2338 2360 2427 Apostoli,
2405 2347 2504 2402 tot
2545 2340 2675 2401 iam

204 2444 521 2514 laboribus
558 2452 864 2536 impares,
912 2462 1281 2517 convocata
1322 2451 1609 2517 fidelium
1641 2452 2052 2541 multitudine
2093 2462 2345 2538 septem
2389 2453 2676 2514 virorum

206 2560 447 2643 probati
489 2565 790 2649 nominis,
836 2564 1223 2651 prudentiae
1257 2575 1323 2630 et
1352 2565 1680 2651 religionis
1728 2562 2114 2630 electionem
2158 2571 2675 2651 proposuerunt3

208 2675 309 2759 qui
356 2678 593 2741 coactis
636 2676 929 2742 fidelium
975 2677 1435 2764 eleemosynis,
1494 2702 1684 2743 sacra
1737 2680 2092 2743 ministeria
2145 2676 2388 2742 obeant
2432 2698 2676 2762 paupe—

206 2785 499 2874 ribusque
557 2790 977 2877 opitulentur.
1060 2792 1294 2877 Neque
1359 2793 1530 2856 enim
1584 2792 1688 2856 fas
1747 2791 2081 2875 dixerunt,
2138 2800 2210 2855 ut
2262 2812 2382 2854 nos
2440 2790 2676 2853 omisso

208 2899 697 2983 praedicationis
771 2927 1041 2969 munere
1117 2907 1359 2970 mensis
1424 2908 1880 2970 ministremus,
1982 2904 2290 2969 Omnium
2358 2902 2681 2987 suffragiis

210 3011 517 3097 eliguntur
547 3025 801 3103 septem
834 3017 1093 3083 diaconi
1114 3021 1157 3101 ⁶,
1192 3040 1227 3083 e
1261 3017 1498 3103 quibus
1528 3018 1633 3083 ille
1667 3041 1707 3081 a
1747 3040 2044 3082 corona
2084 3016 2278 3101 digne
2311 3014 2680 3102 adpellatus

208 3124 681 3213 Stephanus,
725 3139 1085 3215 martyrum
1128 3132 1451 3217 primitiae
1477 3135 1537 3215 ⁷3
1584 3129 1823 3195 deinde
1867 3129 2241 3216 Philippus,
2287 3127 2679 3209 ProchoruS,

208 3236 510 3325 Nicanor,
578 3241 851 3326 Timon,
910 3242 1267 3308 Parmenas
1330 3253 1397 3307 et
1452 3242 1764 3309 Nicolaus
1783 3292 1800 3327 ,
1860 3241 2228 3328 proselytus
2286 3239 2676 3305 Antiochiae

210 3354 520 3419 oriundus.
598 3354 769 3420 Cum
815 3354 1185 3442 Stephanus
1240 3355 1461 3421 divino
1522 3358 1753 3443 spiritu
1799 3365 1864 3420 et
1907 3356 2118 3440 gratia
2172 3352 2460 3439 repletus
2517 3350 2680 3416 chri-

206 3466 439 3531 stianae
492 3467 833 3533 doctrinae
889 3468 1299 3555 evulgandae
1352 3470 1581 3534 intenti
1589 3492 1770 3534 orem
1818 3490 2084 3554 operam
2131 3464 2346 3548 daret,
2407 3474 2472 3529 et
2516 3465 2681 3528 mira

409 3751 445 3815 ¹)
470 3750 551 3801 Cf.
572 3750 659 3800 W.
677 3750 746 3801 D.
768 3749 1051 3816 Schoepfii‚
1078 3750 1145 3801 de
1169 3750 1533 3817 flagellatione
1557 3748 1936 3815 Apostolorum
1959 3747 2017 3797 in
2039 3745 2198 3797 Thes.
2217 3744 2292 3796 th.
2311 3744 2399 3811 ph.
2425 3761 2476 3810 p.
2496 3746 2616 3794 439.
2637 3760 2678 3794 s.

206 3832 247 3892 ²)
274 3833 446 3888 unuh.
476 3840 557 3901 10,
587 3840 670 3888 17.
706 3840 793 3901 23,
818 3838 903 3887 34.
964 3838 1007 3903 ³)
1032 3838 1151 3888 Act.
1178 3840 1227 3900 ὅ,
1256 3839 1477 3888 17-42,
1516 3840 1564 3898 6,
1594 3838 1645 3886 7.
1706 3837 1746 3901 ⁴)
1774 3835 1854 3884 cf.
1879 3835 1950 3884 H.
1975 3834 2038 3883 V.
2063 3834 2125 3883 T.
2151 3849 2204 3898 p.
2230 3835 2348 3882 590.
2375 3848 2415 3882 s.
2471 3831 2513 3895 ⁵)
2543 3829 2679 3879 0011.

206 3920 351 3972 Rom.
383 3926 461 3987 15,
498 3926 585 3975 25.
638 3925 713 3975 H.
752 3924 873 3976 Cor.
909 3927 959 3987 9,
1000 3927 1044 3975 1.
1094 3926 1196 3990 Ep.
1236 3924 1289 3975 S.
1324 3925 1660 3989 Hieronymi,
1709 3922 1778 3972 ad
1813 3921 2150 3987 Evangelum
2188 3920 2304 3981 146,
2342 3921 2391 3968 2.
2435 3934 2486 3983 p.
2527 3918 2678 3967 1083.

206 4006 247 4072 ὅ)
282 4008 565 4062 Aeatholici
590 4040 659 4050 —
685 4028 731 4063 e.
756 4028 807 4078 g.
834 4011 994 4077 Casp.
1022 4012 1310 4077 Zieglerus,
1349 4011 1415 4061 de
1454 4010 1696 4061 diaconis
1719 4014 1778 4060 et
1813 4008 2128 4059 diaconissis
2154 4007 2361 4057 Veteris
2397 4002 2678 4053 Ecclesiae

206 4092 339 4142 liber
367 4096 804 4150 Commentarius.
852 4098 1073 4149 Witteb.
1102 4099 1253 4149 1678.
1290 4115 1344 4164 p.
1369 4099 1452 4148 23.
1478 4114 1520 4148 s.
1568 4098 1619 4147 J.
1655 4096 1752 4147 Ph.
1782 4096 1910 4157 Bez,
1949 4098 2082 4160 sept.
2116 4094 2266 4159 prim.
2303 4091 2511 4142 diacon.
2548 4088 2678 4140 eccl.

208 4194 367 4234 enm.
408 4184 647 4236 Alfflorfi.
684 4187 837 4236 1696.
872 4202 924 4251 p.
964 4188 1011 4236 7.
1048 4212 1117 4221 -
1153 4184 1341 4236 demtis
1377 4185 1565 4251 paucis
1602 4213 1670 4222 —
1705 4185 1844 4233 inter
1879 4182 1980 4232 hos
2016 4182 2088 4231 M.
2122 4180 2510 4244 Baumgarten‚
2553 4176 2590 4226 l.
2631 4192 2677 4226 c.

204 4284 259 4332 p.
306 4271 407 4321 119.
450 4300 515 4311 -
561 4278 785 4323 censent
838 4272 1097 4323 diaconos
1151 4272 1455 4323 ministeriis
1508 4285 1729 4322 mensae
1783 4267 2148 4320 tantummodo
2203 4266 2461 4332 profanae
2513 4263 2678 4313 fuisse

208 4354 501 4421 destinatos,
538 4359 784 4425 adeoque
820 4358 979 4425 longe
1016 4358 1257 4409 diversos
1296 4372 1413 4409 esse
1450 4372 1485 4408 a
1520 4358 1764 4407 diaconis
1803 4356 1986 4406 altaris
2024 4354 2239 4405 servitio
2285 4352 2536 4415 addictis3
2584 4348 2680 4400 sed

208 4446 461 4495 sententia
503 4444 629 4496 huic
678 4447 926 4512 opposita
960 4446 1081 4496 sola
1128 4446 1359 4496 obtinuit
1392 4446 1447 4494 in
1480 4444 1758 4507 Ecclesia,
1803 4442 2128 4507 fulciturque
2177 4438 2229 4490 S.
2267 4438 2320 4489 S.
2361 4440 2578 4489 Pati-um
2627 4442 2682 4487 et

208 4526 519 4594 Scriptorum
564 4531 1049 4583 ecclesiasticorum
1094 4532 1365 4598 suffragio.
1428 4531 1506 4581 cf.
1544 4531 1605 4581 A.
1642 4530 1868 4593 Natalis,
1906 4528 1940 4579 l.
1979 4544 2024 4578 c.
2063 4526 2189 4578 diss.
2223 4526 2346 4577 Vn.
2391 4543 2442 4591 p.
2481 4527 2597 4576 123.
2631 4539 2676 4574 s.

206 4614 499 4682 Summus,
534 4620 675 4671 mat.
702 4620 831 4669 2001.
856 4620 901 4683 1,
928 4620 1011 4670 ss.
1039 4636 1081 4670 a.
1156 4618 1197 4686 7)
1236 4618 1290 4669 s,
1316 4618 1549 4683 cyrillus
1587 4618 1752 4681 nior„
1791 4614 2200 4677 cat.xv11‚24.
2237 4630 2288 4679 p.
2315 4614 2436 4663 275.

2265 4701 2368 4750 21*
