3267 5259
611 402 694 465 72
1284 414 1401 455 nist..
1428 413 1535 454 Rev.
1566 413 1655 454 div.
1685 413 1740 454 N.
1767 413 1816 454 Τ.
1851 412 2014 453 Pei-iod.
2045 411 2078 452 I.
2101 424 2194 463 cap.
2225 412 2423 464 prinum.

610 587 941 674 discipulis
1010 586 1402 651 altercantes
1468 588 1855 673 reperisset,
1923 608 2186 651 causam
2241 586 2606 651 discordiae
2677 590 3081 673 perquirenti,

606 702 708 763 vir
774 699 1037 785 quidam
1106 698 1191 763 ad
1258 720 1477 783 genua
1543 699 1586 763 J
1590 722 1708 763 esu
1779 698 2160 784 provolutus
2226 698 2616 784 respondet,
2687 700 3078 765 daemoniaci

608 811 1005 898 lunaticique
1038 811 1149 875 filii
1180 814 1277 875 sui
1310 812 1656 875 occasione
1705 820 1918 875 ortum
1965 833 2108 875 esse
2155 810 2524 893 dissidium3
2571 834 2612 875 a
2645 834 2772 897 quo
2797 811 3080 897 Apostoli

611 925 905 1009 spiritum
968 923 1373 987 immundum
1432 922 1615 987 vocis
1679 932 2021 1007 expertem
2075 932 2140 987 et
2199 921 2468 987 surdum
2529 922 2859 1009 expellere
2923 922 3080 987 haud

608 1035 922 1100 valerent.
1000 1034 1290 1099 Christus
1336 1057 1612 1120 puerum
1657 1034 1984 1119 prehensa
2044 1035 2182 1098 eius
2234 1056 2432 1099 manu
2477 1036 2758 1117 sanavit,
2819 1043 2884 1099 et
2929 1037 3080 1119 patri

612 1156 909 1210 sanatum
953 1148 1249 1211 restituit.
1328 1145 1636 1210 Seorsum
1685 1145 2015 1231 discipulis
2059 1145 2626 1231 interrogantibuS‚
2675 1169 2792 1211 cur
2837 1145 3080 1209 daemo-

610 1261 789 1323 nium
838 1261 1071 1323 eiicere
1104 1282 1237 1323 non
1268 1260 1621 1344 potuerint,
1653 1258 1996 1344 respondit
2033 1258 2336 1323 Salvator
2375 1260 2827 1345 impotentiam
2873 1280 3080 1323 eorum

614 1393 695 1435 ex
728 1370 983 1435 infirma
1020 1371 1151 1435 fide
1196 1394 1519 1453 manasse,
1554 1372 1606 1435 si
1635 1371 1834 1435 fidem
1875 1370 2220 1435 habuerint
2265 1372 2430 1436 sicut
2473 1394 2748 1456 granum
2795 1372 3028 1455 sinapis
3049 1374 3081 1449 ¹,

611 1506 806 1569 posse
870 1506 983 1547 eos
1042 1483 1213 1548 illico
1276 1492 1531 1548 montes
1580 1483 1662 1547 de
1707 1482 1853 1548 loco
1905 1482 1990 1547 ad
2031 1483 2250 1547 locum
2309 1483 2662 1547 transferre
2681 1484 2725 1547 ².
2800 1482 3082 1547 Praeter-

612 1594 916 1679 grediens
962 1594 1199 1659 deinde
1244 1594 1605 1660 Galilaeam
1651 1598 1821 1659 inter
1866 1595 2153 1660 eundum
2185 1594 2650 1681 Apostolorum
2685 1597 2934 1659 animos
2963 1617 3083 1658 ma-

614 1709 711 1792 gis
756 1728 835 1771 ac
881 1709 1087 1791 magis
1132 1717 1660 1793 praeparaturu5‚
1693 1710 1969 1773 iterum
2023 1710 2466 1794 passionem
2509 1730 2692 1773 suam
2741 1718 2806 1773 et
2848 1730 3084 1772 resur-

613 1821 1044 1884 rectionem
1105 1820 1421 1884 revelavit
1442 1822 1484 1883 ³.
1555 1821 1838 1905 Jamque
1902 1820 2364 1907 Capharnaum
2431 1830 2904 1906 pervenerant,
2951 1842 3086 1883 cum

616 1940 957 1996 exactores
1012 1932 1472 1997 didrachmatis
1531 1954 1872 1998 accessere
1927 1932 2012 1996 ad
2058 1956 2108 1997 s.
2155 1932 2423 1997 Petrum
2478 1942 2900 2018 quaerentes,
2943 1954 3086 1995 num

614 2043 926 2108 tributum
956 2043 1116 2109 illud
1146 2046 1189 2110 J
1193 2068 1341 2109 esus
1374 2045 1626 2110 solvere
1658 2044 1874 2123 vellet,
1913 2045 2466 2131 quemadmodum
2495 2043 2698 2109 alii?⁴
2739 2042 3089 2130 Respondit

614 2230 885 2278 sanctitati
924 2235 976 2279 et
1010 2230 1303 2295 sapientiae
1342 2246 1449 2279 non
1484 2230 1676 2292 minua,
1703 2246 1862 2296 qnam
1899 2229 2022 2279 fidei
2061 2234 2113 2279 et
2147 2230 2439 2295 integritati
2471 2246 2512 2279 s.
2538 2229 2966 2295 Evangeliorum.
3016 2227 3086 2275 Cf.

616 2314 677 2365 G.
706 2314 993 2377 Brilckner,
1021 2316 1281 2367 biblische
1307 2316 1542 2366 Studien.
1592 2317 1633 2365 1.
1661 2317 1747 2367 die
1773 2317 2112 2381 Verkliirung
2135 2316 2268 2367 Jesu
2295 2316 2489 2367 Christi
2512 2316 2696 2381 Leizp.
2725 2318 2875 2365 1864.
2901 2332 2950 2380 p.
2975 2316 3019 2362 6.
3045 2330 3081 2363 s.

827 2399 863 2467 ¹)
908 2401 1065 2463 Quod
1112 2404 1375 2452 scissurae
1422 2418 1609 2468 expers
1658 2418 1723 2453 ac
1769 2403 2050 2468 sphaerica
2093 2402 2266 2467 figura
2319 2402 2520 2452 nullum
2577 2401 2831 2467 angulum
2883 2403 3083 2467 patitur.

614 2486 655 2554 ²)
693 2489 880 2539 Matth.
908 2490 988 2551 17,
1018 2491 1099 2537 14.
1128 2506 1169 2539 s.
1218 2489 1380 2539 Marc.
1408 2492 1456 2552 9,
1486 2492 1565 2539 13.
1594 2506 1635 2539 s.
1685 2489 1819 2539 Luc.
1848 2494 1895 2553 9,
1923 2491 2004 2539 37.
2031 2504 2074 2539 s.
2127 2491 2206 2551 17,
2241 2492 2289 2538 5.
2327 2506 2367 2539 s.
2393 2488 2528 2537 Vide
2561 2488 2668 2539 huc
2700 2488 2751 2537 J.
2785 2488 2846 2538 F.
2880 2488 3084 2551 Mans,

614 2575 738 2625 diss.
766 2576 831 2625 de
864 2576 1215 2626 translatione
1248 2577 1519 2626 montium.
1570 2576 1747 2625 Kilon.
1777 2578 1926 2627 1702.
1991 2574 2034 2640 ⁸)
2073 2577 2156 2625 Eo
2197 2578 2334 2625 enim
2370 2576 2698 2641 frequentius
2735 2574 3088 2625 assumebat-ur

613 2660 703 2709 hic
740 2678 936 2724 sermo,
976 2678 1081 2727 quo
1120 2668 1327 2727 tempus
1362 2662 1609 2727 proprius
1657 2662 1952 2712 accedebat
1988 2663 2286 2712 dominicae
2323 2664 2621 2724 Passionis,
2659 2667 2720 2712 ut
2754 2662 2940 2720 minus,
2979 2674 3086 2708 cuin

616 2748 673 2795 iu
710 2764 817 2797 rem
856 2754 1073 2797 ventum
1111 2754 1266 2809 esset,
1306 2748 1551 2812 discipuli
1583 2750 1942 2798 turbarentur.
1983 2750 2024 2812 ⁴)
2065 2749 2275 2797 Nummi
2299 2742 2360 2797 τὰ
2393 2746 2646 2816 δίδραχμα
2679 2750 2892 2797 fuerunt
2920 2748 3086 2796 dimi-

617 2832 786 2883 dium
824 2836 1050 2897 stateris,
1078 2850 1173 2885 seu
1209 2834 1581 2883 tetradrachmi
1616 2832 1904 2903 δίδραχμον.
1932 2834 2254 2899 Intelligitur
2289 2851 2416 2885 vero
2449 2850 2556 2883 non
2593 2851 2836 2885 nummus
2863 2832 3086 2883 didrach-

618 2936 731 2971 mus
777 2921 873 2970 sed
915 2926 1121 2971 tantum
1166 2921 1319 2971 valor
1355 2920 1676 2983 didrachmi,
1713 2920 1764 2971 h.
1792 2938 1838 2971 e.
1875 2922 2122 2971 dimidius
2169 2921 2348 2971 siclus.
2411 2920 2514 2970 Sed
2555 2921 2824 2986 quodnam
2867 2920 2964 2971 fuit
2997 2920 3088 2968 hoc
3182 2928 3183 2933 ’

616 3006 908 3057 tributum?
943 3008 1227 3057 Nonnullis
1266 3012 1347 3057 est
1370 3008 1502 3057 illud
1534 3006 1643 3070 Ὼιῖἓ,
1681 3008 1851 3057 Exod.
1879 3010 1962 3069 38,
1990 3011 2090 3070 26„
2129 3022 2320 3058 census
2357 3023 2391 3057 a
2426 3006 2651 3073 singulis
2674 3009 2728 3056 in
2760 3008 3086 3057 necessitates

617 3092 825 3159 Templi
858 3094 1187 3158 pendendus.
1234 3094 1319 3143 De
1357 3096 1685 3160 capitatione
1721 3096 1974 3145 Romanis
2017 3094 2218 3157 soluta,
2257 3094 2576 3159 capiendum
2625 3108 2744 3144 esse
2799 3091 3086 3143 didrachma

616 3180 805 3229 volunt
842 3180 949 3229 alii.
1009 3180 1291 3229 Tributum
1326 3179 1549 3245 Templo
1600 3179 1891 3230 exhibitum
1941 3182 2188 3231 evincere
2237 3180 2486 3230 videntur
2533 3184 2820 3245 sequentes
2871 3180 3086 3229 rationes

616 3284 661 3315 α.
699 3267 879 3315 Verba
916 3266 1141 3329 Christi3
1179 3282 1330 3331 reges
1368 3271 1541 3316 terrae
1579 3282 1613 3316 a
1649 3268 1842 3331 quibus
1889 3268 2161 3332 accipiunt
2195 3268 2451 3317 tributum
2487 3266 2575 3316 vel
2613 3270 2866 3316 censum?
2911 3280 2942 3315 a
2977 3264 3086 3314 filiis
3179 3280 3181 3282 ’

616 3354 753 3414 suis,
792 3368 862 3403 an
900 3354 967 3402 ab
1006 3352 1232 3403 alienis?
1276 3353 1466 3403 Matth.
1513 3356 1603 3415 17,
1641 3356 1723 3403 24.
1771 3370 1800 3403 e
1845 3355 2038 3419 quibus
2083 3354 2285 3419 colligit
2329 3370 2395 3406 v..
2419 3356 2501 3404 26.
2549 3354 2746 3403 liberos
2793 3368 2907 3403 esse
2943 3351 3086 3401 filios,
3179 3354 3181 3361 ⁴

618 3440 770 3500 Quae
816 3441 983 3489 verba
1029 3456 1149 3489 cum
1193 3441 1453 3490 rationem
1497 3440 1734 3490 habeant
1777 3440 2163 3503 similitudinis,
2203 3440 2463 3503 efficiunt,
2503 3456 2567 3491 eo
2613 3440 2878 3491 Christum
2919 3438 3086 3488 tributi

618 3527 899 3576 immunem
944 3526 1131 3586 fuisse,
1172 3528 1299 3591 quia
1336 3524 1475 3575 filius
1525 3527 1663 3591 regis
1701 3532 1840 3589 erat,
1879 3528 1966 3576 cui
2003 3526 2312 3577 solvebatur
2355 3528 2624 3577 tributum.
2661 3527 2788 3576 Jam
2833 3541 2954 3575 vero
2991 3540 3086 3574 non
3177 3536 3179 3539 ⁴

621 3612 867 3661 Caesaris
892 3612 987 3661 sed
1012 3614 1111 3662 Dei
1144 3612 1285 3661 iilius
1320 3612 1435 3662 fuit.
1486 3612 1591 3672 Qui
1628 3612 1852 3663 alterius
1889 3618 2014 3663 sunt
2059 3615 2356 3663 sententiae
2396 3609 2508 3669 τοὺς
2545 3610 2680 3671 υἱοὺς
2715 3614 2816 3663 τῶν
2847 3608 3086 3679 βασιλέων,
3177 3612 3179 3617 “

620 3698 683 3747 de
722 3699 929 3749 civibus
966 3698 1245 3763 indigenis,
1284 3704 1339 3747 et
1373 3694 1485 3755 τοὺς
1523 3692 1812 3765 ἀλλοτρίους
1851 3699 1916 3748 de
1955 3700 2148 3748 exteris
2187 3706 2415 3749 sumunt.
2471 3701 2570 3749 His
2608 3705 2788 3750 autem
2825 3704 3084 3766 repugnat,
3178 3726 3179 3729 =

622 3785 765 3849 quod
800 3785 963 3835 Jesus
1000 3784 1101 3834 hoe
1138 3792 1384 3850 respectu
1418 3785 1603 3835 habito
1643 3800 1752 3835 non
1789 3780 1889 3842 υἱός
1928 3785 2022 3835 sed
2060 3779 2317 3853 ἀλλότριος
2353 3788 2436 3836 sit.
2485 3787 2764 3837 Tributum
2799 3788 2954 3852 igitur
2987 3784 3032 3833 h.
3057 3784 3084 3832 l.

617 3888 725 3921 non
768 3870 1003 3931 Caesari,
1042 3870 1138 3921 sed
1172 3872 1291 3920 Deo
1341 3872 1626 3936 quotannis
1676 3871 2010 3936 pendebatur
2053 3873 2112 3921 in
2157 3874 2507 3923 ministerium
2551 3873 2778 3939 Templi.
2837 3871 2880 3938 β.
2925 3872 3086 3921 L'nam

618 3958 863 4008 solvendi
898 3972 1115 4007 causam
1154 3959 1234 4018 17,
1262 3958 1343 4006 27.
1372 3957 1523 4007 affert
1548 3958 1806 4020 Christus,
1845 3958 2086 4008 scandali
2123 3960 2448 4023 vitationem,
2474 3976 2584 4010 non
2621 3961 2930 4025 obsequium
2963 3958 3086 4020 legis

618 4044 881 4108 debitum3
928 4046 1055 4109 quia
1092 4043 1403 4093 didrachma
1437 4044 1670 4109 Templi,
1711 4044 1854 4109 quod
1889 4046 1946 4095 in
1983 4044 2186 4094 dimidii
2227 4045 2344 4094 sicli
2383 4047 2602 4096 mosaici
2647 4045 2827 4096 locum
2869 4044 3082 4100 secessit,

618 4144 725 4180 non
760 4132 816 4179 vi
861 4131 1160 4196 praecepti,
1206 4128 1303 4179 sed
1336 4130 1597 4179 laudabili
1647 4130 2034 4181 consuetudine
2088 4131 2412 4181 solvebatur.
2489 4131 2568 4181 cf.
2607 4132 2662 4181 11
2694 4132 2851 4183 Esdr.
2889 4135 2975 4193 10,
3009 4132 3086 4179 32.
3175 4148 3177 4177 ;

620 4216 819 4282 Sponte
858 4217 1093 4268 oblatum
1140 4218 1303 4267 fuisse
1341 4218 1581 4281 sequitur
1626 4234 1673 4285 γ.
1715 4219 1874 4267 etiam
1913 4234 1942 4267 e
1977 4218 2157 4267 verbis
2205 4218 2563 4283 colligentium
2613 4222 2705 4284 17,
2741 4222 2825 4269 24.
2881 4218 3084 4268 Probari

618 4305 803 4368 nequit
840 4304 1071 4369 deniqne
1110 4302 1154 4353 δ.
1194 4302 1286 4353 illo
1324 4308 1559 4367 tempore
1598 4318 1631 4353 a
1655 4304 1909 4353 Romanis
1949 4308 2042 4353 aut
2067 4304 2280 4354 Herode
2317 4304 2550 4370 vectigal
2585 4306 2640 4355 in
2679 4307 2892 4371 singula
2925 4305 3084 4369 capita
3173 4350 3175 4353 Α

619 4389 948 4454 impositum,
1000 4392 1161 4455 idque
1210 4387 1481 4457 δίδραχμον
1532 4390 1717 4441 fuisse.
1778 4392 1898 4440 Hac
1949 4391 2306 4457 explicatione
2353 4393 2582 4457 praeivit
2619 4392 2746 4442 olim
2783 4410 2824 4443 s.
2851 4392 3082 4450 Hilarius,

621 4474 820 4524 Comm.
844 4477 901 4524 in
925 4476 1112 4525 Matth.
1138 4476 1308 4525 XVII.
1334 4492 1385 4525 n.
1418 4480 1497 4527 10.
1524 4492 1564 4526 s.
1603 4494 1654 4542 p.
1684 4480 1800 4527 130.
1826 4491 1894 4541 s.,
1934 4478 2106 4527 secuti
2141 4482 2292 4527 sunt:
2339 4478 2398 4527 P.
2425 4478 2708 4542 Possinus,
2747 4482 2802 4528 in
2839 4478 3006 4544 Spicil.
3039 4490 3082 4523 a.
3173 4512 3175 4525 .

619 4560 655 4610 l.
680 4578 733 4627 p.
760 4564 843 4611 60.
870 4576 911 4613 s.
963 4561 1083 4613 Seb.
1112 4562 1294 4628 Smidt,
1320 4565 1375 4611 in
1401 4564 1595 4629 disput.
1622 4564 1690 4613 de
1715 4563 2036 4613 didrachmis
2075 4578 2108 4615 a
2144 4563 2352 4616 Christo
2397 4564 2600 4627 solutis,
2639 4566 2788 4634 apud
2823 4563 3084 4633 Ugolinum
