3267 5259
914 463 1112 505 Tertium
1143 464 1309 505 Pascha
1337 475 1365 504 a
1392 463 1551 504 Christi
1578 464 1861 514 baptismate.
2547 453 2628 516 79

169 659 271 720 pro
342 635 577 700 duritia
648 635 861 701 cordis
886 640 925 700 ¹.
1012 635 1262 701 Audita
1328 639 1667 718 sententia,
1716 658 1847 722 qua
1911 635 2228 701 illibatum
2299 637 2633 702 vinculum

166 757 437 812 servatur
465 749 795 832 coniugio,
822 747 1117 833 discipuli
1148 772 1297 812 cum
1329 748 1504 814 domi
1534 758 1907 813 versaretur
1937 749 2244 813 dixerunt
2275 748 2629 815 Salvatori:

168 859 225 924 Si
253 859 385 922 talis
416 869 515 924 est
546 859 837 924 conditio
882 861 1095 924 mariti
1142 883 1292 924 cum
1336 883 1565 942 uxore,
1597 870 1672 927 ut
1713 884 2072 946 numquam
2119 861 2438 926 dimittere
2486 885 2628 926 eam

166 973 373 1056 possit,
411 994 546 1036 non
614 971 886 1057 expedit
927 973 993 1036 in
1053 971 1228 1036 illam
1290 974 1607 1037 coniicere
1671 995 1740 1036 se
1802 975 2208 1056 servitutem,
2254 973 2429 1038 unde
2493 975 2632 1039 sola

166 1095 347 1148 morte
394 1087 609 1148 exitus
658 1083 940 1148 daretur.
1020 1082 1273 1163 Quibus
1332 1083 1672 1170 respondit
1713 1085 2036 1150 Dominus
2090 1087 2198 1168 ita,
2254 1095 2326 1149 ut
2381 1109 2494 1152 eos
2541 1087 2627 1152 ad

170 1195 561 1282 cupiditatem
610 1196 977 1261 servandae
1023 1198 1513 1282 virginitatis
1557 1196 1892 1283 impellere
1939 1197 2258 1262 studuerit
2277 1200 2321 1261 2.
2387 1197 2632 1284 Agenti

164 1309 220 1370 in
271 1308 516 1372 Peraea
582 1309 843 1373 Christo
892 1307 1093 1374 oblati
1160 1319 1309 1374 sunt
1374 1308 1629 1394 parvuli
1653 1313 1696 1393 3,
1763 1319 1838 1374 ut
1902 1309 2072 1374 bene
2138 1312 2294 1396 ipsis
2361 1311 2628 1375 diceret.

166 1420 453 1506 Discipuli
499 1425 771 1486 autem⁴
817 1444 931 1486 eos
973 1421 1399 1509 repellebant.
1466 1423 1559 1486 At
1600 1421 2020 1509 prohibentes
2056 1425 2262 1488 vetuit
2303 1423 2630 1509 benignis-

168 1534 337 1596 simus
378 1533 733 1618 Magister:
781 1533 1089 1618 dicendo,
1135 1534 1459 1600 infantum
1506 1557 1656 1598 cum
1703 1543 1917 1598 aetate
1963 1544 2100 1598 tum
2151 1535 2440 1602 moribus
2485 1561 2628 1602 esse

166 1645 435 1729 Regnum
477 1646 632 1711 Dei.
686 1646 835 1712 Alio
882 1669 1029 1712 cum
1077 1647 1497 1731 discessisset,
1532 1649 1812 1712 occurrit
1844 1647 2098 1713 Christo
2129 1650 2196 1713 in
2226 1651 2334 1714 via
2366 1650 2629 1735 quidam

169 1779 197 1821 e
236 1757 625 1824 Judaeorum
670 1760 1065 1846 primoribus
1106 1760 1627 1843 Pharisaeorum,
1676 1763 1786 1845 qui
1831 1759 1916 1824 ab
1963 1783 2042 1824 eo
2091 1763 2426 1845 quaesivit,
2473 1762 2629 1848 quid

168 1867 509 1934 faciendum
571 1871 769 1954 boni,
828 1881 901 1936 ut
958 1873 1159 1936 vitam
1221 1882 1554 1936 aeternam
1614 1871 1938 1937 haberet?
2000 1875 2104 1936 cui
2157 1895 2306 1937 cum
2361 1872 2630 1939 dixisset

167 1982 420 2048 vendere
479 1984 663 2050 bona
726 1986 942 2050 omnia
1004 1994 1070 2050 et
1130 1984 1287 2050 dare
1347 1984 1782 2072 pauperibus,
1844 1984 2082 2070 illeque
2140 1987 2338 2050 tristis
2397 1985 2627 2070 abiret,

166 2093 333 2158 Jesus
376 2095 681 2161 familiari
722 2097 993 2162 Judaeis
1030 2097 1416 2184 proverbio:
1466 2097 1698 2162 cameli
1727 2120 1848 2182 per
1877 2097 2177 2162 foramen
2221 2119 2377 2162 acus
2427 2097 2626 2162 dedu-

169 2206 331 2269 cendi
383 2209 700 2291 ostendit,
749 2231 943 2295 quam
990 2210 1255 2274 difficile
1315 2221 1487 2275 esset
1540 2208 1805 2274 divitem
1849 2211 1918 2273 in
1963 2233 2238 2295 regnum
2294 2209 2626 2274 coelorum

166 2317 405 2402 ingredi.
461 2321 665 2386 Petro
715 2331 934 2386 autem
978 2323 1405 2407 interroganti
1458 2322 1539 2387 de
1586 2322 1892 2386 mercede
1940 2345 2185 2406 eorum,
2235 2324 2343 2407 qui
2387 2321 2626 2387 relictis

169 2431 434 2496 omnibus
501 2434 954 2519 sequebantur
1013 2456 1183 2518 011111,
1232 2437 1527 2520 promisit
1593 2435 1972 2521 centuplum
2039 2437 2104 2498 in
2171 2434 2295 2499 hac
2359 2436 2497 2498 vita
2563 2444 2628 2499 et

170 2553 471 2608 aeternam
529 2545 1007 2611 beatitudinem
1067 2549 1135 2610 in
1196 2546 1400 2611 altera
1418 2550 1460 2610 ⁵.
1537 2545 1706 2611 Cum
1766 2545 1980 2612 adhuc
2038 2569 2288 2611 moram
2343 2545 2628 2612 traheret

165 2653 333 2720 Jcsus
362 2656 529 2722 ultra
558 2659 604 2724 J
609 2659 925 2724 ordanem
968 2661 1239 2744 contigit
1274 2661 1562 2744 graviter
1600 2667 1942 2744 aegrotare
1973 2658 2345 2723 Lazarumss
2386 2658 2624 2722 Betha-

166 2767 443 2852 niensem,
478 2793 679 2855 quem
712 2770 1021 2856 singulari
1051 2794 1273 2836 amore
1304 2770 1845 2857 prosequebatur.
1895 2769 2168 2836 Sorores
2201 2773 2338 2836 eius
2367 2770 2626 2836 Martha

168 2887 221 2940 et
256 2879 449 2945 Maria
494 2883 769 2947 fratrem
814 2882 1165 2968 periclitari
1217 2883 1672 2968 intelligente5‚
1720 2883 1806 2947 ad
1851 2883 2080 2948 Jesum
2124 2886 2465 2968 miserunt,
2515 2887 2624 2970 qui

169 2995 519 3058 nunciarent
566 2998 627 3060 ei
674 2993 973 3059 morbum
1018 2994 1290 3079 Lazari3
1356 2997 1459 3058 0111
1507 3017 1655 3059 011111
1699 2995 1871 3059 bene
1917 2995 2084 3060 velle
2129 3006 2395 3061 norant:
2455 3007 2527 3062 ut
2571 2999 2624 3062 si

168 3102 241 3164 ita
281 3103 522 3172 Christo
570 3106 941 3190 videretur,
988 3109 1331 3172 sanitatem
1385 3129 1585 3192 aegro
1643 3110 2030 3172 restitueret.
2105 3109 2197 3173 At
2239 3109 2282 3174 J
2287 3132 2466 3192 08118,
2514 3111 2623 3195 qui

169 3212 373 3280 absens
437 3219 781 3285 absentem
850 3219 1044 3284 facile
1112 3242 1345 3284 sanare
1412 3219 1742 3302 valuisset,
1799 3219 1879 3284 de
1947 3219 2182 3284 Lazari
2254 3221 2622 3286 infirmitate

170 3327 518 3416 admonitus,
564 3355 705 3396 non
732 3330 903 3397 illico
936 3355 1006 3396 se
1036 3333 1444 3415 Bethaniam,
1490 3330 1604 3396 ubi
1651 3331 2109 3415 decumbebat,
2158 3333 2460 3417 contulit3
2508 3332 2626 3398 sed

170 3437 306 3504 duos
334 3442 543 3509 adhuc
578 3445 720 3509 dies
752 3446 819 3508 in
850 3445 1082 3510 eodem
1113 3444 1259 3510 loco
1294 3454 1584 3510 moratus
1624 3454 1755 3528 est;
1803 3467 1928 3510 nec
1958 3444 2150 3509 rediit
2179 3447 2248 3509 in
2276 3444 2622 3530 Judaeam,

170 3553 270 3614 nisi
315 3567 455 3639 post
513 3567 845 3622 mortuum
894 3567 960 3622 et
1017 3556 1353 3622 conditum
1411 3556 1758 3644 sepulchro
1818 3556 2166 3640 Lazarum,
2245 3579 2322 3622 οο
2385 3559 2621 3642 animo,

169 3670 226 3724 ¹1¹:
284 3667 447 3750 quod
513 3669 809 3734 facturus
872 3679 1030 3752 erat,
1094 3692 1227 3734 non
1292 3669 1648 3734 humanum
1718 3667 1836 3734 sed
1904 3668 2192 3733 divinum
2250 3669 2620 3734 haberetur.

169 3771 465 3852 ,Distulit7
529 3805 799 3866 sanare,
860 3792 933 3846 ut
996 3791 1221 3868 posset
1263 3783 1698 3847 resuscitare!
1780 3781 1860 3845 In
1908 3781 2218 3868 oppidum
2261 3783 2622 3848 Bethaniae

173 3885 530 3978 adventanti,
562 3905 638 3959 ut
668 3918 737 3960 se
768 3918 998 3960 verum
1029 3897 1423 3982 unicumque
1454 3897 1629 3960 vitae
1672 3905 2009 3960 auctorem
2041 3919 2183 3960 esse
2213 3902 2622 3976 monstraret,

358 4084 393 4150 ¹)
427 4087 507 4136 Ne
545 4090 763 4154 gravius
799 4091 1101 4152 peccarent,
1139 4087 1193 4158 id
1218 4089 1265 4138 si
1300 4091 1602 4153 negaretur.
1656 4088 1742 4137 De
1765 4089 2086 4138 matrimonii
2115 4087 2328 4137 vinculo
2355 4085 2426 4135 ad
2448 4086 2477 4135 1
2501 4085 2622 4136 Cor.

174 4162 545 4237 disputabimus,
586 4189 693 4240 quo
730 4175 793 4224 L.
817 4174 880 4223 B.
908 4174 1221 4239 relegamus.
1278 4173 1317 4240 2)
1352 4173 1541 4224 Matth.
1572 4176 1652 4236 19,
1681 4177 1764 4224 11.
1789 4191 1832 4224 s.
1894 4174 1933 4240 ³)
1971 4174 2076 4234 Qui
2113 4173 2340 4223 necdum
2375 4173 2622 4222 incedere

174 4259 403 4314 poterant.
459 4260 501 4325 ⁴)
538 4262 734 4310 Amore
779 4261 1020 4324 magistri
1064 4263 1161 4323 sui,
1207 4261 1293 4310 cui
1342 4261 1397 4310 in
1439 4259 1770 4310 instruendis
1815 4259 2176 4325 sanandisque
2222 4259 2419 4310 adultis
2463 4259 2620 4310 vehe-

176 4345 346 4391 menter
396 4353 683 4413 occupato,
734 4347 941 4411 absque
993 4348 1313 4398 necessitate
1367 4362 1489 4396 011111
1540 4346 1690 4396 nullo
1745 4345 1976 4396 infantes
2031 4345 2372 4396 afficerentur
2417 4347 2621 4410 morbo,

178 4423 489 4482 exhibebatur
522 4434 783 4485 molestia.
839 4432 880 4499 ⁵)
918 4433 1071 4493 Quae
1106 4439 1327 4484 narrant
1360 4433 1549 4483 Matth.
1578 4434 1660 4496 19,
1689 4434 1770 4482 13.
1797 4448 1838 4482 s.
1879 4432 2047 4482 Mare.
2076 4434 2156 4495 10,
2187 4435 2267 4482 13.
2293 4449 2336 4484 8.
2377 4434 2509 4484 Luc.
2539 4435 2621 4496 18,

182 4511 249 4559 15·
269 4529 306 4562 ε.
352 4515 389 4582 ⁸)
424 4515 639 4586 Λάζαρος
674 4522 709 4570 i.
737 4537 787 4586 q.
826 4499 987 4582 712¹?ss
1024 4519 1173 4570 Deus
1210 4519 1500 4586 opitulatus
1538 4523 1635 4570 est.
1691 4519 1872 4570 Prima
1905 4519 2134 4570 nominis
2169 4519 2330 4570 litera
2359 4521 2492 4571 elisa
2526 4537 2623 4585 per

180 4593 485 4658 Aphaeresiu.
547 4605 587 4672 τ)
624 4608 715 4656 Ait
750 4623 789 4656 s.
815 4606 1163 4672 Augustinus,
1200 4607 1255 4656 in
1290 4607 1487 4656 Joann.
1512 4608 1613 4657 Ev.
1642 4621 1689 4656 c.
1717 4607 1798 4656 11.
1823 4611 1888 4656 tr.
1913 4607 2108 4670 XLIX,
2135 4609 2184 4657 5.
2220 4606 2318 4670 111,
2345 4609 2462 4658 621.
