3267 5259
996 434 1161 477 Christi
1186 446 1323 477 coena
1358 436 1558 487 legitime
1591 436 1826 487 paschalis.
2533 425 2655 489 241

208 617 654 671 oommemoratur
697 614 843 671 Luc.
894 619 993 686 22,
1044 618 1139 672 1.:
1184 616 1327 693 quid
1372 616 1578 689 egerit,
1626 616 1732 673 ubi
1776 615 1946 673 venit
1987 616 2110 673 dies
2153 634 2518 692 azymorum.
2595 616 2658 674 Si

204 717 433 775 Christus
458 738 579 775 non
624 719 967 777 observavit
1010 719 1257 793 Legem3
1304 739 1485 798 quare
1513 720 1581 777 in
1610 720 1824 778 ultima
1853 738 2030 778 ooena
2065 740 2124 777 u.
2157 738 2216 777 v.
2250 722 2448 778 omnia
2482 720 2654 792 fiunt,

204 824 401 899 quaein
420 822 627 880 rituali
653 823 883 881 iudaieo
907 829 1161 896 exstant,
1186 844 1369 903 quare
1390 826 1589 882 omnia
1618 824 1924 883 simillima
1944 829 2101 882 sunt.
2145 822 2308 887 Quae
2329 825 2382 883 si
2403 825 2654 901 placent,

202 929 381 1005 absque
416 927 479 985 vi
519 928 723 985 verbis
759 928 946 1001 illata,
981 949 1056 986 ne
1086 930 1366 987 minimae
1396 931 1553 987 inter
1590 929 1792 988 Sacros
1823 928 2145 1005 Soriptores
2182 948 2414 1005 pugnae
2446 930 2654 987 verbo—

204 1050 310 1087 rum
346 1031 435 1089 vel
479 1027 895 1108 ἐναντιολσγίας
938 1036 1187 1109 suspicio
1232 1034 1550 1110 supererit3
1607 1035 1706 1092 sed
1749 1036 1952 1093 nativo
1990 1035 2362 1111 maximeque
2399 1033 2656 1107 genuino

202 1156 341 1193 seusu
365 1137 545 1194 verba
588 1136 649 1194 S.
682 1137 744 1196 S.
776 1138 997 1216 ubique
1040 1138 1427 1213 accipiuntur,
1466 1143 1525 1196 et
1552 1138 1732 1214 plana
1761 1144 1936 1215 atque
1967 1139 2244 1213 expedita
2270 1143 2410 1195 sunt
2437 1140 2653 1195 omnia.

204 1238 309 1301 Qus
332 1240 421 1299 vel
448 1260 569 1299 una
597 1242 735 1299 dote
778 1242 1025 1320 reliquis
1070 1244 1475 1319 anteponenda
1512 1243 1757 1301 videtur
1799 1244 1944 1301 haee
1986 1243 2321 1319 explioatiO.
2382 1242 2654 1301 Confera-

204 1364 307 1401 mus
330 1346 395 1402 sd
424 1350 760 1403 extremum
788 1349 855 1405 in
886 1367 1073 1405 unum
1102 1349 1317 1405 omnia.
1379 1346 1547 1410 Quod
1576 1350 1627 1405 si
1657 1367 1748 1405 res
1778 1367 1844 1405 eo
1873 1348 2040 1405 modo
2070 1351 2264 1421 gestae
2291 1352 2447 1419 sunt,
2481 1366 2654 1425 quem

203 1450 448 1523 ponimus,
494 1458 643 1509 tune
685 1470 843 1521 vero,
891 1453 1045 1529 quod
1090 1454 1283 1510 omitti
1332 1471 1447 1509 non
1494 1452 1690 1523 debet,
1731 1452 1903 1527 plane
1948 1452 2228 1525 contigit:
2274 1456 2344 1509 ut
2386 1451 2654 1509 Christus

203 1552 447 1612 Dominus
474 1560 535 1613 et
560 1554 975 1613 Eucharistiae
1005 1560 1065 1613 et
1094 1556 1385 1614 Passionis
1414 1575 1551 1614 suae
1580 1561 1753 1632 typos
1783 1576 1848 1613 re
1883 1557 2012 1633 ipsa
2039 1556 2370 1632 compleret,
2406 1575 2524 1613 uno
2545 1556 2652 1613 illo

202 1658 470 1736 eodemque
514 1660 629 1731 die,
678 1654 819 1738 quo'
839 1660 1269 1738 Hierosolymis
1299 1660 1605 1739 utriusque
1635 1661 1904 1737 mysterii
1943 1659 2165 1735 figurae
2203 1662 2650 1736 peragebantur.

202 1760 590 1822 Euoharistiam
639 1766 801 1821 enim
838 1765 1105 1823 instituit
1147 1784 1265 1843 qua
1308 1766 1453 1823 hora
1495 1784 1680 1839 agnus
1710 1784 1742 1821 e
1771 1765 1926 1839 Lege
1969 1766 2223 1839 edendus
2265 1765 2436 1823 foret.
2485 1764 2652 1821 Idem

202 1883 287 1939 pro
310 1872 495 1925 nostra
520 1869 793 1925 omnium
823 1869 1011 1927 salute
1040 1870 1275 1941 occisus,
1323 1888 1439 1947 quo
1465 1870 1501 1926 J
1503 1869 1691 1927 udaea
1719 1874 1780 1928 et
1805 1869 2129 1927 Jerusalem
2173 1888 2390 1941 agnum
2434 1874 2652 1927 maeta-

203 1975 299 2037 ret;
335 1976 389 2028 et
415 1974 613 2030 eadem
644 1974 793 2030 hora
821 1992 939 2050 qua
968 1993 1145 2031 verus
1187 1992 1373 2047 agnus
1416 1974 1486 2031 de
1514 1992 1684 2032 eruce
1729 1973 2144 2049 deponebatur,
2185 1973 2223 2029 J
2225 1974 2396 2031 udaei
2434 1992 2654 2047 agnum

202 2092 339 2131 suum
366 2081 705 2149 mactarent,
740 2079 845 2155 qui
876 2078 1111 2156 quidem
1144 2083 1285 2136 tune
1312 2078 1501 2154 eoepit
1530 2078 1830 2135 inutiliter
1867 2078 2130 2148 mactari,
2179 2096 2312 2135 eum
2355 2096 2458 2135 suo
2486 2076 2522 2133 J
2525 2096 2652 2135 esus

204 2176 347 2235 finem
371 2183 523 2239 omni
556 2180 843 2240 sacrificio
874 2182 1047 2255 Legis
1077 2200 1147 2239 ea
1171 2201 1416 2257 vespera
1458 2182 1704 2239 fecisset.
1768 2181 1892 2258 Ipsi
1921 2182 1958 2239 J
1960 2182 2130 2239 udaei
2161 2182 2225 2239 in
2255 2181 2375 2239 suis
2418 2181 2651 2257 seriptis

202 2283 435 2342 tradunt:
464 2286 669 2343 Jesum
700 2285 950 2344 occisum
981 2306 1099 2343 esse
1132 2299 1253 2355 ,Ποῦ
1284 2298 1383 2337 πη
1413 2298 1517 2337 ΜΦ
1538 2288 1640 2338 279⁴
1675 2287 1714 2344 i.
1733 2306 1782 2344 e.
1808 2305 2052 2362 vespera
2079 2286 2308 2344 sabbati
2337 2286 2651 2363 eademque

202 2384 477 2447 Pasohatis.
542 2390 617 2449 V.
650 2394 729 2448 A.
761 2390 999 2465 Bengel,
1034 2391 1173 2449 Ord.
1209 2394 1386 2465 temp.
1420 2390 1635 2449 Chron.
1669 2392 1780 2449 Ev.
1813 2410 1862 2449 e.
1899 2396 1956 2449 5.
1989 2410 2054 2467 p:
2084 2394 2228 2448 ⁴265.

372 2494 485 2548 Ista
530 2496 747 2565 quidem
778 2496 1139 2565 explicatione
1186 2496 1435 2551 omnibus
1466 2497 1717 2565 praeivit
1761 2497 1981 2549 Paulus
2021 2514 2058 2549 a
2096 2495 2155 2552 S.
2191 2496 2386 2549 Maria
2413 2501 2450 2560 -Ι-
2479 2497 2648 2551 1435.

200 2594 269 2645 vir
304 2597 654 2669 doctissimus,
702 2600 799 2669 qui
842 2606 895 2653 et
936 2616 1127 2671 genere
1170 2598 1427 2653 Judaeus
1470 2606 1591 2653 erat
1622 2606 1674 2654 et
1718 2600 1934 2653 levitico
1979 2599 2242 2671 sanquine
2289 2600 2652 2665 descendens,-

204 2696 631 2773 Carthaybaiemis
664 2703 849 2772 primo
891 2704 1086 2758 deinde
1132 2704 1435 2775 Bur-yemis
1476 2704 1535 2755 in
1578 2702 1860 2771 Hispania
1903 2703 2240 2771 Episcopus,
2293 2704 2352 2756 in
2395 2702 2648 2757 Addicto-

198 2802 333 2856 nibss
368 2807 443 2859 ad
484 2807 559 2861 N.
609 2807 829 2876 Dymni
870 2807 1063 2861 Biblia
1110 2806 1293 2862 Sacra
1352 2824 1471 2860 eum
1528 2806 1718 2877 ylo-ssa
1769 2806 1948 2860 ordin.
1999 2806 2080 2859 ed.
2125 2804 2290 2861 Antv.
2339 2808 2507 2862 1617.
2585 2806 2647 2873 V,

200 2906 309 2960 442.
348 2911 472 2966 add.
522 2912 583 2966 in
628 2928 751 2981 cap.
802 2914 898 2968 26.
946 2912 1147 2967 Matth.
1242 2910 1523 2965 Sententia
1590 2910 1765 2963 Paula·
1825 2910 2130 2981 Burqensis
2189 2927 2395 2979 semper
2459 2910 2650 2965 habuit

198 3016 470 3085 sectatores,
514 3016 673 3069 viros
716 3016 873 3086 lonye
906 3015 1438 3084 praestantissimos.
1516 3015 1573 3067 Ε
1612 3015 1812 3085 quibus
1857 3020 1984 3069 sunt
1997 3033 2016 3067 .·
2067 3014 2286 3069 Paulus
2330 3014 2642 3069 Mttelbur-

198 3116 343 3181 qma
368 3122 403 3181 1-
428 3120 601 3173 1484.
678 3118 990 3187 Episcopus
1040 3118 1636 3187 Forosemproniensis,
1692 3117 1942 3172 Joanues
1991 3118 2275 3186 Lucidus,
2330 3116 2646 3187 onuphrius

198 3215 497 3291 Fomenta,
544 3222 794 3276 Joamtes
839 3222 1141 3277 Hentem'us
1155 3264 1173 3291 ‚
1218 3222 1517 3277 Jamenius
1568 3222 1880 3292 Episcopus
1935 3221 2376 3289 Gandaviensis;
2437 3223 2646 3291 Estius,

198 3334 300 3375 ann.
318 3340 377 3391 Ρ.
404 3327 541 3381 388.
572 3327 632 3382 9.
693 3325 1076 3393 Maldonatus,
1124 3344 1303 3379 comm.
1350 3326 1405 3379 in
1446 3326 1647 3379 Mam».
1680 3343 1725 3381 c.
1759 3328 1856 3380 26.
1908 3326 1974 3379 de
2018 3325 2272 3379 Paschae
2316 3330 2548 3395 tempore
2581 3343 2645 3395 Ρ.

198 3425 309 3481 542.
362 3428 645 3498 Petavius,
674 3429 999 3485 Rationarii
1036 3430 1357 3500 Temporum
1388 3432 1455 3485 P.
1490 3430 1567 3485 II.
1602 3428 1708 3498 IV,
1739 3432 1794 3485 4.
1813 3446 1877 3499 p.
1907 3432 2040 3486 152.
2103 3430 2436 3483 Hardm‘nus
2483 3429 2542 3485 S.
2573 3429 2648 3498 J.,

196 3527 250 3579 de
286 3546 521 3599 supremo
560 3532 769 3588 Christi
806 3534 1081 3588 Paschate
1099 3578 1113 3605 ,
1159 3535 1219 3589 in
1256 3534 1355 3603 Op.
1392 3534 1486 3591 sel.
1506 3552 1571 3603 Ρ.
1606 3536 1732 3589 371.
1767 3552 1812 3589 s.
1887 3534 2184 3601 Tillemont,
2220 3532 2383 3590 Mem.
2417 3535 2549 3590 Not.
2587 3533 2647 3592 S.

194 3630 253 3685 N.
285 3632 339 3689 S.
383 3635 437 3692 J.
476 3636 533 3693 0.
566 3656 625 3693 π.
660 3637 881 3694 XXVI.
901 3656 963 3707 Ρ.
998 3641 1131 3692 444.
1176 3638 1349 3707 ΚΙιεζῑ,
1380 3640 1571 3709 Ecloq.
1610 3637 1740 3694 Obs.
1773 3639 1833 3693 in
1861 3640 1936 3694 N.
1974 3639 2035 3695 T.
2069 3639 2106 3694 l.
2138 3640 2214 3708 Π,
2251 3641 2392 3696 140.
2443 3640 2645 3705 Allioli,

197 3734 267 3787 die
302 3738 579 3811 reliyib'sen
624 3740 965 3795 Aiterhiimer
1014 3743 1111 3795 des
1165 3741 1361 3795 Volkes
1402 3743 1610 3812 Israel,
1647 3760 1711 3811 p.
1745 3745 1880 3795 203.
1913 3760 1958 3798 s.
2021 3742 2381 3797 Praedictum
2423 3759 2646 3795 eonsue-

200 3840 401 3895 tudinem
446 3846 511 3899 de
556 3843 939 3913 transferendo
984 3844 1257 3899 Paschate
1296 3848 1509 3915 probat
1550 3846 1696 3900 inter
1739 3844 2088 3900 Acatkolieos
2131 3847 2454 3915 interpretes
2482 3845 2646 3915 Huqo

206 3940 417 4015 Grotius,
450 3949 543 4019 qui
570 3949 633 4002 in
658 3948 864 4003 Matth.
900 3966 947 4004 c.
984 3948 1206 4017 XXVI,
1237 3952 1323 4005 17.
1348 3966 1410 4019 p.
1445 3952 1580 4003 245.
1622 3950 1814 4003 scribit
1851 3951 1978 4020 „Ea
2007 3968 2182 4003 eausa
2214 3955 2450 4019 propter
2486 3966 2648 4019 qaam

198 4061 227 4095 α
260 4046 477 4105 Judaeis
519 4052 639 4106 dies
670 4050 861 4119 festus
905 4050 1199 4121 transferri
1242 4054 1454 4107 solebat
1497 4055 1636 4108 adeo
1681 4054 1812 4107 mihi
1867 4056 2018 4108 iusta
2069 4054 2313 4123 videtur,
2374 4059 2437 4107 ut
2481 4053 2648 4124 Leyio

198 4147 532 4220 &tems-etacio
567 4156 765 4225 potius
778 4198 794 4226 ,
854 4174 1018 4227 quam
1060 4157 1290 4211 mutatio
1336 4158 1409 4211 sit
1454 4158 1777 4214 censenda.“
1837 4157 1968 4212 Cum
2023 4158 2218 4212 Grotio
2263 4158 2496 4211 sentiunt
2540 4157 2651 4211 viri

201 4268 253 4303 a
276 4254 593 4313 Acatholicis
634 4278 810 4330 neque
842 4261 1147 4330 pauciores
1183 4278 1353 4331 neque
1386 4262 1640 4315 doctrina
1681 4260 1998 4331 inferiores:
2045 4260 2257 4316 Sebast.
2306 4262 2644 4333 Mitnsteras,

199 4354 431 4430 Buces-as,
452 4364 696 4419 Joannes
720 4362 1035 4435 Stoeflerus‚
1058 4365 1221 4433 Besa,
1252 4366 1326 4421 H.
1352 4365 1646 4437 Butinyus,
1671 4364 1793 4422 Jos.
1825 4365 2089 4437 Scatiyer,
2123 4364 2320 4420 Sethus
2353 4364 2644 4433 Calvisius,

200 4457 287 4517 Ed.
314 4464 597 4535 Hvdem;
628 4468 863 4522 Isaaeus
909 4467 1288 4539 Gasaubonuz
1336 4470 1728 4525 wei-citatione
1774 4470 1836 4523 X
1845 4470 1934 4527 VI.
1968 4471 2044 4524 ad
2081 4468 2141 4526 0.
2172 4470 2414 4524 Bar-onii
2451 4470 2646 4524 Prole-

198 4578 388 4631 9⁰mena
428 4571 487 4624 in
532 4572 757 4627 annales
804 4578 857 4627 et
902 4573 1143 4641 pm'mam
1198 4590 1383 4627 eorum
1428 4580 1670 4643 partem.
1751 4574 1993 4629 Londim'
2037 4576 2208 4630 1614.
2271 4574 2496 4629 Numer.
2547 4576 2644 4629 13.

282 4670 475 4723 Dasko.
502 4674 615 4718 nist.
642 4676 947 4719 Revelationis
974 4675 1163 4719 divisse.
1192 4676 1249 4719 11.
2270 4675 2334 4723 16
2623 4674 2628 4681 ’
