3267 5259
614 458 747 523 470
1354 470 1467 512 nist.
1496 470 1601 512 Rev.
1632 470 1723 512 div.
1751 470 1918 512 Period.
1949 470 2005 512 Π.
2026 482 2122 523 cap.
2152 470 2354 513 alterum.

616 646 1014 731 immortalia,
1048 646 1283 713 sedens
1315 646 1399 711 ad
1429 646 1770 712 dexteram
1801 646 2012 711 Patris
2041 648 2108 711 in
2139 646 2355 731 coelo;
2385 645 2497 711 ubi
2527 668 2662 713 non
2694 645 2888 711 offert
2919 644 3078 710 dona

620 762 951 827 terrestria
992 758 1107 825 sed
1146 759 1473 825 coelestia.
1534 758 1863 825 Unicum
1911 760 2207 825 Christi
2251 758 2744 825 sacrificium
2791 758 3082 824 sufficere

621 874 703 939 ad
751 884 1040 939 nostram
1088 874 1373 937 omnium
1418 872 1892 939 redemtionem
1919 876 1959 937 ¹.
2021 872 2332 939 Exhibita
2377 882 2594 939 autem
2641 873 3080 959 superioritate

624 998 688 1053 et
734 987 1115 1053 aeternitate
1164 985 1511 1051 sacerdotii
1542 986 1800 1070 Christi,
1848 1010 2123 1074 pronum
2157 987 2278 1052 fuit
2310 986 2377 1052 S.
2409 987 2612 1052 Paulo
2667 988 3082 1051 cessationem

624 1099 965 1165 sacerdotii
1016 1109 1081 1166 et
1109 1100 1309 1183 Legis
1346 1100 1427 1164 V.
1460 1098 1558 1183 T„
1604 1103 1670 1165 in
1713 1123 1845 1187 qua
1873 1100 2032 1165 illud
2074 1101 2194 1166 fuit
2225 1104 2662 1181 constitutum,
2711 1098 3014 1185 colligere
3033 1101 3086 1181 ²;

624 1223 691 1280 et
752 1214 1013 1281 Novum
1077 1212 1361 1295 Foedus,
1431 1213 1609 1300 quod
1673 1212 2044 1299 Prophetae
2115 1215 2576 1300 praedixerant
2643 1212 2884 1277 Christi
2951 1234 3082 1277 esse

623 1328 1003 1413 religionem
1051 1326 1415 1410 ostendere,
1480 1329 1544 1391 in
1592 1350 1722 1413 qua
1767 1330 2028 1392 unicum
2085 1330 2284 1414 ipsius
2329 1326 2768 1392 sacerdotium
2814 1327 3028 1411 vigeat
3043 1329 3087 1389 ³.

628 1440 989 1507 Collatione
1034 1442 1273 1505 rituum
1302 1440 1384 1505 A.
1420 1440 1497 1505 F.
1537 1464 1687 1507 cum
1717 1441 1942 1506 ritibus
1973 1441 2052 1507 N.
2087 1442 2185 1526 R,
2215 1440 2452 1527 probat
2496 1462 2640 1505 exc
2661 1440 2774 1504 ell
2795 1441 3082 1504 entiam

626 1554 834 1620 Novi
874 1554 1357 1620 Testamenti
1404 1576 1585 1640 prae
1616 1554 1942 1637 Vetere;
1989 1564 2310 1641 quatenus
2343 1556 2736 1619 cerimoniae
2769 1555 3084 1619 mosaicae

626 1667 827 1753 Legis
854 1667 1083 1732 Novae
1116 1666 1315 1732 veluti
1344 1666 1638 1750 umbrae,
1672 1665 1756 1732 ad
1789 1667 1914 1733 hoc
1945 1667 2392 1733 tantummodo
2427 1667 2764 1733 ordinatae
2811 1667 3090 1747 fuerant3

628 1790 701 1846 ut
728 1782 1037 1867 mysteria
1064 1781 1237 1845 Novi
1268 1782 1582 1847 Foederis
1612 1782 2231 1868 praesignificarent.
2299 1780 2538 1845 Omnia
2580 1780 2662 1844 V.
2695 1778 2772 1844 F.
2819 1782 3094 1844 instituta

628 1894 826 1959 fuisse
870 1893 1131 1959 infirma
1175 1894 1259 1959 ad
1306 1894 1805 1960 sanctificandas
1849 1897 2132 1977 animas3
2177 1894 2457 1981 ideoque
2505 1916 2668 1980 opus
2707 1892 2835 1957 alio
2867 1892 3090 1957 Christi

632 2008 991 2072 sacrificio⁴
1039 2007 1481 2073 excellentiori
1530 2019 1595 2073 et
1640 2010 2092 2094 praestantiori
2115 2014 2156 2072 5.
2218 2008 2339 2072 His
2387 2008 2698 2072 doctrinis
2746 2016 2813 2071 et
2859 2007 3090 2071 institu-

631 2119 915 2185 tionibus
962 2122 1249 2206 aspergit
1291 2120 1646 2207 Apostolus
1693 2120 1986 2205 assidue3
2050 2142 2218 2206 quae
2264 2119 2510 2185 faciant
2555 2119 2640 2183 ad
2701 2117 3090 2183 suadendam

632 2236 1189 2320 perseverantiam
1230 2236 1295 2297 in
1326 2234 1455 2299 fide
1491 2234 1857 2318 christiana,
1892 2246 1957 2299 et
1989 2233 2070 2298 ad
2119 2232 2612 2299 absterrendum
2647 2232 2728 2295 ab
2764 2231 3093 2318 apostasia.

634 2346 935 2411 Moerore
984 2346 1259 2412 afflictos
1294 2346 1693 2413 Christianos
1723 2348 2018 2414 hortatur
2036 2352 2079 2431 θ,
2127 2371 2210 2413 ne
2257 2346 2456 2411 talem
2487 2369 2564 2411 ac
2599 2356 2854 2410 tantum
2901 2366 3094 2409 sacer·

637 2458 856 2525 dotem
879 2462 901 2503 ⁷
946 2458 1333 2546 relinquant.
1403 2460 1768 2525 Perdurent
1829 2463 1893 2525 in
1937 2460 2476 2543 tribulationibus,
2537 2457 2774 2544 quibus
2819 2456 3096 2523 Christus

638 2572 824 2637 brevi
870 2572 1067 2637 finem
1116 2584 1213 2639 est
1258 2574 1673 2659 impositurus
1695 2577 1736 2639 ⁸.
1801 2574 2040 2639 Adfert
2085 2576 2381 2660 apposite
2429 2571 2736 2658 exempla
2779 2570 3098 2636 Justorum

638 2684 720 2749 V.
768 2684 867 2768 T„
929 2688 1037 2772 qui
1096 2685 1225 2750 fide
1279 2686 1426 2751 Deo
1488 2686 1911 2773 placuerunt3
1969 2696 2272 2772 totusque
2333 2698 2631 2750 versatur
2689 2687 2754 2748 in
2815 2682 3098 2751 laudibus

638 2796 791 2861 fidei
807 2801 849 2863 ⁰.
924 2798 1221 2863 Revoeat
1296 2799 1613 2864 Hebraeis
1681 2802 1747 2863 in
1815 2810 2098 2865 mentem
2173 2798 2498 2864 Christum
2575 2801 2954 2881 magistrum
3021 2795 3092 2859 de

642 3034 923 3102 figuratum
972 3036 1389 3087 luculentissime
1440 3038 1768 3099 AaroniticO,
1815 3040 1900 3088 cui
1949 3038 2374 3089 substituendum
2425 3044 2565 3097 erat,
2617 3038 2776 3103 longe
2827 3042 3098 3102 praestare.

642 3122 1035 3173 Melchisedech
1072 3125 1209 3173 enim
1246 3124 1448 3173 Aaroni
1491 3124 1656 3174 multo
1695 3126 1936 3191 superior
1973 3130 2077 3188 est,
2127 3124 2270 3191 quod
2316 3124 2550 3175 eruendo
2599 3124 2856 3189 mysteria
2897 3122 3102 3173 latentia

642 3213 699 3261 in
734 3210 967 3261 historiis
1003 3210 1249 3261 Abrahae
1277 3210 1409 3260 Gen.
1441 3213 1519 3260 14.
1558 3212 1747 3261 eximie
1785 3210 2060 3261 confirmat
2094 3214 2142 3275 6,
2173 3214 2358 3273 20—7,
2397 3215 2478 3261 19.
2530 3210 2609 3260 cf.
2634 3212 2688 3261 J.
2715 3210 2938 3274 Wessel,
2973 3209 3102 3258 Diss.

643 3314 687 3349 s.
720 3298 873 3347 Leid.
908 3298 1079 3364 Lugd.
1113 3298 1232 3347 Bat.
1275 3300 1425 3347 1721.
1463 3298 1505 3349 1.
1546 3298 1610 3348 de
1649 3299 1858 3349 silentio
1899 3296 1949 3348 S.
1984 3304 2136 3364 myst.
2171 3301 2225 3349 in
2257 3298 2376 3347 hist.
2413 3297 2802 3348 Maloitsedeki.
2841 3316 2890 3365 p.
2925 3298 3036 3345 222.
3067 3312 3102 3343 s.

644 3386 710 3436 E.
737 3384 969 3451 Kliipfel,
998 3384 1241 3435 Christus
1266 3385 1517 3437 sacerdos
1542 3400 1648 3435 sec.
1675 3386 1910 3437 ordinem
1935 3385 2340 3436 Melchisedech.
2373 3384 2518 3435 Frib.
2548 3386 2697 3436 1772.
2749 3384 2809 3434 C.
2835 3386 2897 3435 A.
2919 3383 3102 3433 Auber-

645 3471 759 3534 len,
802 3470 1192 3522 Melchisedeks
1230 3474 1423 3537 ewiges
1466 3472 1651 3523 Leben
1694 3489 1743 3523 ιι.
1783 3472 2186 3537 Priesterthum,
2235 3474 2290 3523 in
2335 3487 2455 3523 ann.
2501 3471 2650 3521 stud.
2695 3488 2748 3521 u.
2793 3472 2925 3522 Krit.
2973 3470 3104 3522 1857.

648 3576 699 3625 p.
726 3560 843 3609 453.
870 3576 911 3609 s.
948 3560 1011 3608 V.
1038 3558 1106 3609 H.
1132 3558 1195 3609 R.
1221 3560 1288 3609 D.
1315 3560 1377 3609 V.
1405 3560 1467 3609 T.
1504 3576 1555 3625 p.
1582 3561 1667 3609 49.
1694 3578 1734 3610 s.

860 3645 895 3711 ¹)
924 3646 981 3695 C.
1004 3645 1063 3695 C.
1088 3648 1134 3707 7,
1154 3648 1341 3709 20-8,
1362 3648 1410 3696 5.
1448 3646 1509 3696 V.
1536 3646 1839 3710 Thalhofer,
1867 3648 1951 3697 die
1978 3646 2290 3713 Opferlehre
2316 3646 2408 3697 des
2435 3646 2879 3697 Hebriierbriefes
2907 3644 3010 3695 und
3034 3644 3108 3692 die

648 3732 794 3785 kath.
832 3733 1005 3783 Lehre
1036 3749 1157 3783 vom
1190 3733 1239 3785 h.
1276 3733 1587 3801 Messopfer.
1626 3733 1823 3801 Diling.
1853 3736 2002 3785 1855.
2039 3750 2091 3801 p.
2119 3736 2200 3784 10.
2227 3749 2268 3783 s.
2330 3734 2371 3801 ²)
2409 3734 2528 3784 Hac
2565 3739 2742 3784 tamen
2782 3732 3108 3784 conclusione

648 3823 1043 3887 praetermissa,
1078 3820 1399 3871 antecedens
1436 3826 1640 3871 tantum
1679 3824 1982 3888 exsequitur
2018 3820 2320 3887 Apostolus.
2383 3821 2424 3886 ³)
2463 3824 2512 3884 8,
2540 3822 2726 3871 6—-13,
2782 3824 2826 3886 ⁴)
2863 3824 2912 3885 9,
2939 3820 3108 3871 1-14-

652 3906 691 3974 ι)
730 3910 785 3969 9,
827 3909 1055 3972 15-10,
1094 3910 1172 3958 18.
1233 3908 1312 3960 Cs.
1349 3910 1413 3959 N.
1452 3910 1707 3971 Nonnen,
1752 3908 1885 3975 disp.
1926 3908 1992 3959 de
2029 3908 2188 3959 rebus
2233 3908 2566 3959 tabernaculi
2612 3910 2755 3975 typis
2802 3908 3110 3959 coelestium.

648 3996 821 4046 Brem.
850 3997 999 4045 1750.
1047 3996 1099 4045 J.
1124 3996 1384 4060 VVilkens,
1420 3996 1619 4046 functio
1645 3996 1832 4063 pontif.
1859 4012 1924 4046 m.
1956 3998 2013 4046 in
2038 3996 2198 4062 adyto
2226 3998 2592 4046 anniversaria
2628 3996 2697 4045 ad
2731 3996 2930 4046 dictum
2955 3994 3110 4043 Hebr.

651 4086 701 4143 9,
729 4084 775 4133 7.
812 4084 868 4132 in
892 4080 1050 4133 Thes.
1073 4080 1148 4133 th.
1176 4083 1301 4149 phil.
1328 4100 1378 4149 p.
1409 4086 1522 4133 749.
1550 4100 1590 4135 s.
1630 4084 1698 4133 H.
1725 4083 1785 4133 R.
1809 4084 1878 4133 D.
1904 4084 1968 4135 V.
1993 4084 2056 4133 Τ.
2083 4102 2132 4150 p.
2163 4086 2276 4135 134.
2303 4100 2345 4133 s.
2407 4082 2449 4150 ⁶)
2475 4084 2664 4150 Itaque
2705 4085 2786 4146 10,
2820 4086 2899 4133 19.
2937 4080 3114 4131 transit

653 4168 719 4220 ad
769 4185 937 4236 genus
978 4169 1389 4221 exhortatorium
1440 4172 1824 4237 gravissimum.
1909 4170 1948 4237 ⁷)
1999 4172 2168 4233 Quem
2224 4170 2532 4221 dulcissima
2565 4170 2932 4221 consolatione
2967 4170 3030 4218 iis
3061 4168 3110 4214 in

653 4258 957 4308 memoriam
994 4262 1225 4307 revocat.
1288 4257 1329 4323 8)
1368 4258 1597 4307 Adducit
1632 4258 1978 4309 fundamenta
2014 4259 2346 4309 constantiae
2377 4259 2430 4307 in
2460 4256 2581 4319 fide,
2620 4260 2923 4323 motivaque
2958 4261 3112 4304 retra-

652 4344 833 4395 hentia
871 4345 938 4394 ab
976 4346 1263 4410 apostasia.
1305 4347 1385 4407 10,
1412 4346 1632 4395 20—39.
1695 4344 1738 4409 ⁹)
1778 4344 1834 4395 C.
1865 4348 1945 4395 11.
1970 4363 2021 4412 p.
2050 4346 2082 4395 i.
2131 4346 2282 4407 Quae
2317 4350 2571 4410 quantam
2603 4346 2708 4394 vim
2742 4344 3020 4394 habuerint
3051 4338 3112 4389 ad

656 4432 1019 4482 Hebraeorum
1045 4432 1363 4482 movendum
1383 4430 1802 4498 flectendumque
1829 4434 2058 4482 animum
2083 4433 2382 4497 inquisivit:
2409 4432 2468 4481 P.
2483 4432 2535 4482 J.
2549 4430 2612 4479 L.
2629 4431 2788 4492 Huet,
2811 4446 2949 4496 spec.
2969 4414 3111 4478 acad.

657 4516 722 4568 de
748 4519 1109 4583 antiquissimo
1129 4519 1231 4568 Dei
1257 4519 1519 4568 cultorum
1547 4519 1636 4583 qui
1664 4520 1718 4567 in
1744 4520 1894 4585 epist.
1921 4519 1988 4568 ad
2014 4518 2178 4569 Hebr.
2201 4534 2244 4568 c.
2268 4521 2350 4569 11.
2375 4522 2732 4568 memorantur
2757 4516 2873 4567 fide.
2905 4513 3112 4565 Amstel.

659 4606 809 4653 1824.
845 4622 896 4671 p.
933 4606 1017 4654 25.
1051 4622 1091 4655 s.
1128 4605 1390 4671 Exposita
1426 4604 1748 4667 definitione,
1788 4606 2013 4668 obiecto,
2057 4605 2285 4655 utilitate
2321 4604 2470 4665 fidei,
2519 4608 2608 4668 11,
2651 4606 2817 4666 1—3.,
2857 4610 3112 4667 tamquam

657 4690 864 4741 virtutis
892 4705 925 4739 a
947 4691 1279 4759 patriarchis,
1318 4691 1603 4759 prophetis,
1634 4694 1937 4760 sanctisque
1964 4692 2025 4741 V.
2052 4692 2132 4753 T„
2165 4708 2386 4759 quorum
2410 4691 2626 4759 longum
2652 4692 2784 4741 texit
2807 4689 3110 4753 catalogum,
3217 4706 3219 4773 ἱ
