3267 5259
984 460 1208 503 Secundus
1235 462 1454 513 praeconii
1481 462 1689 505 coelestis
1716 474 1867 507 annus.
2594 452 2681 517 55

203 642 496 699 nsinuans.
543 642 694 700 Mox
725 660 1074 720 prosequens
1118 662 1443 701 sermonem
1487 662 1658 700 suum
1690 643 1956 701 Christus
1996 644 2061 700 in
2106 644 2451 701 universum
2480 664 2677 703 omnes

197 746 258 801 de
294 746 649 822 perfectione
679 748 966 818 erudiens,
1001 747 1189 805 multa
1219 747 1286 804 in
1316 767 1444 804 eam
1472 747 1824 805 sententiam
1856 748 2045 805 dixit:
2093 748 2164 804 de
2208 748 2673 821 mansuetudine,

199 850 676 921 reconciliatione,
727 851 1048 923 concordia,
1105 851 1250 908 item
1293 852 1362 907 de
1408 851 1771 909 continentia
1815 856 1875 909 et
1918 850 2204 923 scandale,
2252 852 2490 909 vinculo
2536 872 2671 909 con-

199 953 332 1027 iugii
357 952 390 1025 ¹,
439 956 510 1012 de
556 954 912 1013 iuramentis
935 955 1212 1027 vitandis,
1261 957 1332 1013 de
1377 955 1665 1031 patientia
1709 961 1769 1014 et
1812 956 2057 1015 caritate
2103 956 2356 1027 colenda,
2407 958 2476 1013 de
2522 958 2679 1015 iusta

200 1058 404 1115 ratione
459 1059 643 1116 dandi
709 1059 1134 1136 eleemosynam
1155 1104 1168 1131 ‚
1231 1061 1385 1137 quod
1445 1080 1576 1118 suos
1635 1080 1813 1138 quam
1859 1060 2117 1118 maxime
2162 1065 2399 1137 cuperet
2443 1080 2479 1118 a
2522 1060 2679 1118 fastu

200 1161 632 1220 Pharisaeorum
696 1164 932 1221 alienos.
1021 1164 1218 1221 Multa
1261 1165 1440 1222 etiam
1485 1164 1604 1221 alia
1648 1164 1933 1223 salutaria
1974 1164 2133 1223 vitae
2179 1166 2463 1238 regendae
2508 1185 2676 1241 prae-

201 1277 348 1339 cepta
387 1266 764 1341 impertivit,
815 1268 1070 1345 qualiter
1113 1268 1302 1326 oratio
1345 1269 1698 1344 praestanda-
1740 1268 1850 1338 sit,
1900 1287 2047 1325 neve
2092 1268 2344 1326 ethnicis
2390 1268 2675 1326 assimila-

201 1379 402 1441 rentur,
451 1371 556 1449 qui
602 1370 668 1428 in
717 1368 1129 1451 multiloqui02
1172 1393 1232 1429 se
1275 1372 1547 1431 exaudiri
1579 1378 1876 1448 putarent.
1967 1371 2435 1430 Pulcherrimam
2481 1379 2676 1431 autem

201 1473 848 1553 excellentissimumque
877 1477 1157 1547 omnium,
1206 1496 1354 1555 quae
1385 1496 1645 1555 unquam
1674 1477 1863 1534 dictae
1892 1478 2072 1549 fuere,
2122 1478 2327 1535 orandi
2360 1478 2676 1535 formulam

201 1578 489 1653 discipulos
533 1599 670 1637 suos
703 1580 917 1651 docuit,
967 1599 1114 1658 quae
1145 1583 1217 1639 ab
1259 1580 1652 1657 auspicalibus
1696 1581 1935 1640 vocibus
1981 1582 2179 1652 ,Pater
2216 1582 2447 1639 Noster‘
2491 1582 2675 1640 audit.

205 1682 418 1739 Diutius
465 1685 662 1741 adhuc
707 1704 1030 1742 sermonem
1077 1687 1426 1761 protrahens
1457 1705 1550 1743 eos
1581 1685 1903 1755 admonuit,
1939 1704 2011 1741 ne
2057 1685 2243 1742 nimia
2282 1685 2679 1743 sollicitudine

201 1804 379 1842 rerum
420 1787 840 1863 temporalium
887 1794 1252 1859 tenerentur;
1316 1809 1390 1846 ne
1452 1808 1804 1867 quemquam
1848 1793 2065 1846 temere
2108 1789 2456 1847 iudicarent.
2520 1790 2675 1847 Hor-

201 1894 338 1945 tatus
365 1897 448 1948 est
479 1892 746 1968 insuper,
795 1913 869 1950 ne
911 1913 1077 1951 sacra
1119 1894 1524 1970 imprudenter
1569 1894 1921 1969 dispensent,
1966 1898 2037 1951 ut
2066 1892 2131 1950 in
2161 1892 2523 1952 orationibus
2554 1893 2674 1951 suis

203 1993 486 2066 petitiones
529 2016 668 2055 suas
713 1997 1004 2055 instanter
1034 1998 1318 2068 fundant;
1367 2018 1472 2075 per
1527 2002 1837 2072 angustam
1867 1998 2277 2056 mandatorum
2305 1998 2417 2055 Dei
2448 2002 2678 2073 portam

203 2095 404 2155 intrare
446 2106 760 2175 satagant;
807 2122 915 2174 eos,
967 2103 1070 2181 qui
1100 2122 1160 2161 se
1204 2103 1270 2161 in
1305 2122 1502 2161 errore
1545 2103 1821 2161 inducere
1852 2107 2100 2177 possent,
2149 2102 2361 2161 vitent.
2406 2102 2677 2180 Denique

205 2206 258 2256 ut
297 2204 470 2260 verba
514 2205 628 2262 Dei
673 2225 796 2263 non
837 2207 1025 2265 solum
1069 2207 1291 2279 audire,
1339 2209 1436 2264 sed
1481 2208 1632 2284 quod
1679 2207 1849 2280 longe
1901 2211 2161 2283 praestat
2190 2206 2441 2264 sollicite
2486 2206 2677 2263 facere

205 2322 308 2361 non
347 2306 674 2383 negligant.

386 2496 640 2563 Diyressio
675 2497 736 2548 de
769 2498 1005 2549 Oratione
1027 2499 1309 2550 Dominica.
1347 2498 1534 2547 Partes
1560 2497 1719 2547 huius
1753 2498 2010 2547 orationis
2049 2497 2187 2547 aliae
2226 2498 2278 2545 in
2316 2497 2435 2547 aliis
2475 2496 2675 2546 Judae-

205 2594 334 2627 0rum
380 2580 528 2630 libris
568 2587 871 2645 occurrunt,
909 2582 1004 2633 sed
1041 2584 1361 2646 recentibus,
1400 2589 1454 2633 et
1507 2583 1721 2649 quidem
1776 2585 1981 2648 absque
2035 2584 2199 2633 dubio
2256 2599 2319 2633 ex
2366 2584 2679 2647 Evangeliis

205 2663 504 2731 descriptae3
543 2670 790 2734 quamvis
825 2670 1068 2719 nonnulli
1093 2698 1158 2705 —
1187 2686 1231 2719 e.
1259 2686 1308 2735 g.
1345 2670 1440 2719 Ch.
1466 2670 1743 2731 Knorrius,
1780 2671 1836 2717 in
1874 2668 2119 2719 Cabbala
2159 2668 2446 2730 denudata,
2486 2669 2551 2718 cf.
2588 2670 2676 2718 Fr.

209 2750 420 2817 Buddei,
455 2754 586 2805 Intr.
609 2756 680 2805 ad
699 2756 768 2805 Η.
788 2756 923 2806 Phil.
948 2756 1078 2806 Ebr.
1097 2756 1224 2806 Hal.
1246 2759 1398 2808 1702.
1417 2773 1468 2821 p.
1489 2759 1607 2806 236.
1635 2772 1675 2805 s.
1702 2756 1909 2818 Moller,
1934 2757 1990 2805 in
2014 2756 2257 2821 Aug-usti,
2284 2755 2445 2805 theol.
2470 2756 2679 2806 Monat-

205 2837 380 2888 schrift.
428 2841 493 2890 L.
521 2844 675 2892 1801.
703 2859 752 2907 p.
781 2844 863 2893 23.
889 2844 1039 2893 Neue
1069 2843 1364 2893 Ansichten
1399 2842 1509 2893 sch.
1538 2842 1611 2891 St.
1644 2842 1694 2892 d.
1728 2858 1778 2891 v.
1804 2843 1906 2892 Ev.
1941 2860 1993 2907 p.
2027 2844 2113 2892 43.
2149 2842 2200 2892 J.
2238 2842 2297 2892 C.
2322 2843 2409 2892 W.
2434 2842 2677 2908 Augusti,

211 2923 734 2994 Denkwflrdigkeiten
761 2944 808 2979 a.
836 2929 885 2979 d.
913 2928 1021 2979 chr.
1045 2929 1324 2979 Archaeol.
1351 2929 1414 2978 L.
1444 2929 1594 2978 1821.
1616 2928 1708 2991 IV,
1737 2930 1853 2977 132.
1881 2928 1931 2978 J.
1956 2928 2018 2978 A.
2044 2928 2316 2991 Noesselt,
2348 2928 2477 2979 Obs.
2504 2928 2573 2979 ad
2600 2944 2676 2979 or.

207 3009 324 3059 dom.
358 3014 504 3064 1801.
530 3042 600 3051 —
625 3017 827 3080 scripta
843 3016 950 3065 ista
967 3014 1181 3065 iudaica
1199 3017 1492 3065 vetustiora
1513 3030 1632 3065 esse
1653 3015 1909 3077 arbitrati,
1932 3014 2199 3065 Christum
2218 3016 2505 3065 Dominum
2524 3030 2676 3065 suam

209 3098 473 3149 orationem
509 3116 576 3150 ex
609 3102 730 3151 istis
766 3100 1140 3162 voluminibus,
1179 3101 1265 3150 vel
1303 3100 1446 3166 quod
1483 3100 1661 3150 adhuc
1696 3102 1848 3166 peius
1886 3106 1968 3151 est
2004 3117 2033 3150 e
2068 3102 2205 3151 libro
2250 3101 2585 3151 Zendavesta
2610 3129 2677 3137 —

207 3182 269 3229 ita
299 3184 520 3247 Herder,
555 3188 672 3237 Erl.
713 3188 762 3237 d.
799 3188 864 3237 N.
903 3188 964 3237 T.
1001 3202 1049 3237 a.
1090 3204 1135 3237 e.
1173 3204 1278 3237 neu
1313 3188 1493 3237 erssffn.
1529 3187 1663 3237 Urk.
1696 3188 1836 3253 Riga
1872 3189 2021 3237 1775.
2064 3188 2115 3237 J.
2151 3188 2211 3237 A.
2253 3187 2311 3236 O.
2346 3188 2587 3249 Richter,
2626 3186 2676 3236 d.

211 3266 376 3321 Christ.
399 3288 451 3321 n.
479 3273 529 3323 d.
557 3277 606 3323 a.
634 3274 750 3323 Rel.
778 3273 828 3323 d.
863 3274 953 3323 Or.
987 3274 1172 3340 Leipz.
1210 3276 1359 3324 1819.
1405 3274 1608 3323 Rhode.
1647 3273 1697 3323 d.
1733 3273 1783 3323 h.
1820 3272 1958 3339 Sage
1994 3274 2044 3323 d.
2081 3289 2128 3323 a.
2163 3274 2399 3323 Bactrer.
2440 3274 2588 3323 1820.
2624 3291 2675 3338 p.

209 3356 308 3404 416.
358 3356 644 3423 Seyffarth,
689 3360 908 3426 Beitrag
944 3376 989 3409 z.
1029 3358 1388 3425 Specialchar.
1428 3360 1478 3409 d.
1518 3359 1623 3409 ioh.
1664 3358 1810 3409 Schr.
1849 3359 1911 3408 L.
1954 3361 2103 3409 1823.
2130 3386 2197 3395 -—-
2221 3364 2517 3408 mutuatum
2556 3375 2673 3409 esse

209 3454 454 3506 perperam
483 3446 728 3496 doceant.
786 3446 920 3496 Cum
947 3463 975 3496 e
1005 3448 1269 3496 contrario
1296 3452 1498 3497 certum
1523 3448 1618 3498 sit:
1670 3462 1714 3494 α.
1748 3446 1989 3496 Judaeos
2015 3460 2095 3507 ea,
2130 3460 2284 3511 quae,
2317 3445 2419 3495 hac
2442 3448 2498 3495 in
2522 3452 2675 3511 parte

211 3528 282 3575 vel
312 3530 461 3593 alias,
487 3533 552 3583 N.
577 3534 641 3582 Τ.
681 3533 974 3583 conformia
1021 3535 1390 3603 inueniuntur,
1420 3533 1546 3582 inde
1587 3547 1689 3583 sua
1734 3534 1953 3596 fecisse3
1998 3546 2033 3581 a
2062 3548 2189 3581 vero
2234 3536 2410 3582 autem
2459 3548 2675 3597 prorsus

211 3614 442 3667 absonum
468 3634 652 3670 sacras
685 3619 808 3670 illas
832 3636 1020 3685 preces
1047 3636 1112 3669 ex
1135 3621 1356 3685 impuris
1395 3619 1529 3669 adeo
1567 3620 1750 3669 rivulis
1788 3620 2019 3669 fluxisse.
2058 3616 2101 3684 β.
2139 3619 2393 3669 Rationes
2432 3635 2568 3685 quae
2606 3620 2675 3670 ad

209 3698 292 3749 has
325 3706 650 3757 coniecturas
687 3704 1078 3756 confirmandas
1111 3708 1168 3756 iu
1203 3706 1376 3755 medio
1414 3706 1825 3772 proferebantur
1859 3706 2005 3755 leves
2042 3710 2180 3767 sunt,
2221 3712 2275 3755 et
2309 3706 2507 3756 nullius
2544 3723 2671 3771 pon-

212 3786 347 3839 deris.
399 3790 706 3843 Consensus
737 3794 784 3843 si
815 3794 1112 3843 sententiae
1142 3794 1388 3843 iudaicae
1427 3794 1729 3843 accuratius
1769 3798 2156 3858 comparentur,
2190 3794 2483 3858 respiciunt
2512 3794 2673 3857 potis-

213 3874 375 3925 simum
407 3876 592 3929 Matth.
631 3882 680 3941 6,
716 3881 765 3940 9,
803 3882 883 3929 10.
922 3896 1032 3929 non
1064 3896 1192 3929 vero
1227 3896 1276 3930 ν.
1315 3881 1396 3929 11.
1433 3896 1473 3929 s.
1534 3896 1580 3946 γ.
1631 3878 1765 3927 Coll.
1799 3878 1933 3927 Luc.
1971 3881 2052 3940 11,
2093 3881 2138 3928 1.
2175 3884 2376 3928 certum
2412 3884 2493 3927 est
2525 3879 2575 3927 J.
2610 3878 2673 3926 B.

213 3958 456 4027 discipulis
493 3968 602 4017 suis
638 3966 861 4015 formam
899 3966 1086 4016 orandi
1123 3966 1430 4028 tradidisse,
1471 3980 1643 4030 eoque
1680 3965 1921 4029 exemplo
1966 3964 2105 4014 hanc
2142 3980 2351 4030 quoque
2390 3979 2423 4013 a
2463 3963 2673 4013 Christo

214 4048 468 4101 conditam.
527 4054 630 4101 Pro
669 4052 770 4102 hac
807 4054 1075 4103 sententia
1111 4053 1316 4102 erudite
1359 4056 1681 4118 pugnarunt.
1745 4050 1807 4101 G.
1834 4050 2254 4113 Wernsdorfius,
2292 4050 2560 4100 vindiciae
2598 4066 2672 4100 or.

215 4131 330 4182 dom.
353 4136 493 4187 Witt.
521 4141 671 4189 1708.
709 4140 779 4187 M.
807 4139 874 4188 H.
901 4139 1089 4199 Rothe,
1114 4140 1179 4187 V.
1209 4154 1282 4188 or.
1311 4138 1445 4188 dom.
1471 4139 1543 4187 ib.
1573 4139 1724 4187 1709.
1760 4136 1850 4186 Fr.
1876 4137 1928 4186 J.
1956 4136 2235 4199 Schrader,
2265 4136 2355 4186 Or.
2379 4136 2516 4185 dom.
2543 4136 2593 4185 h.
2622 4136 2671 4187 d.

213 4222 466 4286 praecipue
501 4225 780 4275 Judaismo
819 4226 1078 4289 opposita.
1139 4225 1362 4275 Helmst.
1392 4226 1539 4274 1710.
1567 4224 1618 4273 J.
1650 4224 1744 4273 Oh.
1772 4223 2014 4285 Wolfius,
2052 4238 2145 4271 cur
2178 4223 2265 4287 ph.
2305 4227 2359 4271 et
2393 4238 2465 4271 cr.
2492 4224 2548 4271 in
2574 4221 2668 4273 IV.

217 4304 298 4353 Ev.
331 4324 378 4371 p.
413 4311 523 4358 125.
559 4310 810 4360 Biblioth.
849 4310 995 4360 hebr.
1029 4311 1109 4373 11,
1147 4312 1298 4360 1236.
1348 4310 1398 4360 J.
1426 4309 1757 4371 Bel-nardus,
1785 4311 1842 4358 in
1876 4314 1983 4357 not.
2020 4310 2150 4373 reip.
2186 4309 2262 4358 lit.
2299 4309 2449 4358 1718.
2476 4326 2526 4373 p.
2554 4310 2672 4360 276.

215 4388 266 4437 A.
286 4392 342 4441 R.
367 4394 579 4459 Gcbser,
619 4397 686 4446 de
713 4396 901 4461 explic.
930 4396 982 4446 S.
1010 4396 1061 4447 S.
1088 4412 1262 4463 praes.
1287 4398 1352 4447 N.
1378 4396 1439 4446 T.
1462 4412 1490 4445 e
1517 4396 1866 4445 Zendavesta.
1904 4394 2027 4443 Jen.
2056 4396 2205 4443 1824.
2231 4394 2311 4443 Id.
2339 4394 2404 4443 de
2432 4410 2505 4443 or.
2534 4394 2671 4445 dom.

402 4542 436 4609 ¹)
470 4545 532 4593 V.
558 4545 629 4593 H.
653 4544 804 4594 v..'1*.
829 4560 880 4609 p.
911 4546 1024 4595 168.
1076 4544 1118 4609 2)
1148 4544 1228 4593 Cf.
1253 4544 1315 4595 B.
1343 4516 1645 4607 Sto'lbergii,
1673 4543 1799 4592 diss.
1826 4542 1891 4590 de
1918 4539 2211 4611 βαττολογία
2232 4558 2463 4609 precum.
2490 4544 2546 4592 in
2572 4542 2672 4593 Th.

221 4623 281 4673 th.
299 4626 381 4693 ph.
398 4628 466 4679 Π.
493 4633 606 4681 112.
635 4647 680 4681 s.
728 4629 951 4696 Schegg,
977 4631 1185 4697 Evang.
1211 4630 1350 4681 nach
1374 4631 1560 4680 Matth.
1587 4629 1631 4693 Ι,
1660 4631 1779 4679 465.
1804 4646 1847 4681 s.
1875 4628 2074 4695 aliique
2100 4632 2436 4695 interpretes.
