3267 5259
1003 456 1149 503 ortus.
1177 456 1368 497 infantia
1395 456 1440 497 et
1465 454 1673 497 iuventus
1700 455 1878 497 christi.
2606 444 2686 509 13

203 630 334 693 buit
355 632 392 711 ¹,
457 628 646 714 Magi
695 628 1010 694 admoniti
1056 602 1281 714 regem
1326 630 1733 694 Judaeorum
1777 639 2025 713 natum,
2066 632 2477 716 scientesque
2516 630 2694 695 illum

205 744 478 805 omnium
539 741 722 807 bono
777 744 980 825 nasci,
1024 745 1094 806 in
1137 742 1389 825 urbem,
1439 765 1608 829 quae
1654 746 1839 828 regni
1898 753 2096 829 eaput
2154 752 2295 807 erat
2352 754 2693 828 venerunt,

203 856 602 940 requirentes
664 877 796 940 quo
854 854 1002 920 loco
1061 864 1253 920 natus
1320 865 1492 921 esset
1549 878 1671 920 rex
1736 879 1997 940 eorum,
2054 858 2235 920 cuius
2300 866 2509 920 ortum
2571 856 2691 921 sub

205 978 360 1032 astro
417 967 717 1054 quodam
779 970 844 1031 in
906 991 1132 1033 eorum
1185 970 1454 1053 regione
1513 971 1677 1051 vis0,
1726 968 2029 1034 didicisse
2092 990 2161 1033 se
2208 968 2624 1032 affirmabant
2648 971 2692 1032 2.

203 1081 302 1145 Ad
337 1082 430 1145 rei
466 1084 837 1146 novitatem
882 1090 1020 1146 tota
1053 1092 1382 1147 commota
1414 1092 1513 1146 est
1541 1082 2104 1167 Jerosolymorum
2136 1081 2311 1165 urbS,
2342 1104 2693 1168 rumorque

207 1193 360 1259 illico
418 1194 506 1258 ad
561 1217 761 1259 aures
824 1218 1174 1281 procerum
1223 1204 1288 1259 et
1338 1180 1677 1262 Herodem
1731 1199 2005 1281 regem3
2066 1194 2355 1282 perlatus
2414 1205 2530 1276 est,
2586 1196 2695 1281 qui

205 1329 346 1371 mox
405 1310 694 1372 accersit
754 1306 840 1371 ad
893 1331 962 1371 se
1029 1330 1114 1371 ex
1175 1308 1400 1372 ordine
1461 1309 1877 1373 sacerdotum
1935 1310 2253 1394 primores
2322 1317 2388 1372 et
2449 1307 2694 1372 scribas

206 1418 456 1505 populi⁴
475 1468 494 1503 ,
559 1430 638 1486 ut
701 1422 1100 1506 inquirerent
1151 1423 1220 1484 in
1269 1420 1508 1504 locum,
1570 1421 1682 1485 ubi
1732 1424 2099 1485 nasciturus
2162 1430 2302 1486 erat
2355 1419 2694 1485 Christus?

207 1531 293 1595 Illi
351 1534 566 1597 statim
628 1535 698 1596 in
753 1532 1138 1597 Bethlehem
1203 1531 1418 1598 Judae
1462 1534 1972 1619 responderunt,
2038 1536 2191 1620 quia
2236 1536 2329 1598 sic
2382 1535 2693 1619 seriptum

209 1654 364 1708 esset
398 1667 521 1730 per
559 1644 960 1731 prophetam
999 1645 1368 1710 Michaeam
1389 1650 1432 1709 5.
1497 1646 1617 1710 His
1660 1647 1911 1730 auditis,
1951 1645 2255 1712 Herodes
2294 1645 2381 1710 ad
2420 1669 2490 1710 se
2525 1645 2692 1710 clam

207 1759 448 1822 vocavit
486 1757 733 1843 Magos
757 1762 782 1799 ⁴³
827 1768 893 1821 et
930 1758 1274 1843 diligenter
1313 1758 1396 1823 ab
1436 1760 1512 1822 iis
1553 1761 1876 1844 quaesivit
1914 1768 2171 1845 tempus
2214 1757 2441 1823 sideris
2482 1761 2691 1843 primo

205 1871 329 1933 visi.
393 1868 592 1949 Quod
644 1892 796 1934 cum
843 1872 1267 1955 aperuissent,
1316 1870 1554 1935 dimisit
1599 1894 1713 1935 eos
1751 1882 1823 1936 ut
1862 1894 2107 1935 novum
2153 1894 2375 1955 regem
2420 1871 2693 1954 adirent,

207 1982 444 2066 rogavit
472 1984 768 2068 insuper,
801 1993 877 2046 ut
905 1982 987 2047 de
1020 1982 1187 2047 illius
1216 1984 1592 2047 inventione
1625 1986 1969 2048 certiorem
2002 2006 2071 2047 se
2104 1983 2419 2066 facerent,
2468 2006 2596 2070 quo
2630 1992 2696 2047 et

207 2096 330 2179 ipse
395 2094 482 2158 ad
552 2118 712 2159 eum
772 2094 1180 2160 adorandum
1247 2106 1571 2181 pergeret.
1664 2096 1934 2160 Interim
2000 2096 2214 2181 Magis
2281 2096 2695 2181 Jerosolyma-

209 2206 496 2291 digressis
543 2206 738 2272 stella
758 2210 800 2287 ⁷,
864 2229 1058 2293 quam
1121 2207 1423 2272 viderant
1487 2210 1552 2273 in
1615 2207 2039 2273 orientalibus
2098 2207 2474 2293 regionibus
2538 2218 2693 2272 tunc

207 2452 242 2512 1,
274 2454 349 2501 62.
384 2468 426 2502 s.
475 2453 656 2515 Thilo,
693 2454 916 2503 Eusebii
965 2454 1216 2503 Emeseni
1263 2456 1431 2505 oratio
1469 2452 1578 2521 περὶ
1625 2448 1959 2523 ἀστρονόμων,
1996 2456 2291 2520 praemissa
2332 2456 2397 2504 de
2436 2457 2604 2521 magis
2641 2462 2695 2505 et

212 2539 354 2590 stella
387 2542 724 2606 quaestione.
775 2540 898 2591 Hal.
928 2544 1077 2591 1835.
1107 2546 1159 2590 et
1182 2542 1418 2606 inprimis
1442 2542 1494 2592 J.
1518 2542 1584 2590 N.
1612 2541 1772 2607 Sepp,
1800 2542 1894 2591 das
1920 2542 2105 2591 Leben
2140 2542 2272 2591 Jesu
2300 2542 2507 2591 Christi.
2536 2542 2616 2593 ed.
2644 2546 2693 2591 2.

207 2626 453 2691 Regensb.
493 2630 650 2677 1854.
689 2628 770 2689 Π,
812 2631 868 2689 1,
907 2630 989 2677 90.
1027 2643 1070 2677 s.
1110 2629 1336 2690 Patritii‚
1377 2630 1520 2678 Diss.
1569 2643 1610 2677 s.
1650 2644 1696 2678 c.
1731 2645 1781 2693 p.
1819 2631 1937 2678 309.
1962 2644 2022 2689 s.,
2062 2634 2222 2693 atque
2248 2629 2310 2679 L.
2337 2629 2407 2677 M.
2436 2629 2591 2690 Roth,
2626 2628 2691 2678 de

212 2713 350 2763 stella
367 2728 400 2763 a
416 2714 594 2780 Magis
617 2719 926 2779 conspecta.
947 2714 1172 2780 Mogunt
1195 2717 1345 2765 1865.
1367 2732 1418 2780 p.
1444 2718 1491 2765 3.
1513 2732 1556 2765 s.
1585 2715 1670 2764 De
1690 2716 2005 2765 Sanctorum
2026 2716 2183 2765 trium
2202 2716 2480 2781 Magorum
2506 2731 2691 2781 corpo-

211 2799 341 2847 ribus
379 2800 902 2867 Constantinopolim
945 2801 1178 2865 indeque
1226 2802 1585 2852 Mediolanum
1635 2808 1691 2853 et
1726 2802 2002 2853 Coloniam
2056 2802 2403 2853 translatione
2451 2803 2690 2867 pluribus

211 2891 360 2950 agunt
377 2887 444 2937 H.
463 2887 516 2937 J.
536 2888 716 2951 Floss,
736 2887 1260 2954 Dreikonigenbuch,
1301 2888 1386 2939 die
1421 2889 1785 2955 iibertragung
1816 2890 1913 2939 der
1927 2889 1979 2938 h.
2007 2889 2055 2938 h.
2084 2889 2412 2954 Dreiktinige
2432 2905 2540 2939 von
2558 2889 2690 2939 Mai-

217 2970 328 3021 land
347 2974 480 3023 nach
499 2976 666 3025 ΚὸΙη.
687 2976 844 3025 ΚὸΙιι.
867 2978 1018 3026 1864.
1038 2992 1089 3041 p.
1112 2979 1159 3026 1..
1173 2991 1216 3025 s.
1231 2975 1282 3025 J.
1301 2977 1548 3039 Kreuser,
1568 2976 2093 3041 Dreiktinigenbuch.
2121 2976 2291 3025 Bonn.
2318 2978 2467 3025 1864.
2484 2994 2535 3042 p.
2550 2978 2633 3025 45.
2649 2991 2691 3025 s.

407 3070 444 3136 ¹)
479 3071 559 3121 Ut
594 3071 808 3136 fulgore
855 3086 951 3120 suo
990 3070 1196 3122 coelum
1233 3086 1420 3121 versus
1462 3076 1744 3122 convertat
1784 3073 1973 3140 Magos
2020 3072 2089 3121 ad
2125 3086 2379 3121 summam
2424 3072 2693 3122 hominum

211 3153 414 3205 salutem
440 3157 671 3208 coelitus
701 3158 758 3206 in
785 3162 976 3207 terram
1015 3156 1408 3221 descensuram,
1437 3160 1649 3224 iamque
1687 3158 2114 3220 descendentem,
2147 3160 2295 3209 Deus
2328 3160 2465 3207 enim
2494 3157 2691 3208 insoliti

211 3240 547 3304 phoenomeni
585 3243 1027 3310 significationem
1065 3244 1185 3295 coll.
1223 3262 1275 3294 v.
1316 3247 1396 3295 13.
1435 3245 1704 3295 revelasse
1743 3246 1990 3296 creditur.
2052 3244 2093 3311 2)
2129 3247 2295 3296 Recte
2334 3246 2471 3294 enim
2516 3245 2692 3293 existi-

211 3328 411 3378 mabant
453 3332 592 3381 tanti
643 3332 896 3396 principis
945 3331 1276 3381 nativitatem
1324 3348 1431 3382 non
1477 3347 1636 3397 posse
1674 3332 1839 3381 latere
1886 3332 2029 3397 apud
2068 3348 2184 3394 eos,
2233 3333 2321 3397 qui
2366 3330 2509 3381 hunc
2545 3346 2579 3379 a
2612 3336 2693 3380 tot

213 3415 422 3465 saeculis
477 3417 884 3484 exspectabant.
958 3417 997 3484 ³)
1053 3418 1156 3479 Qui
1209 3420 1314 3467 iam
1369 3420 1571 3483 pridem
1628 3418 1821 3468 Christi
1866 3419 2119 3467 nascituri
2169 3417 2361 3467 famam
2416 3417 2695 3467 horruerat

215 3506 460 3566 metuens,
497 3520 568 3553 ne
607 3520 791 3569 reg-n0,
829 3503 971 3568 quod
995 3504 1298 3571 alienigena
1322 3510 1695 3571 occupaverat,
1725 3505 2112 3555 deturbaretur.
2172 3502 2213 3569 ⁴)
2250 3504 2313 3553 V.
2352 3504 2487 3553 Hist.
2524 3504 2587 3553 R.
2624 3505 2692 3554 D.

213 3586 270 3635 V.
303 3588 360 3637 Τ.
393 3606 446 3655 p.
483 3592 606 3641 594.
667 3589 706 3657 ⁵)
743 3592 976 3641 Pronum
1014 3596 1190 3641 autern
1237 3596 1320 3641 est
1363 3592 1785 3641 animadvertere
1825 3590 1875 3640 d.
1899 3590 2233 3640 Matthaeum
2258 3592 2306 3653 2,
2332 3592 2380 3640 6.
2416 3590 2693 3640 Michaeae

214 3675 502 3727 vaticinium
540 3679 591 3739 ὅ,
631 3678 681 3727 2.
727 3678 804 3726 sic
841 3676 1111 3740 retulisse,
1149 3683 1210 3727 ut
1245 3693 1353 3727 non
1391 3680 1496 3728 sint
1530 3680 1649 3744 ipsa
1684 3678 1853 3727 verba
1894 3677 2209 3743 prophetae,
2248 3677 2427 3743 qualia
2460 3676 2693 3744 praefert

217 3760 368 3811 codex
401 3763 815 3826 masorethicus,
854 3768 908 3813 et
944 3764 1126 3828 qualia
1161 3764 1294 3814 haee
1337 3766 1667 3829 interpretati
1704 3770 1829 3814 sunt
1863 3766 2035 3828 Lxx3
2084 3764 2226 3829 quod
2272 3780 2379 3814 non
2426 3764 2691 3814 mediocre

219 3847 516 3910 quibusdam
547 3850 822 3913 negotium
851 3850 1084 3899 facessit.
1132 3850 1452 3914 Notandum,
1479 3850 1624 3916 quod
1654 3852 1775 3901 olim
1800 3853 1905 3901 iam
1929 3851 2221 3901 inculcavit
2249 3866 2293 3900 s.
2318 3852 2690 3915 Hieronymus,

219 3932 278 3981 ad
319 3936 496 3985 Amosi
541 3938 608 3999 V,
657 3939 749 3986 24:
822 3936 1140 4002 „Apostolos
1189 3942 1242 3987 et
1287 3937 1624 4002 Apostolicos
1670 3940 1813 3986 viros
1858 3940 1911 3986 in
1956 3938 2216 4003 ponendis
2262 3938 2576 3987 testimoniis
2621 3938 2688 3987 de

217 4018 380 4071 Veteri
415 4024 788 4085 TestamentO,
825 4038 933 4072 non
968 4024 1134 4073 verba
1177 4024 1538 4085 considerare,
1585 4023 1683 4073 sed
1728 4039 1965 4087 sensum3
2013 4040 2113 4074 nec
2160 4040 2460 4074 sermonum
2507 4024 2693 4073 eadem

221 4105 408 4159 calcare
442 4110 688 4175 vestigia,
728 4109 1010 4160 dummodo
1050 4125 1084 4159 a
1120 4112 1393 4160 sententiis
1431 4125 1540 4161 non
1575 4111 1879 4161 recedant.“
1916 4110 2005 4173 VI,
2038 4114 2157 4161 306.
2204 4110 2289 4159 Ita
2327 4117 2381 4159 et
2416 4112 2599 4174 Lamy‚
2638 4112 2692 4159 in

221 4190 491 4245 comment.
530 4214 584 4262 p.
624 4198 708 4246 47.
755 4196 808 4245 J.
845 4196 1205 4259 Frischmuth,
1251 4197 1546 4247 Harmonia
1584 4198 1653 4247 ad
1694 4197 1854 4247 Mieh.
1892 4200 1940 4259 5,
1982 4202 2027 4249 1.
2064 4197 2253 4247 Matth.
2290 4200 2338 4259 2,
2377 4200 2407 4245 6
2443 4198 2499 4245 in
2534 4196 2691 4246 Thes.

223 4277 284 4327 th.
315 4280 400 4345 ph.
434 4283 504 4345 Π,
545 4286 626 4333 75.
687 4282 792 4331 Alii
828 4282 1138 4349 supplentes
1181 4285 1611 4349 interrogationis
1658 4288 1837 4334 notam
1885 4284 2165 4333 discrimen
2211 4282 2341 4332 illud
2388 4283 2689 4334 conciliant.

223 4364 348 4417 Sane
383 4386 596 4435 quoquo
624 4370 782 4420 modo
807 4370 1044 4435 legamus
1070 4376 1124 4419 et
1147 4372 1550 4436 interpretemur
1573 4371 1889 4432 Michaeam,
1928 4384 2117 4419 sensus
2154 4370 2390 4419 vaticinii
2418 4370 2557 4420 idem
2595 4376 2689 4421 est.

225 4450 260 4515 ιἵ)
291 4454 466 4519 Neque
503 4458 642 4505 enim
679 4456 900 4506 volebat
937 4456 1176 4521 patefieri
1213 4474 1520 4524 perversum
1566 4459 1681 4508 eius
1718 4456 1995 4507 consilium
2033 4456 2099 4505 de
2136 4458 2408 4507 enecanda
2451 4458 2689 4508 nimirum

226 4541 350 4588 omni
383 4542 543 4606 prole,
570 4557 710 4607 quae
736 4548 866 4591 nata
903 4542 1096 4592 eratin
1119 4544 1548 4595 bethlehemitica
1566 4546 1782 4609 regione
1820 4544 1963 4593 circa
1997 4548 2255 4609 tempora,
2296 4544 2489 4609 quibus
2527 4560 2691 4611 appa-

227 4632 384 4677 ruerat
417 4629 589 4679 stella.
652 4626 693 4695 ⁷)
733 4629 1030 4690 Quameum
1064 4630 1324 4681 vidissent
1359 4648 1466 4683 non
1502 4631 1757 4682 mediocri
1794 4630 1999 4687 laetitia
2035 4630 2211 4681 affecti
2248 4637 2387 4681 sunt.
