3267 5259
539 416 668 486 382
1275 430 1390 473 met.
1421 430 1527 473 Rev.
1557 428 1645 473 div.
1678 428 1838 473 rei-iod.
1868 428 1925 473 11.
1945 441 2041 483 cap.
2070 427 2270 482 primum.

541 612 623 661 15.
669 628 719 676 p.
755 610 874 659 247.
923 601 1080 669 ,,κατόι
1123 605 1377 675 ἄνθρωπον
1421 605 1564 675 φήσι,
1617 600 1861 675 λογισμὸν
1904 603 2088 673 θηρίων
2136 603 2353 674 ἐνένομεν
2400 602 2523 673 βορά
2566 599 2699 655 m&
2738 599 3059 673 παραδόξως

541 693 780 759 ἐσώθην.“
841 695 1174 761 Nicephorus
1227 694 1460 755 Callisti,
1508 694 1576 743 Η.
1611 694 1678 743 Ε.
1712 694 1782 757 11,
1820 696 1903 744 25.
1942 710 1993 759 p.
2034 694 2150 743 175.
2186 696 2233 743 6.
2282 708 2347 742 ex
2393 688 2631 760 περιόδοις
2684 692 2849 742 Pauli
2898 692 3059 741 hanc

539 798 772 849 pugnam
809 783 988 833 multis
1015 782 1280 831 describit.
1319 782 1438 831 Non
1463 782 1773 846 ignoramus
1798 780 2009 841 librum,
2048 784 2281 829 ceterum
2306 780 2738 839 vetustissimum,
2778 794 2903 845 pro
2914 779 2985 827 fe
2998 794 3057 827 e-

537 870 784 919 tionum
810 869 1027 931 Pauli,
1050 869 1238 918 haberi
1261 883 1356 933 pro
1384 866 1709 933 apocrypho,
1736 872 1789 916 et
1804 866 2095 932 Nicephori
2118 865 2277 915 fidem
2296 879 2461 932 saepe
2478 866 2753 932 vapulare.
2779 866 3060 915 Attamen

539 956 718 1006 omnia
739 957 796 1006 in
821 956 1071 1006 Historiis
1097 954 1384 1021 Nicephori
1407 951 1593 1012 νοθείας
1631 968 1873 1019 arguere,
1912 955 2068 1002 nimis
2090 954 2433 1003 temerarium
2460 952 2611 1002 foret.
2658 952 2813 1001 Inter
2848 967 3057 1001 meen-

537 1044 700 1093 tiores
723 1044 1039 1108 interpretes
1075 1056 1264 1092 sensus
1287 1042 1490 1107 proprii
1516 1045 1697 1106 partes
1721 1045 1965 1091 tuentur:
1992 1038 2273 1089 Cornelius
2296 1054 2331 1089 a
2348 1038 2573 1105 Lapide,
2600 1038 2807 1089 Comm.
2828 1039 2905 1087 ad
2932 1038 2997 1087 h.
3016 1038 3058 1089 1.

539 1129 622 1179 ed.
647 1130 806 1179 Antv.
829 1146 881 1195 p.
902 1131 1018 1179 327.
1058 1128 1266 1178 Natalis
1290 1128 1459 1189 Alex„
1485 1143 1676 1177 comm.
1700 1128 1757 1177 in
1782 1143 1865 1193 ep.
1886 1128 1945 1176 P.
1972 1126 2055 1176 ed.
2080 1127 2200 1176 Par.
2232 1128 2381 1177 1746.
2406 1126 2452 1175 1.
2476 1126 2597 1175 494.
2630 1126 3055 1175 Ponat-dontius

537 1220 718 1265 annot.
744 1217 814 1265 ad
837 1215 977 1265 Iren.
1003 1216 1066 1278 V,
1096 1218 1176 1265 13.
1208 1214 1277 1276 11,
1307 1216 1459 1264 1047.
1507 1215 1570 1263 A.
1607 1213 1846 1275 Sandini,
1884 1214 2020 1263 Hist.
2056 1226 2143 1278 ap.
2177 1229 2228 1278 p.
2256 1215 2339 1263 93.
2389 1213 2655 1274 Wouters,
2690 1212 2919 1262 dilucid.
2952 1212 3055 1272 vl,

540 1304 656 1353 196.
694 1319 735 1353 s.
785 1303 1094 1365 Tillemont,
1131 1302 1370 1351 Memoir.
1407 1301 1451 1350 I.
1489 1317 1542 1350 n.
1573 1318 1615 1351 s.
1659 1302 1720 1351 ·S.
1758 1300 1910 1350 Paul.
1948 1300 2063 1349 XL.
2102 1316 2153 1365 p.
2192 1301 2310 1349 560.
2360 1298 2590 1361 Calmet,
2626 1298 2755 1349 diss.
2796 1299 2873 1348 ad
2912 1298 2973 1348 h.
3014 1300 3052 1349 l.

537 1406 587 1455 p.
609 1392 726 1439 370.
761 1389 833 1437 Μ.
859 1389 911 1439 J.
937 1388 1176 1451 Kindler,
1203 1389 1330 1439 diss.
1356 1387 1422 1437 de
1447 1386 1832 1437 theriomachia
1855 1386 2028 1449 Pauli,
2054 1386 2213 1436 Thes.
2232 1385 2307 1435 th.
2334 1402 2387 1453 p.
2406 1388 2525 1435 574.
2564 1386 2796 1451 Hengel,
2826 1384 3053 1437 comm.

535 1477 592 1525 in
639 1476 680 1524 Ι.
721 1476 840 1525 Cor.
886 1477 968 1525 15.
1019 1474 1148 1526 silv.
1193 1476 1329 1525 Duc.
1377 1476 1527 1525 1851.
1577 1490 1627 1539 p.
1672 1475 1790 1524 280.
1828 1490 1872 1523 s.
1930 1473 1992 1522 A.
2041 1473 2345 1535 Hausrath,
2395 1472 2491 1523 der
2534 1471 2755 1538 Apostal
2810 1473 3051 1523 Paulus.

535 1560 780 1613 Heidelb.
811 1563 960 1612 1865.
997 1579 1052 1627 p.
1077 1564 1160 1613 88.

743 1826 800 1902 ξ.
851 1825 950 1889 77.
1021 1779 1420 1906 Epistola
1465 1843 1514 1884 s.
1548 1819 1789 1885 Pauli
1835 1820 2232 1905 Apostoli
2280 1820 2379 1884 ad
2426 1819 2818 1885 Galatas.

745 2012 908 2077 Cum
943 1992 1398 2075 ¹intellexisset
1459 2010 1815 2096 Apostolus
1876 2009 2103 2075 fideles
2162 2012 2478 2097 regionis,
2543 2032 2714 2096 quae
2762 2011 3045 2077 Galatia

536 2124 893 2207 dicebatur,
927 2122 1277 2207 sollicitari,
1319 2146 1400 2187 ne
1433 2124 1556 2210 ipsi
1586 2122 1894 2206 fiderent,
1942 2124 2335 2188 necessitate
2370 2124 2748 2210 compulsus
2779 2124 3040 2190 Paulus

533 2240 712 2301 initio
781 2237 968 2301 huius
1016 2236 1330 2322 epistolae
1379 2235 1691 2301 ostendit:
1764 2259 1835 2301 se
1882 2258 1923 2299 a
1964 2236 2113 2301 Deo
2184 2239 2521 2323 accepisse
2592 2237 3037 2323 praedicandi

533 2350 880 2435 Evangelii
925 2348 1322 2413 facultatem.
1368 2349 1538 2412 Nam
1586 2371 1735 2412 cum
1781 2348 1863 2413 de
1910 2348 2110 2434 Legis
2155 2372 2196 2413 a
2239 2350 2527 2414 Domino
2574 2372 2696 2436 per
2724 2350 3035 2435 Moysen}

535 2462 726 2529 datae
758 2461 1200 2527 imbecillitate
1227 2466 1264 2546 ¹,
1311 2472 1591 2527 tractare
1624 2472 2014 2547 -cogeretur3
2061 2462 2185 2527 hac
2232 2462 2313 2527 de
2346 2486 2417 2528 re
2450 2472 2740 2528 statuere
2774 2463 3035 2551 absque

535 2576 754 2641 divina
801 2577 1211 2657 auctoritate,
1242 2574 1946 2640 inconsideratissimae
1977 2576 2275 2661 profecto
2308 2576 2537 2641 fuisset
2569 2579 2965 2643 temeritatis
2982 2580 3031 2643 ².

534 2688 839 2753 Salutatis
871 2712 987 2753 suo
1019 2710 1202 2752 more
1233 2686 1549 2752 Ecclesiis
1581 2687 1987 2771 Galatarum,
2022 2698 2087 2752 et
2118 2691 2513 2754 enumeratis
2546 2712 2667 2775 per
2700 2713 3029 2755 summa-m

533 2803 718 2889 quasi
747 2801 1194 2866 Redemtionis
1239 2802 1586 2885 mysteriis,
1635 2800 1817 2864 addit
1862 2803 2159 2865 sincerae
2201 2824 2277 2865 ac
2324 2813 2687 2888 perpetuae
2737 2804 3033 2867 veritatis

531 2924 752 2979 notam
777 2914 1056 2996 ,Amen.‘
1088 2914 1260 2979 Voto
1287 2914 1464 2979 finito
1499 2914 1581 2979 ab
1609 2913 2339 3001 admirationeprimam
2365 2915 2525 2980 facit
2544 2917 3029 3001 ingressionem

531 3048 734 3112 seque
779 3026 1205 3090 vehementer
1249 3026 1783 3112 obstupefactum
1830 3026 2012 3109 dicit,
2090 3026 2269 3112 quod
2322 3038 2455 3091 tam
2503 3031 2633 3093 cito
2680 3050 2725 3091 a
2772 3032 3029 3093 sincera

529 3139 659 3204 fide
709 3150 774 3203 et
817 3140 1027 3225 gratia
1073 3139 1308 3204 Christi
1356 3138 1723 3203 defecerint
1766 3138 1853 3203 ad
1897 3138 2089 3204 aliam
2138 3140 2603 3226 disciplinam&
2650 3140 2764 3205 Ab
2812 3142 3025 3205 huius·

529 3253 705 3319 modi
751 3275 1064 3339 perversa
1121 3250 1418 3316 doctrina
1477 3252 1847 3317 cavendum
1894 3276 2068 3336 esse,
2114 3253 2405 3318 horribili
2452 3253 2741 3339 quadam
2800 3265 2870 3319 et
2930 3254 3021 3319 bis

529 3367 806 3450 repetita
851 3362 1244 3429 formidabili
1291 3368 1747 3430 exsecratione
1794 3368 2029 3449 sanxit,
2078 3388 2211 3451 qua
2254 3366 2431 3431 nulla
2474 3378 2699 3452 potest
2735 3370 2806 3431 in
2838 3370 3019 3433 terris

528 3480 791 3563 gravior
822 3476 1124 3542 accidere
1150 3480 1192 3540 ⁴.
1249 3476 1498 3542 Videor
1527 3500 1611 3541 ne
1645 3478 1871 3564 inquit,
1904 3502 2079 3543 nunc
2112 3482 2176 3543 in
2210 3479 2333 3543 hac
2366 3502 2515 3543 mea
2552 3483 2907 3545 sanctione
2942 3478 3017 3543 ad

741 3664 776 3727 ¹)
816 3662 972 3723 Quod
1010 3662 1078 3712 ad
1115 3662 1542 3713 iustificationem
1581 3663 1788 3713 attinet.
1862 3662 1903 3729 ²)
1940 3662 2005 3714 In
2040 3664 2161 3730 ipsa
2195 3663 2354 3714 huius
2391 3665 2655 3729 epistolae
2692 3665 3013 3716 salutatione

531 3752 575 3811 1,
607 3752 773 3809 1—5.‚
814 3754 866 3798 et
901 3764 1008 3816 qua
1044 3751 1250 3800 ratione
1288 3749 1502 3799 divinae
1539 3764 1670 3800 suae
1708 3750 1989 3816 leg-ationis
2032 3751 2431 3816 amplitudinem
2468 3753 2745 3817 acceperit
2780 3756 3011 3817 exponit:

527 3844 581 3887 et
615 3853 723 3887 non
751 3842 856 3885 'suo
893 3841 1100 3886 tantum
1137 3836 1230 3887 sed
1257 3842 1310 3885 et
1335 3851 1515 3887 eorum
1555 3838 1803 3898 omnium,
1843 3838 1932 3903 qui
1970 3853 2090 3886 cum
2126 3838 2244 3903 ipso
2284 3843 2436 3887 erant
2479 3838 2703 3888 fratrum
2748 3840 3009 3897 inscribit:

526 3940 630 3989 quo
667 3938 785 3973 sese
821 3922 1030 3973 illorum
1067 3938 1278 3988 quoque
1316 3938 1580 3973 consensu
1617 3922 1851 3989 gaudere
1890 3922 2149 3973 ostendat.
2214 3924 2255 3987 ³)
2294 3924 2629 3990 Quamquam
2682 3932 2866 3977 autem
2912 3942 3007 3976 non

523 4027 740 4078 prorsus
779 4011 886 4060 alia
921 4010 1189 4072 videatur,
1253 4010 1357 4060 duo
1397 4026 1576 4060 secum
1615 4010 1951 4061 incommoda
1984 4012 2111 4077 fert3
2174 4026 2395 4077 quorum
2433 4014 2641 4063 ratione
2688 4018 2837 4063 recte
2884 4013 3007 4063 alia

525 4100 823 4164 nuncupari
858 4102 1048 4164 potest.
1109 4097 1340 4146 Primum
1389 4096 1530 4161 quod
1578 4114 1643 4147 ex
1698 4098 2085 4164 disceptatione
2140 4096 2206 4147 de
2260 4098 2409 4165 Lege
2462 4100 2665 4164 Moysis
2719 4103 3003 4150 animorum

523 4186 706 4235 variae
744 4186 982 4234 oriantur
1018 4183 1462 4251 perturbationes,
1502 4186 1630 4249 quin
1669 4186 1828 4235 etiam
1864 4185 2247 4251 dissensiones3
2286 4186 2512 4237 alterum
2540 4186 2683 4252 quod
2708 4186 2796 4237 his
2820 4202 3001 4237 sermo-

523 4273 676 4322 nibus
713 4287 1022 4337 germanum
1059 4272 1127 4321 D.
1154 4272 1217 4321 N.
1243 4271 1295 4324 J.
1323 4270 1380 4321 C.
1419 4271 1778 4336 Evangelium
1816 4272 2151 4338 depravetur.
2200 4270 2280 4321 cf.
2316 4271 2439 4322 chr.
2474 4272 2670 4337 Bosen,
2708 4277 2920 4324 unicum
2952 4274 2998 4322 J.

525 4356 582 4408 C.
634 4358 987 4423 Evangelium
1035 4372 1068 4407 a
1115 4358 1286 4407 Paulo
1335 4358 1435 4420 Ap.
1485 4357 1742 4409 adversus
1792 4364 2162 4425 oppugnantes
2212 4366 2265 4409 et
2309 4359 2617 4412 deserentes
2675 4362 2997 4412 anathemate

523 4443 824 4507 defensum,
862 4446 915 4494 in
953 4444 1110 4495 Thes.
1138 4446 1209 4494 th.
1249 4462 1299 4510 p.
1326 4446 1443 4494 606.
1471 4462 1510 4495 s.
1569 4444 1608 4511 ⁴)
1648 4446 1851 4507 Quodsi
1886 4446 1973 4496 vel
2010 4462 2125 4512 ego,
2166 4447 2250 4495 vel
2290 4442 2514 4516 σῦνεργο(
2549 4450 2683 4509 mei,
2728 4450 2813 4499 vel
2849 4450 2991 4499 etiam

520 4530 758 4595 Angelus
794 4546 822 4579 e
861 4530 1010 4580 coelo
1049 4530 1336 4581 deveniens
1374 4530 1645 4581 diversum
1680 4532 1749 4582 ab
1788 4548 1867 4596 eo,
1907 4532 2051 4598 quod
2086 4548 2195 4582 non
2230 4533 2389 4585 modo
2426 4550 2527 4585 nos
2562 4536 2989 4600 praedicavimus,

523 4614 614 4663 sed
655 4620 708 4663 et
744 4630 838 4663 vos
877 4616 1128 4679 religioso
1167 4616 1311 4666 cultu
1351 4619 1654 4683 recepistis,
1700 4619 2053 4685 Evangelium
2088 4620 2507 4685 praedicaverit,
2554 4628 2671 4671 esto
2710 4622 2987 4673 anathema.
