3267 5259
1121 438 1184 481 De
1210 438 1398 481 vinculis
1426 437 1579 491 primis
1604 441 1651 482 8.
1675 439 1814 483 Pauli.
2580 426 2708 493 42].

217 621 421 679 ordine
458 620 699 695 singula
734 640 853 680 non
896 624 1017 679 tam
1060 639 1210 699 quae
1246 621 1373 695 ipse
1412 620 1698 695 patravit,
1740 640 1918 698 quam
1955 640 2104 699 quae
2145 620 2332 696 ipsius
2377 618 2710 679 ministerio
2774 634 2783 642 ·

218 724 371 781 Deus
400 724 625 782 fecerat
648 721 689 783 ¹.
751 724 857 782 Illi
886 724 952 782 in
983 723 1217 782 laudem
1245 724 1357 781 Dei
1389 728 1732 799 eruperunt,
1776 724 2064 802 Paulique
2101 724 2435 782 doctrinam
2464 730 2524 782 et
2551 725 2710 783 facta

217 829 695 905 comprobarunt.
740 828 885 887 Divi
913 828 949 886 J
952 828 1117 887 acobi
1146 831 1559 905 seniorumque
1586 827 1846 900 consilio,
1881 829 1956 887 ad
1985 828 2294 887 eluendam
2321 827 2700 900 calumniam,

216 933 471 992 Paulum
506 932 757 992 Judaeos
798 934 871 991 ad
911 932 1213 991 Christum
1244 951 1547 991 conversos
1585 934 1660 991 ab
1698 934 2100 992 observatione
2137 932 2310 1007 Legis
2355 933 2706 1003 absterrere;

215 1044 421 1097 votum
469 1038 832 1097 Nazareatus
884 1036 1025 1096 feeit
1042 1080 1055 1107 ,
1112 1037 1266 1095 unde
1318 1036 1663 1112 colligerent
1715 1037 1752 1095 J
1753 1036 1921 1096 udaei
1977 1039 2167 1113 ipsum
2221 1036 2437 1112 Legem
2485 1038 2709 1114 Moysis

215 1142 541 1201 etiamnum
585 1143 893 1201 observare
911 1137 955 1200 ².
1019 1142 1273 1200 Interim
1314 1140 1469 1199 nihil
1507 1160 1577 1199 ea
1612 1142 2016 1199 observatione
2057 1142 2113 1200 d.
2147 1141 2368 1200 Paulus
2406 1146 2700 1200 assecutus

214 1250 327 1317 est;
380 1246 419 1305 J
422 1245 595 1305 udaei
648 1248 715 1304 in
764 1264 899 1304 eum
944 1244 1255 1321 Templum
1307 1245 1616 1303 adeuntem
1669 1247 1975 1303 irruerunt
1991 1242 2016 1282 3
2031 1289 2045 1315 ,
2100 1264 2207 1303 nec
2257 1264 2420 1303 mora
2472 1244 2706 1303 iniectis

426 1486 465 1553 ¹)
512 1485 680 1536 Cuius
725 1487 882 1537 unius
932 1486 1137 1551 gloriae
1184 1490 1379 1537 cuncta
1422 1487 1480 1537 in
1528 1484 1758 1537 solidum
1802 1485 2036 1537 adscribi
2079 1486 2266 1537 voluit.
2339 1486 2380 1551 ²)
2419 1486 2526 1536 Ubi
2563 1486 2707 1536 fama

211 1573 594 1640 percrebuerat
626 1572 969 1639 Apostolum,
1007 1572 1281 1624 doctrinae
1319 1573 1644 1623 christianae
1680 1586 1850 1623 causa
1885 1574 2132 1638 regiones
2169 1578 2378 1623 exteras
2415 1586 2702 1637 peragran-

211 1666 341 1723 tem,
388 1660 617 1711 Judaeis
664 1663 939 1710 auctorem
984 1674 1103 1711 esse
1138 1674 1549 1726 suasoremquez
1593 1664 1656 1709 ut
1690 1674 1724 1709 a
1757 1660 1906 1724 Lege
1952 1660 2192 1710 mosaica
2236 1657 2548 1722 deficerent3
2594 1676 2704 1709 non

212 1749 464 1813 poterant
496 1762 607 1797 non
642 1746 801 1797 etiam
836 1745 943 1809 illi,
981 1746 1076 1812 qui
1111 1762 1305 1797 nomen
1342 1746 1557 1813 quidem
1594 1745 1806 1797 Christo
1855 1746 2082 1807 dabant,
2119 1751 2178 1796 at
2212 1746 2406 1812 quibus
2443 1746 2703 1796 avitorum

209 1835 406 1883 rituum
453 1836 508 1883 et
553 1847 683 1884 suae
732 1833 1063 1899 potissimum
1110 1835 1284 1899 gentis
1332 1848 1480 1884 amor
1527 1834 1647 1883 imis
1695 1832 1888 1885 infixus
1933 1834 2130 1883 mansit
2170 1832 2442 1895 medullis,
2488 1833 2704 1898 gravius

210 1919 553 1970 commoveri.
602 1918 769 1969 Istam
805 1920 1099 1971 animorum
1137 1920 1557 1983 commotionem,
1598 1935 1708 1986 qua
1743 1926 1896 1970 erant
1931 1919 2214 1987 prudentia
2238 1934 2280 1969 s.
2304 1919 2548 1969 Jacobus
2585 1935 2702 1967 cum

210 2006 407 2057 ceteris
445 2006 773 2073 presbyteris
810 2005 1123 2073 sopiendam
1172 2010 1497 2069 statuerunt,
1545 2021 1612 2058 ne
1661 2022 1855 2073 magno
1891 2005 2172 2057 Ecclesiae
2218 2020 2340 2055 cum
2387 2004 2702 2055 detrimento

208 2093 490 2159 glisceret3
530 2097 585 2143 et
604 2093 729 2144 ideo
766 2091 816 2143 d.
842 2092 1014 2143 Paulo
1052 2092 1333 2144 consilium
1358 2092 1574 2156 dabant,
1612 2093 1683 2144 ad
1708 2092 1989 2144 eluendam
2027 2092 2363 2154 calumniam,
2401 2106 2508 2157 qua
2538 2091 2703 2157 Legis

208 2181 483 2232 mosaicae
528 2180 699 2231 hostis
734 2178 1017 2244 audiebat3
1062 2180 1315 2246 probaret
1349 2180 1595 2231 omnibus
1632 2180 1953 2231 documento
1990 2178 2172 2245 aliquo
2217 2178 2434 2243 publico
2447 2215 2460 2240 ,
2507 2176 2702 2228 falsum

211 2283 329 2318 esse
364 2282 633 2318 rumorem
672 2266 739 2318 de
774 2267 891 2335 ipso
928 2281 1196 2333 sparsum,
1242 2282 1409 2333 seque
1444 2267 1521 2317 nil
1556 2268 1733 2319 minus
1779 2267 2043 2333 cogitare,
2091 2281 2250 2332 quam
2286 2270 2346 2316 ut
2383 2265 2698 2316 cerimonias

206 2354 438 2405 damnet.
500 2355 894 2405 Documentum
940 2353 1244 2406 huiusmodi
1294 2353 1382 2404 edi
1433 2369 1593 2421 posse
1643 2358 1892 2405 censent=
1947 2354 1992 2404 si
2038 2358 2094 2403 et
2143 2354 2258 2419 ipse
2295 2353 2596 2403 Nazareum
2641 2366 2700 2401 se

204 2442 385 2503 faciat,
410 2446 467 2492 et
489 2443 547 2491 in
570 2440 709 2492 alios
734 2446 937 2493 sumtus
963 2441 1034 2492 ad
1058 2441 1161 2492 hoc
1184 2446 1367 2491 votum
1401 2440 1692 2507 impendat.
1728 2441 2060 2507 Adiungeret
2083 2455 2140 2490 se
2167 2441 2293 2491 viris
2320 2444 2551 2505 quatuor
2575 2442 2700 2489 voto

207 2528 494 2590 obstrictis,
532 2532 588 2579 et
620 2527 777 2578 simul
816 2543 937 2578 cum
972 2528 1039 2577 iis
1076 2541 1232 2578 sacra
1266 2527 1485 2590 faceret,
1530 2527 1673 2577 unde
1709 2527 2023 2593 colligerent
2058 2525 2254 2577 Judaei
2289 2526 2360 2576 ab
2399 2542 2462 2575 eo
2499 2526 2700 2591 Legem

206 2616 497 2665 etiamnum
522 2614 815 2666 observari.
843 2614 1031 2681 Aegi-is
1050 2613 1381 2665 Judaeorum
1404 2613 1674 2664 mentibus
1697 2614 2014 2664 medendum
2039 2628 2158 2663 esse
2179 2613 2410 2676 censuit3
2436 2617 2495 2663 at
2516 2610 2700 2662 fideles

206 2718 270 2752 ex
298 2701 555 2769 gentibus
588 2700 733 2767 quod
768 2702 973 2763 attinet,
1012 2714 1071 2751 se
1101 2702 1169 2751 iis
1194 2700 1489 2768 quidquam
1513 2702 1715 2767 imponi
1751 2716 1858 2751 non
1893 2714 2173 2766 passurum
2213 2704 2426 2765 praeter
2461 2699 2516 2749 id
2553 2697 2698 2764 quod

206 2788 493 2839 concilium
526 2787 1036 2853 Jerosolymitanum
1068 2788 1335 2853 imposuit,
1372 2788 1695 2837 existimavit
1727 2787 1777 2837 d.
1803 2787 2021 2838 Paulus.
2070 2786 2415 2837 Verissimum
2453 2800 2582 2837 sane
2618 2790 2700 2836 est

202 2874 417 2927 «Iudaeo
450 2902 517 2911 —
550 2874 906 2936 Christianos,
960 2888 1096 2939 quos
1145 2873 1385 2924 Jacobus
1434 2890 1531 2925 suo
1580 2875 1933 2941 Episcopatui
1983 2874 2224 2924 subditos
2268 2873 2484 2935 habuit,
2533 2872 2698 2923 fuisse

205 2955 467 3027 ,ζηλωτὰς
501 2962 589 3011 τοῦ
626 2957 830 3030 νόμου“.
885 2959 1003 3011 Act.
1028 2963 1112 3024 21,
1138 2962 1221 3011 20.
1260 2960 1381 3010 coll.
1414 2960 1485 3011 ΙΙ.
1510 2960 1685 3011 Mach.
1713 2962 1762 3023 4,
1788 2964 1837 3011 2.
1887 2962 2000 3011 Nec
2034 2976 2162 3011 vero
2199 2976 2242 3010 s.
2268 2960 2472 3011 Paulus
2509 2974 2602 3011 eos
2639 2961 2696 3009 in

206 3049 467 3101 eiusmodi
493 3050 638 3099 vitae
664 3062 861 3114 genere
885 3062 1169 3114 aggressus
1196 3052 1277 3098 est
1298 3046 1579 3098 hostiliter.
1621 3048 1898 3098 Doouerat
1923 3047 2136 3113 quidem
2161 3047 2620 3097 circumcisionem
2645 3051 2700 3095 et

206 3138 401 3187 rituum
438 3136 871 3187 observationem
904 3134 1107 3185 nullam
1144 3134 1343 3185 habere
1380 3136 1487 3183 vim
1522 3132 1592 3183 ad
1622 3134 1850 3185 salutem
1884 3135 2334 3200 consequendam,
2372 3132 2468 3184 sed
2503 3146 2698 3184 novam

206 3223 477 3289 quandam
500 3224 646 3273 vitae
669 3223 929 3273 rationem
954 3222 1081 3272 viva
1105 3237 1180 3272 sc.
1204 3220 1311 3271 fide
1337 3225 1688 3271 constantem.
1714 3220 1834 3271 Gal.
1855 3223 1903 3283 6,
1926 3222 2006 3271 15.
2034 3222 2096 3271 V.
2115 3238 2167 3287 p.
2187 3222 2307 3273 384.
2341 3220 2492 3271 Idem
2514 3225 2694 3271 tamen

206 3312 437 3361 iusserat
458 3308 695 3360 infirmos
718 3310 777 3359 in
801 3307 906 3358 fide
932 3308 1082 3359 Rom.
1111 3310 1191 3371 14,
1222 3310 1268 3358 1.
1294 3324 1337 3359 s.
1363 3324 1471 3359 non
1498 3321 1615 3357 esse
1641 3306 1976 3369 reficiendos,
2009 3307 2104 3358 sed
2126 3308 2393 3374 patienter
2415 3306 2693 3369 ferendos3

205 3402 363 3463 atque
386 3398 507 3462 ipse
532 3397 671 3446 inter
688 3394 725 3445 J
726 3394 927 3447 udaeos
954 3408 1013 3445 se
1037 3393 1303 3445 Judaeum
1330 3400 1585 3460 gesserat,
1614 3410 1721 3460 quo
1747 3394 1929 3460 plures
1954 3409 2137 3445 eorum
2169 3394 2481 3444 lucraretur.
2509 3392 2550 3442 1.
2569 3392 2693 3442 Cor.
2797 3460 2804 3466 ι

205 3485 251 3545 9,
280 3485 365 3533 20.
404 3483 471 3533 V.
509 3499 561 3548 p.
588 3484 707 3532 394.
732 3484 854 3532 413.
913 3482 1215 3547 Numquam
1250 3481 1525 3531 mandavit
1558 3481 1813 3531 Judaeis:
1851 3484 1912 3531 ut
1945 3480 2172 3546 Legalia
2207 3481 2530 3543 subiicerent,
2568 3496 2694 3529 con-

204 3576 382 3620 tentus
420 3568 686 3631 docuisse,
722 3570 953 3619 inania
986 3582 1123 3630 esse,
1160 3583 1289 3618 non
1323 3582 1477 3618 vero
1514 3582 1742 3633 prava,
1781 3568 1884 3619 nisi
1917 3568 1985 3617 iis
2021 3567 2150 3619 solis
2181 3566 2564 3629 tantummodo,
2603 3567 2696 3632 qui

204 3671 269 3707 ea
303 3656 375 3707 ad
413 3655 644 3707 salutem
680 3656 987 3707 necessaria
1011 3653 1351 3705 affirmarent.
1399 3654 1629 3705 Paulum
1665 3654 1764 3705 has
1789 3654 2124 3705 Nasareatus
2149 3655 2355 3720 peregit
2378 3654 2694 3704 cerimonias

204 3760 267 3793 ex
292 3742 530 3809 quadam
554 3742 723 3793 veluti
756 3738 1207 3809 ,,ἑθελοθρεσκεία“,
1244 3742 1279 3791 i.
1306 3757 1353 3793 e.
1378 3741 1545 3795 ubere
1571 3746 1826 3806 suscepta
1856 3740 2144 3807 religione;
2181 3756 2318 3807 quas
2353 3756 2474 3791 cum
2501 3746 2560 3790 ut
2585 3755 2692 3789 non

201 3830 417 3881 illicitas
439 3833 495 3880 et
512 3834 621 3879 tam
639 3829 729 3895 pio
747 3828 855 3879 fine
872 3830 1165 3894 usurpavit,
1184 3832 1245 3878 ut
1262 3829 1385 3893 paci
1402 3827 1686 3879 Ecclesiae
1703 3826 2022 3890 consuleret,
2049 3832 2210 3894 atque
2230 3828 2300 3878 ad
2318 3826 2690 3878 honorandum

203 3918 361 3967 etiam
396 3916 576 3966 Deum
600 3942 667 3952 —
690 3915 756 3965 V.
781 3931 834 3980 p.
860 3917 945 3966 61.
970 3913 1091 3965 coll.
1124 3914 1267 3967 Hist.
1290 3914 1355 3965 R.
1379 3916 1447 3965 D.
1474 3915 1539 3964 V.
1564 3914 1625 3964 Τ.
1661 3931 1714 3979 p.
1751 3917 1867 3965 160.
1893 3940 1960 3951 --
1985 3930 2094 3965 non
2129 3918 2308 3978 potest
2342 3914 2688 3979 hypocriseos

202 4003 462 4055 accusari.
501 4000 587 4051 Cf.
610 4002 882 4065 Lorinum,
906 4002 965 4051 in
987 4001 1106 4052 Act.
1123 4001 1224 4069 Ap.
1245 4016 1431 4052 comm.
1455 4018 1509 4066 p.
1532 4002 1650 4051 782.
1685 3999 2071 4063 Lakemaeher,
2099 3999 2229 4052 Obs.
2250 4000 2340 4063 VI,
2361 4002 2409 4049 ὃ.
2437 4016 2486 4066 p.
2509 4000 2628 4049 366.
2648 4014 2689 4049 s.

202 4090 405 4154 Lflcke,
432 4088 501 4139 de
524 4088 676 4139 Eccl.
704 4102 789 4154 ap.
814 4105 867 4155 p.
897 4090 1012 4140 134.
1038 4104 1081 4139 s.
1107 4104 1157 4139 v.
1201 4088 1389 4153 Heysu
1416 4088 1484 4138 de
1506 4086 2166 4149 Judaeo-Christianismo,
2192 4103 2246 4153 p.
2273 4089 2390 4137 129.
2416 4103 2458 4137 s.
2501 4085 2691 4136 Sohar-

200 4176 325 4243 ling,
362 4176 435 4227 de
468 4175 644 4226 Paulo
679 4174 781 4241 Ap.
806 4176 873 4225 ci.
899 4175 1107 4226 advers.
1144 4191 1197 4241 p.
1222 4176 1307 4226 60.
1334 4190 1375 4224 s.
1426 4174 1673 4237 Kuinoel,
1713 4174 1784 4225 ad
1818 4174 1870 4225 h.
1903 4174 1938 4224 l.
1973 4192 2026 4241 p.
2063 4177 2180 4226 714.
2231 4174 2454 4235 Beelen,
2491 4172 2690 4223 Comm.

202 4264 253 4313 in
288 4264 406 4315 Act.
444 4263 548 4329 Ap.
582 4262 655 4325 H,
694 4263 811 4312 173.
858 4262 1283 4328 Hergenrother,
1330 4261 1398 4312 de
1431 4260 1583 4311 Eccl.
1620 4260 1774 4311 cath.
1813 4261 2062 4327 primord.
2097 4279 2148 4327 p.
2183 4261 2266 4311 97.
2313 4260 2691 4326 Baumgarten,

201 4348 603 4416 Apostelgesch.
638 4348 748 4411 111,
786 4351 902 4399 147.
926 4348 1217 4399 Enimvero
1253 4347 1457 4399 Paulus
1493 4348 1798 4412 recogitans
1841 4352 1950 4397 tam
1986 4349 2134 4413 pium
2168 4346 2344 4408 finem,
2383 4346 2690 4397 audientem

203 4452 316 4487 sese
340 4438 485 4487 dieto
524 4452 569 4487 s.
592 4436 790 4486 Jacobi
814 4436 1357 4503 presbyterorumque
1381 4436 1499 4484 sine
1522 4448 1672 4483 mora
1706 4435 1987 4499 praestitit.
2044 4434 2090 4496 ³)
2113 4434 2394 4500 Templum
2421 4434 2692 4499 ingressus

203 4538 317 4574 cum
364 4530 603 4591 quatuor
648 4522 763 4573 suis
810 4523 1095 4586 Nazareis,
1140 4538 1237 4589 pro
1285 4523 1481 4589 quibus
1525 4526 1732 4572 sumtus
1765 4520 2008 4571 facturus
2045 4527 2186 4585 erat,
2221 4522 2482 4571 indicavit
2516 4535 2691 4572 sacer-

205 4609 413 4661 dotibus
458 4610 603 4660 diem
648 4607 799 4659 illum
847 4624 951 4673 quo
1000 4608 1271 4675 expletum
1318 4608 1459 4658 foret
1491 4608 1603 4657 voti
1641 4612 1851 4673 tempus
1886 4608 1921 4657 i.
1957 4623 2004 4659 e.
2043 4607 2326 4675 septidium
2341 4644 2354 4671 ,
2394 4623 2500 4673 quo
2535 4608 2690 4674 lapso
