3267 5259
591 374 719 441 488
1334 388 1447 431 mat.
1481 388 1585 430 sev.
1617 388 1708 431 div.
1739 389 1905 431 Pei-iod.
1937 388 1990 431 11.
2011 400 2106 441 cap.
2137 389 2342 431 aiterum.

592 562 883 630 Jacobus
958 564 1187 651 procul
1263 566 1439 629 omni
1514 564 1794 650 ambage
1865 566 2180 649 coarguit.
2256 564 2364 629 Ex
2429 568 2574 652 ipsa
2640 565 3040 651 inscriptione

594 677 905 764 epistolae
962 688 1144 765 patet
1188 680 1496 764 scriptam
1556 680 1756 743 fuisse
1805 701 1950 743 eam
1997 679 2082 743 ad
2129 702 2354 743 omnes
2411 678 2636 743 fideles
2695 678 3039 759 HebraeoS,

592 792 1037 878 cuiuscunque
1094 791 1297 857 tribus
1346 801 1591 875 essent,
1649 814 1768 877 per
1823 792 2050 857 orbem
2103 802 2418 857 terrarum
2479 790 2806 879 dispersos
2859 792 2936 859 ,ἐν
2983 800 3042 873 τῇ

592 904 909 989 διασπορᾷίς
977 927 1110 969 non
1175 907 1241 969 in
1308 905 1431 969 hac
1492 905 1597 970 vel
1666 904 1774 969 illa
1841 904 1958 970 sed
2024 908 2090 971 in
2157 907 2461 970 universa
2483 909 2522 971 ¹.
2585 906 3042 989 Argumentum

594 1016 925 1102 epistolae,
988 1040 1119 1103 qua
1173 1020 1486 1105 imprimis
1545 1018 1865 1084 bonorum
1929 1042 2201 1106 operum
2261 1021 2718 1084 necessitatem
2778 1028 2958 1101 urget
2997 1038 3041 1079 s.

591 1128 901 1213 Jacobus,
948 1132 1197 1195 varium
1244 1142 1359 1215 est,
1408 1154 1607 1219 saepe
1659 1134 1828 1197 enim
1861 1132 1943 1197 ab
1977 1156 2110 1197 una
2153 1134 2426 1198 materia
2457 1132 2636 1197 velut
2669 1154 2754 1196 ex
2787 1131 3042 1215 abrupto

592 1244 897 1307 transitus
942 1244 1015 1308 fit
1059 1243 1143 1307 ad
1189 1243 1409 1327 aliam,
1468 1257 1534 1309 et
1586 1268 1744 1309 mox
1797 1248 2030 1310 iterum
2077 1245 2162 1309 ad
2206 1248 2490 1332 priorem
2545 1244 2812 1309 reditur.
2877 1244 3044 1308 Post·

593 1378 789 1441 quam
850 1356 1125 1422 salutem
1180 1357 1531 1423 lectoribus
1586 1358 1982 1444 precabatur
2037 1361 2314 1445 scriptor
2330 1362 2385 1443 ²,
2432 1358 2516 1423 ad
2571 1359 3042 1423 instructionem

590 1469 1021 1554 progreditur.
1098 1470 1450 1558 Dispersos
1506 1471 2026 1537 tribulationibus
2072 1474 2136 1536 in
2185 1448 2396 1537 alieno
2445 1470 2580 1537 solo
2629 1482 2694 1535 et
2739 1470 3043 1535 afflictos³

590 1583 835 1647 animat
893 1582 977 1647 ad
1038 1584 1481 1649 fortitudinem
1545 1595 1610 1650 et
1673 1587 2122 1669 constantiam,
2184 1588 2250 1649 in
2311 1584 2496 1649 malis
2557 1584 2782 1649 humili
2847 1585 3043 1647 animo

590 1694 943 1761 tolerandis
990 1699 1439 1783 conspicuam;
1486 1720 1762 1783 quorum
1809 1708 2026 1763 tamen
2074 1720 2204 1761 non
2249 1700 2316 1761 in
2347 1698 2514 1781 Deo,
2563 1720 2712 1763 cum
2759 1697 2840 1761 ab
2885 1700 3046 1761 omni

590 1808 783 1894 culpa
843 1808 1211 1893 abhorreat,
1272 1810 1389 1875 sed
1450 1813 1515 1875 in
1574 1814 1732 1897 ipsis
1791 1810 2155 1876 hominibus
2219 1812 2597 1897 quaerenda
2657 1814 2738 1876 sit
2797 1816 3042 1875 causa⁴.

588 1920 906 1987 Hortatur
963 1934 1035 1988 ut
1093 1927 1331 2010 promti
1399 1926 1526 1989 sint
1592 1924 1678 1989 ad
1747 1924 2202 2011 excipiendam
2273 1925 2664 2009 doctrinam,
2735 1926 3044 1990 auditione

588 2033 771 2099 verbi
818 2058 947 2121 quo
988 2039 1281 2121 generati
1314 2046 1461 2102 sunt
1492 2037 1926 2123 spiritualiter,
1975 2040 2221 2124 seipsos
2252 2040 2614 2103 nutrientes
2647 2050 2714 2103 et
2745 2040 3044 2119 foventeS‚

588 2146 757 2213 tardi
789 2147 873 2213 ad
904 2148 1315 2214 irascendum
1338 2154 1379 2214 ⁵.
1412 2150 1512 2215 Ne
1547 2152 1690 2237 quis
1723 2160 1941 2215 autem
1973 2150 2321 2216 arbitretur
2353 2152 2654 2217 sufficere
2691 2151 3047 2239 simpliciter

589 2260 813 2326 audire
858 2262 1153 2347 verbum,
1202 2263 1377 2349 quod
1424 2273 1642 2351 potest
1687 2265 1936 2329 salvare
1984 2268 2229 2329 animas
2261 2274 2536 2349 nostraS,
2583 2278 2844 2351 arrepta
2873 2288 3046 2329 occa·

588 2376 769 2440 sione
803 2398 836 2438 e
880 2378 1175 2461 proxime
1223 2375 1412 2440 dictis
1460 2376 1541 2441 de
1590 2378 2002 2462 suscipiendo
2047 2377 2250 2442 verbo
2298 2378 2676 2464 praedicato
2711 2390 2778 2443 et
2805 2379 3046 2461 audito;

588 2486 782 2553 docet
824 2490 1065 2575 requiri
1114 2490 1307 2554 ctiam
1352 2492 1631 2555 iustitiae
1681 2492 2064 2555 exercitium
2112 2502 2176 2555 et
2221 2490 2376 2556 boni
2423 2494 2640 2577 operis
2700 2494 3045 2557 exsecutio·

584 2622 737 2665 nem
758 2604 799 2665 ⁰.
858 2600 1043 2682 Quae
1092 2625 1140 2667 s.
1188 2602 1479 2667 Jacobus
1526 2605 1590 2666 in
1640 2605 2008 2667 universum
2060 2604 2140 2668 de
2187 2604 2500 2689 religione
2549 2604 2838 2687 dixerat3
2883 2627 3046 2669 nunc

798 2770 833 2837 ¹)
874 2770 1101 2821 Constat
1150 2788 1178 2819 e
1228 2772 1573 2835 scriptoribus
1626 2770 1884 2821 classicis
1921 2788 2028 2821 non
2065 2770 2224 2821 modo
2273 2774 2326 2821 in
2375 2772 2546 2835 Urbe,
2597 2772 2695 2823 sed
2733 2778 2786 2823 et
2823 2776 2876 2823 iu
2911 2775 3046 2823 omni

586 2858 787 2908 ditione
824 2858 1064 2907 Romana
1088 2857 1329 2907 Judaeos
1360 2858 1595 2922 degisse3
1634 2858 1882 2923 idemque
1915 2864 2181 2909 testantur
2202 2858 2473 2923 Josephus
2497 2858 2654 2910 Philo
2695 2866 2749 2910 et
2782 2859 3046 2911 Thalmud.

586 2944 719 2994 Cum
758 2944 891 2994 nihil
928 2946 1016 3007 sit,
1055 2959 1159 3009 quo
1210 2947 1356 2995 notio
1409 2945 1759 3010 dispersionis
1807 2948 2185 3011 restringatur,
2235 2946 2304 2995 ad
2351 2962 2557 2997 omnem
2596 2950 2798 3013 scripta
2833 2946 3046 3013 epistola

584 3034 697 3081 iure
736 3036 1005 3095 censetur3
1054 3034 1267 3083 tametsi
1304 3032 1621 3105 eit-Judaea
1667 3032 1970 3099 prodiisset.
2032 3033 2088 3083 Si
2129 3047 2267 3097 quae
2312 3035 2566 3099 epistola,
2607 3036 2888 3087 Catholica
2931 3039 2964 3086 i.
3000 3052 3041 3087 e.

585 3118 860 3184 encyclica
909 3120 1153 3169 omnibus
1192 3114 1489 3180 ,,καο’ὅλου“
1524 3149 1587 3156 -
1616 3118 1916 3181 ,,Καθολικαὶ
1949 3118 2171 3189 λέγονται
2208 3111 2346 3171 αὗται
2381 3120 2528 3171 οἱονεὶ
2569 3119 2848 3191 ἐγκύκλοι“,
2883 3125 3044 3189 inquit

587 3207 961 3267 oecumenius,
1000 3220 1111 3272 arg.
1140 3206 1277 3257 cath.
1316 3208 1513 3257 Jacobi
1541 3210 1694 3273 epist.
1724 3208 1820 3273 Op.
1851 3208 1916 3258 ed
1941 3209 2124 3273 Migne
2149 3208 2272 3258 Par.
2303 3210 2450 3258 1864.
2477 3210 2547 3271 11,
2577 3213 2699 3261 453.
2727 3240 2790 3249 —
2817 3210 3042 3261 fidelibus

585 3296 801 3359 scripta,
838 3295 945 3343 ista
979 3300 1191 3358 praeter
1215 3294 1349 3343 alias
1379 3294 1662 3345 catholica
1697 3296 1858 3345 debet
1881 3297 2080 3347 vocari.
2121 3295 2259 3345 Boni
2283 3298 2422 3345 enim
2449 3300 2688 3361 pastoris
2711 3298 2872 3349 Hebr.
2899 3302 2972 3357 13,
2999 3300 3042 3347 7.

586 3380 689 3430 fuit
725 3396 869 3443 oves,
909 3383 1067 3430 etiam
1107 3382 1373 3444 absentes,
1414 3381 1633 3445 docere3
1685 3389 1738 3431 et
1784 3384 1852 3432 ob
1903 3383 2214 3431 vexationes
2253 3381 2536 3433 consolari.
2577 3384 2735 3435 Sicut
2771 3393 2824 3435 et
2860 3386 3041 3435 crebris

586 3468 725 3519 idem
753 3467 877 3519 olim
905 3468 955 3521 S.
986 3468 1287 3532 Cyprianus
1325 3468 1561 3519 faciebat
1594 3469 1852 3533 epistolis.
1891 3470 1992 3518 His
2021 3468 2084 3519 de
2110 3471 2289 3519 causis
2324 3470 2586 3535 adpellari
2623 3478 2807 3535 potest
2829 3472 3042 3539 epistola

580 3552 897 3623 προτρεπτικὴ
930 3553 1009 3603 καὶ
1041 3554 1361 3623 παραινετική.
1414 3556 1455 3621 ²)
1496 3560 1543 3617 1,
1571 3560 1617 3607 1.
1669 3558 1709 3622 ³)
1751 3560 1796 3619 1,
1825 3559 2010 3606 2-12.
2061 3558 2102 3620 ⁴)
2143 3556 2308 3622 Cupit
2340 3573 2383 3607 s.
2406 3557 2650 3609 Jacobus
2677 3562 2869 3610 animis
2895 3559 3042 3609 lecto·

582 3658 693 3693 rum
732 3642 839 3692 alte
874 3642 1049 3708 infigi:
1090 3642 1385 3693 doctrinam
1425 3643 1489 3693 de
1526 3658 1634 3693 non
1671 3643 1965 3693 reiicienda
1999 3644 2054 3693 in
2080 3644 2253 3693 Deum
2282 3658 2448 3694 causa
2473 3647 2702 3709 peccati,
2741 3652 2796 3696 et
2833 3664 2898 3697 ne
2933 3650 3042 3711 quis

582 3730 733 3781 illum
769 3736 830 3781 ut
866 3732 981 3781 eius
1020 3737 1240 3781 accuset
1268 3736 1555 3794 auctorem,
1590 3746 1689 3780 nec
1728 3730 1908 3793 alium,
1940 3730 2173 3781 ullumve
2209 3737 2421 3797 praeter
2447 3748 2505 3783 se
2539 3734 2734 3797 ipsum,
2773 3736 3042 3799 propriam·

586 3833 689 3883 que
724 3818 1073 3880 voluntatem,
1110 3834 1247 3883 quae
1272 3820 1558 3869 tentationi
1586 3818 1729 3869 cedit
1753 3818 2135 3868 consentiendo
2163 3824 2216 3868 et
2240 3821 2542 3884 acquiescit
2567 3822 3042 3885 concupiscentiae,

580 3907 721 3957 serio
748 3912 801 3955 et
827 3907 982 3955 enixe
1008 3904 1269 3955 obsecrat.
1300 3906 1529 3955 Tantum
1554 3906 1745 3956 abesse
1771 3911 1830 3954 ut
1855 3906 2002 3955 Deus
2027 3908 2376 3957 tentationem
2403 3906 2468 3957 de
2495 3907 2766 3958 industria
2788 3911 3040 3969 immittat,

582 4008 687 4059 qua
723 3993 793 4043 ad
818 3993 957 4045 male
982 3992 1247 4059 agendum
1281 3994 1531 4056 inducat3
1568 3999 1628 4042 ut
1653 3994 1830 4058 potius
1865 3998 2118 4057 tanquam
2145 4008 2311 4043 causa
2336 3996 2508 4045 omnis
2534 3995 2682 4058 boni,
2723 3996 2858 4046 nihil
2895 3996 3042 4045 saciat

580 4080 724 4146 quod
760 4096 867 4131 non
904 4081 978 4131 sit
1014 4096 1138 4130 vere
1176 4082 1388 4130 bonum.
1428 4080 1539 4131 Nec
1574 4080 1866 4145 quidquam
1901 4080 2044 4130 ullus
2080 4082 2206 4131 boni
2243 4080 2422 4143 habet,
2462 4082 2606 4146 quod
2641 4098 2750 4133 non
2788 4084 3040 4147 acceperit

578 4170 647 4219 ab
684 4168 835 4231 A1t03
884 4182 917 4218 a
954 4168 1095 4231 Deo,
1150 4169 1241 4232 qui
1293 4167 1441 4218 nullo
1492 4184 1598 4218 non
1645 4173 1882 4233 tempore
1931 4172 1984 4218 et
2029 4168 2242 4233 quidem
2291 4168 2411 4218 sola
2459 4167 2736 4220 liberrima
2781 4170 3040 4221 voluntate

582 4256 865 4305 benefacit.
908 4258 953 4317 1,
996 4256 1215 4305 13-18.
1266 4254 1306 4321 ⁵)
1344 4256 1433 4305 Ira
1466 4270 1724 4321 praeceps
1773 4270 1879 4306 non
1929 4257 2086 4307 modo
2133 4256 2356 4321 impedit
2389 4256 2610 4307 verbum
2649 4260 2914 4319 veritatis,
2957 4255 3038 4305 sed

580 4344 741 4392 etiam
777 4341 1111 4393 voluntatem
1150 4343 1399 4394 maculat.
1456 4344 1633 4404 Quare
1671 4343 2060 4409 reprimendum
2109 4358 2328 4409 prorsus
2373 4345 2486 4393 irae
2521 4345 2712 4393 vitium
2751 4350 2806 4393 et
2842 4346 3037 4395 omnino

580 4428 903 4479 studendum
942 4431 1223 4495 oppositae
1261 4432 1446 4481 virtuti
1483 4431 1896 4481 mansuetudini.
1939 4435 1984 4493 1,
2025 4432 2243 4481 19—21.
2295 4430 2336 4495 ὅ)
2375 4430 2658 4481 Praeclare
2706 4430 3037 4481 similitudine

582 4515 971 4567 considerantis
1020 4533 1077 4567 se
1126 4519 1179 4566 in
1228 4517 1447 4581 speculo
1498 4534 1726 4583 moxque
1777 4518 2158 4577 obliviscentis,
2208 4516 2382 4581 qualis
2429 4516 2590 4567 fuerit
2635 4532 2756 4567 cum
2805 4534 2862 4568 se
2898 4520 2948 4567 in
2981 4532 3036 4565 eo

580 4604 917 4667 conspiceret
962 4606 1177 4669 probat3
1230 4620 1336 4655 uon
1384 4606 1516 4655 satis
1566 4620 1684 4655 esse
1736 4605 1920 4655 audire
1967 4605 2185 4655 verbum
2230 4604 2359 4667 Dei,
2417 4606 2520 4655 nisi
2576 4605 2840 4657 accedant
2891 4618 3038 4672 opera
