3267 5259
960 456 1245 510 smeaiogiae
1274 458 1318 499 s,
1346 458 1562 501 matthaei
1588 460 1635 499 et
1661 458 1704 499 s,
1733 460 1890 501 nucu.
2556 446 2679 512 183

228 635 653 713 indubitatisque
698 639 1059 711 argumentis
1103 658 1265 714 posse
1308 640 1573 715 probare,
1621 658 1740 716 qua
1785 639 1962 709 tribu,
2004 659 2121 717 qua
2150 639 2395 713 familia,
2429 640 2675 718 quisque

226 746 369 797 natus
408 746 578 813 esset,
627 742 919 819 huiusque
964 742 1051 799 rei
1082 742 1355 801 notitiam
1400 744 1473 800 ad
1518 748 1775 819 posteros
1819 744 2238 803 transmittere.
2287 744 2370 802 Ut
2414 744 2499 802 sic
2554 750 2676 802 tam

226 843 339 919 ipse,
381 864 549 921 quam
592 844 707 902 filii
755 846 889 903 iura
931 846 1008 903 iis
1052 866 1287 904 annexa
1332 853 1563 922 possent
1607 848 1782 906 tueri.
1846 847 1964 910 Qui
2002 850 2112 906 hoc
2142 849 2518 923 negligebant
2560 848 2674 906 sibi

226 948 299 1004 vel
336 951 445 1005 suis
485 951 817 1007 maximum
862 950 1281 1009 detrimentum
1336 951 1693 1021 inferebant;
1759 952 1879 1009 Cfr.
1913 952 2001 1010 ΙΙ.
2047 954 2217 1009 Esdr.
2269 958 2324 1025 2,
2364 959 2462 1011 62.
2509 954 2673 1011 Jose-

224 1052 307 1127 phi
342 1052 445 1123 1³1„
490 1058 699 1111 cont-ra
740 1054 959 1129 Apion.
1006 1055 1059 1125 I,
1100 1060 1153 1113 7.
1202 1055 1289 1125 ΙΙ,
1327 1059 1470 1113 440.
1506 1060 1651 1114 441.
1698 1057 1769 1113 de
1811 1056 1957 1126 vita,
1999 1062 2052 1115 1.
2091 1057 2172 1114 ib.
2222 1077 2277 1132 p.
2317 1061 2370 1115 1.
2419 1057 2482 1114 Si
2528 1059 2674 1115 haec

224 1158 279 1212 de
312 1157 580 1215 Hebraeis
626 1158 693 1214 in
740 1159 1085 1217 universum
1128 1158 1356 1231 valent,
1419 1162 1573 1236 apud
1626 1160 1946 1219 Davidides
2000 1161 2304 1219 accedebat
2322 1206 2336 1233 ,
2397 1160 2672 1219 Moesiam

222 1262 497 1319 secundum
541 1262 836 1320 vaticinia
868 1262 979 1321 Dei
1022 1294 1111 1305 -—
1154 1262 1195 1319 l.
1228 1264 1309 1322 H.
1341 1264 1414 1321 V.
1449 1264 1515 1321 Τ.
1562 1285 1619 1340 p.
1657 1269 1802 1323 216.
1834 1286 1879 1323 s.
1927 1286 1986 1341 p.
2021 1270 2142 1324 462
2176 1298 2264 1307 --
2293 1286 2366 1323 ex
2411 1266 2672 1342 ipsorum

221 1366 373 1440 stirpe
412 1367 567 1424 nasci
613 1367 897 1425 debuisse.
956 1366 1117 1431 Quae
1146 1369 1385 1447 quidem
1414 1369 1719 1445 promissio
1764 1375 1886 1427 tam
1925 1372 2162 1428 evidens
2191 1370 2326 1444 fuit,
2373 1376 2443 1429 ut
2471 1377 2670 1428 extor-

221 1477 459 1547 queretur
499 1490 573 1529 ex
620 1490 723 1530 ore
768 1477 903 1530 utut
949 1472 1284 1548 blasphemo
1328 1474 1799 1531 Pharisaeorum.
1861 1474 2005 1531 0011.
2053 1476 2268 1533 Matth.
2323 1480 2420 1547 22,
2474 1479 2574 1534 42.
2623 1496 2668 1533 s.

222 1574 357 1631 Idem
394 1576 659 1633 fatentur
703 1576 1036 1635 Talmudici
1082 1578 1351 1652 magistri
1397 1579 1519 1635 cod.
1566 1578 1899 1636 Sanhedrin
1944 1597 1992 1636 c.
2045 1586 2101 1637 6.
2156 1581 2228 1637 ad
2273 1585 2411 1637 sect.
2459 1600 2548 1655 pr.
2596 1580 2670 1637 V.

220 1678 393 1737 Joann.
422 1680 692 1752 Braunii,
742 1682 879 1739 diss.
926 1683 997 1739 de
1038 1687 1223 1739 sanct.
1265 1683 1434 1739 Pont.
1467 1700 1647 1753 max„
1696 1682 1764 1739 in
1794 1682 2033 1755 Ugolini
2065 1682 2234 1740 Thes.
2269 1684 2476 1762 Antiq.
2511 1685 2666 1759 XII,

226 1786 339 1840 185.
392 1788 791 1858 Agnoscamus
838 1785 1026 1859 igitur
1070 1790 1299 1861 oportet
1343 1786 1565 1859 regiam
1608 1786 1856 1845 Davidis
1903 1788 2156 1845 sobolem
2199 1808 2424 1845 summo
2479 1788 2673 1846 studio

220 1888 541 1963 genealogias
586 1909 723 1947 suas
769 1909 1005 1948 servare
1054 1891 1417 1948 consuevisse
1434 1936 1447 1961 ,
1506 1910 1648 1968 quas
1709 1910 1782 1947 ne
1833 1911 2093 1970 unquam
2155 1891 2476 1949 adulterari
2535 1912 2672 1949 con-

223 1990 453 2065 tingeret,
498 1993 703 2051 sedulo
750 1992 968 2051 tabulis
1014 1994 1265 2069 publicis
1297 1994 1615 2070 descriptas
1645 1997 1716 2053 ad
1749 2000 2003 2070 posteros
2034 1998 2427 2054 transmisere.
2476 1995 2671 2058 Quare

222 2107 419 2153 auctore
480 2097 739 2155 Eusebio
805 2097 1085 2171 legimus:
1153 2098 1499 2175 Symeonem
1564 2098 1808 2174 Cleopae
1867 2099 2059 2156 filium
2126 2102 2324 2157 eodem
2395 2100 2670 2176 supplicii

222 2218 409 2273 genere,
452 2204 604 2280 quod
652 2202 943 2260 Dominus
989 2202 1254 2277 pertulit,
1303 2202 1491 2261 vitam
1536 2202 1836 2275 clausisse,
1884 2206 2036 2281 quod
2082 2224 2156 2261 ex
2201 2206 2386 2281 stirpe
2422 2204 2669 2263 Davidis

221 2304 457 2363 oriundus
500 2312 672 2364 esset.
732 2306 892 2364 Hist.
934 2306 1091 2364 Eccl.
1138 2306 1262 2378 ΙΙΙ,
1301 2312 1401 2363 32.
1451 2327 1507 2382 p.
1556 2312 1697 2365 103.
1749 2311 1889 2365 104.
1954 2308 2120 2365 Idem
2164 2309 2465 2379 Eusebius,
2529 2308 2570 2366 l.
2618 2326 2667 2366 c.

220 2414 369 2467 e.19.
412 2430 465 2486 p.
500 2417 601 2469 89.
652 2412 854 2468 verbis
900 2411 1219 2487 Hegesippi
1264 2416 1540 2469 testatur:
1588 2412 1995 2469 Domitianum
2041 2432 2238 2470 omnes
2283 2414 2453 2490 quia
2480 2413 2667 2471 Davi-

220 2512 291 2567 dis
326 2534 517 2587 genere
562 2516 861 2591 originem
904 2535 1070 2573 suam
1114 2517 1393 2573 ducerent
1436 2514 1692 2573 interfici
1737 2516 1988 2573 iussisse.
2035 2516 2072 2573 J
2075 2536 2169 2573 am
2199 2535 2340 2575 vero
2378 2536 2494 2594 qua
2533 2523 2664 2574 tan-

220 2616 323 2673 dem
383 2619 603 2677 ratione
674 2620 1017 2677 Domitiano
1079 2619 1311 2677 Caesari
1377 2619 1443 2677 in
1510 2624 1766 2677 mentem
1835 2621 2036 2677 venire
2099 2620 2396 2695 potuisset,
2468 2639 2664 2678 omnes

218 2718 423 2780 Dan-idio
465 2729 727 2799 posteros
774 2724 1096 2795 trucidare,
1160 2724 1210 2780 si
1270 2742 1336 2781 eo
1380 2728 1640 2799 tempore
1683 2742 1802 2780 non
1847 2724 2099 2799 amplius
2145 2725 2392 2800 reperiri
2442 2725 2662 2800 potuis-

212 2832 330 2883 sent.
372 2825 594 2886 Revera
639 2834 843 2886 autem
887 2830 1157 2886 inventos
1201 2848 1337 2898 esse,
1387 2828 1522 2885 inde
1568 2832 1748 2903 patet,
1792 2830 1947 2905 quod
1984 2828 2160 2886 iuxta
2189 2830 2436 2887 eundem
2467 2828 2662 2903 Hege-

213 2926 424 3003 sippum,
484 2933 643 3008 apud
690 2932 1011 2989 Eusebium
1056 2932 1096 2989 l.
1143 2930 1184 2989 l.
1232 2950 1281 2989 c.
1333 2936 1433 2989 20.
1481 2951 1540 3006 p.
1590 2936 1692 2989 89.
1745 2936 1846 2990 90.
1908 2931 2146 3009 quidam
2201 2952 2277 2991 ex
2323 2934 2667 3007 cognatione

212 3031 396 3092 Christi
460 3036 837 3094 incurrerint
898 3035 1223 3112 periculum
1280 3036 1519 3111 capitis3
1590 3035 1731 3113 quia
1797 3054 1871 3092 ex
1938 3036 2104 3110 regia
2169 3036 2416 3095 Davidis
2483 3037 2666 3114 stirpe

212 3139 443 3210 prognati
486 3146 699 3211 essent,
750 3141 1021 3218 quamvis
1067 3140 1270 3198 audita
1312 3140 1546 3197 vilitate
1591 3140 1898 3197 hominum
1943 3160 2037 3198 eos
2080 3146 2423 3216 aspernatus
2465 3142 2666 3199 Domi-

210 3238 397 3315 tianus,
456 3245 613 3303 nihil
676 3247 957 3303 adversus
1002 3245 1155 3321 ipsos
1201 3244 1461 3320 asperius
1506 3243 1794 3314 decrevit,
1857 3245 1956 3302 sed
2002 3244 2214 3302 liberos
2259 3245 2423 3303 abire
2468 3246 2658 3303 iussit.

212 3342 347 3401 Unde
400 3350 687 3427 sequitur,
738 3349 1058 3406 absurdum
1102 3348 1273 3425 plane
1328 3368 1448 3405 esse
1492 3348 1665 3405 hodie
1710 3354 1838 3423 post
1881 3349 2280 3407 novemdecim
2325 3350 2555 3407 saecula
2598 3352 2667 3407 de

206 3449 420 3509 veritate
461 3474 509 3510 s,
541 3453 1040 3528 Genealogiarum
1082 3453 1180 3512 vel
1224 3452 1525 3522 dubitare3
1574 3472 1723 3531 quae
1753 3452 1916 3509 ultra
1960 3453 2416 3511 controversiam
2448 3474 2483 3511 a
2524 3474 2665 3531 syn-

208 3552 421 3627 ebronis,
468 3560 543 3615 ab
588 3558 871 3616 omnibus
912 3558 1199 3633 proxime,
1248 3563 1307 3614 et
1350 3556 1630 3615 continua
1674 3557 1796 3614 fere
1839 3558 1990 3614 serie
2035 3558 2408 3635 sequentibus
2457 3559 2664 3617 aetati-

206 3656 307 3727 bu-S,
336 3662 611 3720 admissae
643 3663 829 3720 fuere.
893 3663 1027 3719 Jam
1057 3667 1251 3719 autem
1286 3680 1459 3737 porro
1493 3664 1543 3718 b.
1580 3661 1800 3736 duplex
1831 3661 2304 3737 genealogiarum
2335 3663 2664 3721 describen-

206 3760 377 3820 darum
420 3767 573 3824 ratio
619 3788 657 3825 a
702 3764 941 3825 Judaeis
984 3766 1252 3825 adhibita
1296 3770 1400 3823 aet.
1469 3764 1740 3823 Alteram
1799 3766 1995 3824 Julius
2041 3767 2388 3838 Africanus,
2455 3787 2544 3842 ep.
2593 3768 2666 3824 ad

210 3866 509 3941 Aristidem,
541 3904 633 3913 ——-
663 3872 733 3928 in
764 3870 983 3941 Routh,
1027 3870 1217 3948 Reliq.
1250 3890 1297 3927 s.
1331 3870 1419 3939 ΙΙ,
1459 3873 1581 3926 234
1611 3901 1700 3910 -
1733 3862 2235 3946 ἐξαριθμούμενος(
2267 3871 2441 3942 dixit,
2490 3890 2665 3948 quam

206 3986 240 4022 s.
270 3970 587 4033 Matthaeus
642 3974 951 4045 adhibuit3
1008 3973 1257 4031 alteram
1308 3993 1483 4052 quam
1534 3994 1600 4048 s.⁴
1623 3974 1812 4030 Lucas
1867 3972 2008 4049 ,κατ’
2059 3971 2336 4030 σίνοὶλυετινι
2389 3994 2445 4049 p.
2497 3979 2660 4045 235„

208 4075 457 4141 gradatim
502 4080 871 4136 ascendendo
914 4078 1195 4154 perduxit
1238 4098 1274 4136 a
1317 4076 1459 4134 filiis
1504 4078 1575 4134 ad
1622 4082 1836 4152 patres.
1884 4078 2089 4135 Priore
2136 4098 2283 4155 quae
2329 4082 2482 4135 recte
2523 4074 2666 4133 κατὰ

210 4172 407 4237 ἳῦνθεσιν
450 4183 875 4259 adpellaretur,
923 4182 1099 4239 initio
1144 4183 1297 4240 facto
1329 4184 1401 4241 ab
1432 4202 1497 4239 eo
1528 4182 1694 4240 cuius
1725 4201 1907 4257 genus
1952 4188 2282 4252 enarratur,
2332 4202 2437 4257 per
2466 4201 2663 4239 omnes

206 4280 461 4354 πρεγὸνους
490 4287 565 4343 ad
616 4285 880 4362 primum
922 4285 1183 4343 familiae
1229 4290 1406 4361 caput
1449 4287 1810 4356 recurritur;
1859 4286 2175 4361 posteriore
2206 4304 2242 4341 a
2272 4291 2489 4343 statore
2519 4288 2659 4343 stir-

210 4379 279 4452 pis
315 4404 409 4461 per
448 4390 665 4447 seriem
712 4386 1001 4464 ἀπογόνων
1046 4390 1119 4446 ad
1163 4409 1349 4447 unum
1394 4390 1652 4468 aliquem
1696 4390 1964 4466 pluresve
2009 4409 2084 4446 ex
2129 4389 2224 4446 his
2269 4391 2659 4448 descenditur.

208 4482 341 4545 Sacri
379 4490 707 4569 Scriptores
768 4498 1079 4571 utramque
1138 4492 1426 4551 rationem
1484 4494 1667 4552 secuti
1715 4498 1878 4563 sunt3
1948 4498 2014 4551 ut
2081 4494 2340 4551 ubertim
2399 4496 2563 4552 docet
2607 4496 2659 4551 Ι.

210 4586 429 4669 Paralip-
476 4602 663 4656 1—8.
712 4596 845 4655 0011.
892 4596 1039 4655 Gen.
1089 4602 1187 4669 10,
1227 4602 1454 4655 1-32,
1506 4602 1605 4668 36,
1649 4601 1903 4666 1--19.;
1963 4602 2022 4655 et
2066 4598 2117 4655 I.
2163 4598 2335 4656 Esdr.
2376 4603 2428 4671 7,
2470 4605 2522 4656 1.
2571 4598 2658 4668 II,
