3267 5259
1141 460 1340 504 Chri-tun
1368 472 1611 515 mugen..
2499 444 2577 517 17
2582 450 2622 517 3

170 626 437 723 Apostoli
464 634 713 701 laetitia
747 637 1101 722 gestientes
1149 647 1435 719 narrant,
1484 636 1662 723 quod
1676 636 2032 703 Dominum
2061 637 2426 703 redivivum
2473 662 2625 705 con·

170 749 583 833 spexissent3¹
644 758 845 835 negat
898 770 967 813 se
1018 748 1447 815 crediturum:
1501 752 1623 814 nisi
1671 749 1876 816 oculis
1921 752 2051 815 suis
2094 749 2162 814 id
2211 751 2623 817 testantibus.

168 861 253 925 Ac
294 884 372 925 ne
418 861 623 927 oculis
668 863 801 926 suis
846 861 1111 948 quidem
1155 861 1355 927 fidem
1400 861 1804 946 habiturum,
1865 863 1988 926 nisi
2033 864 2212 948 prius
2257 865 2514 928 attactis
2557 866 2624 928 in

168 972 438 1037 manibus
484 972 818 1039 clavorum
865 975 1177 1059 vestigiis,
1224 996 1305 1039 ac
1348 996 1548 1039 manu
1591 973 1778 1039 lateri
1825 974 1988 1039 Jesu
2023 974 2308 1057 admota,
2353 974 2623 1041 lanceae

169 1084 375 1149 vulnus
419 1084 965 1172 deprehenderet.
1011 1086 1275 1151 Revera
1316 1096 1465 1172 post
1500 1084 1854 1169 octiduum,
1901 1087 2164 1172 quando
2197 1108 2420 1152 rursus
2449 1087 2626 1153 domi

168 1218 227 1259 se
266 1199 671 1264 continerent
712 1198 1013 1285 Apostoli
1058 1221 1187 1263 una
1238 1220 1386 1265 cum
1432 1198 1716 1282 Thomas,
1763 1198 2042 1265 occlusis
2089 1199 2426 1265 coenaculi
2473 1200 2626 1266 fori-

170 1308 309 1372 bus2
346 1311 679 1395 ingressus
720 1312 790 1375 in
832 1311 1049 1376 medio
1097 1333 1325 1376 eorum
1371 1310 1615 1376 adstitit
1661 1311 1972 1377 Christus.
2037 1311 2290 1392 Quibus
2335 1312 2624 1378 salutatis

170 1420 308 1499 ,Pax
346 1420 609 1507 vobis!‘‚
679 1445 1035 1489 conversus
1096 1423 1182 1489 ad
1240 1423 1563 1489 Thomam
1626 1423 1820 1490 dixit:
1897 1424 2066 1490 Cum
2121 1426 2276 1489 satis
2331 1424 2447 1490 tibi
2493 1447 2624 1490 non

168 1533 337 1598 fuerit
375 1534 659 1601 audiisse
707 1558 749 1600 a
790 1546 924 1601 tam
970 1536 1207 1620 multis,
1256 1539 1368 1623 qui
1404 1558 1511 1601 me
1542 1536 1862 1621 viderant,
1909 1536 1994 1601 ad
2027 1537 2458 1621 credendum3
2503 1539 2626 1602 nisi

166 1648 273 1711 tuis
314 1647 609 1713 sensibus
658 1651 911 1714 cunctis
958 1659 1139 1714 certa
1196 1650 1313 1714 fiat
1360 1650 1558 1714 fides:
1626 1672 1890 1734 manus,
1959 1650 2198 1736 pedes,
2257 1649 2426 1715 latus
2472 1670 2626 1715 con·

168 1760 337 1843 spice,
380 1761 507 1826 imo
556 1770 627 1825 et
672 1770 869 1847 tange
889 1764 935 1825 ³.
978 1760 1129 1827 Non
1174 1763 1389 1848 potuit
1430 1761 1718 1826 Thomas
1763 1772 1898 1826 tam
1941 1761 2174 1827 validis
2220 1761 2456 1827 ictibus
2487 1760 2623 1827 diu-

168 1872 271 1935 tius
290 1874 623 1958 resistere3
653 1875 849 1961 igitur
879 1876 1086 1939 victas
1112 1875 1275 1940 dans
1304 1897 1537 1940 manus
1567 1874 1868 1940 adoravit
1891 1874 2218 1940 Christum
2250 1873 2622 1939 clamando:

168 1982 561 2064 ‚Dominus
610 2009 841 2053 meus
886 1997 969 2052 et
1011 1986 1237 2052 Deus
1280 1990 1615 2053 meusl‘·¹
1658 1986 1991 2053 Perducta
2034 1996 2252 2051 autem
2298 1986 2383 2051 ad
2425 1986 2624 2051 fidem

169 2118 271 2160 ove
330 2098 447 2163 hac
508 2109 771 2165 errante
789 2149 806 2184 ‚
874 2099 1039 2165 haec
1107 2099 1359 2165 addidit
1420 2100 1631 2166 fidelis
1699 2109 1951 2187 pastor:
2029 2101 2336 2185 quoniam
2401 2099 2618 2163 vidisti

170 2206 409 2294 Thoma‚
452 2210 659 2276 fidem
702 2210 1079 2277 adhibuisti:
1126 2211 1304 2277 beati
1351 2212 1613 2299 quidem
1662 2222 1870 2296 erunt,
1920 2213 2030 2298 qui
2075 2234 2222 2277 cum
2269 2235 2402 2277 non
2445 2210 2623 2277 vide·

166 2322 273 2384 rint
322 2332 534 2389 tamen
602 2332 755 2389 sunt
810 2324 1133 2390 credituri.
1209 2324 1613 2391 Discedente
1677 2324 1842 2390 Jesu
1863 2328 1887 2367 ⁵
1929 2323 2231 2411 Apostoli
2295 2346 2622 2389 memores

171 2434 421 2499 mandati
452 2442 497 2519 θ,
568 2437 915 2501 confestim
972 2433 1273 2503 abierunt
1324 2440 1389 2501 in
1438 2436 1820 2503 Galilaeam.
1896 2437 2226 2522 Triginta,
2306 2447 2373 2502 et
2447 2436 2625 2521 quod

350 2717 385 2781 ¹)
422 2717 743 2784 Suspicatus
780 2716 915 2768 forte
954 2716 1097 2784 quod
1134 2717 1315 2783 aliquo
1350 2718 1724 2783 phantasmate
1749 2718 1948 2767 fuerint
1971 2716 2158 2767 delusi.
2221 2718 2262 2783 ἵ)
2299 2718 2624 2784 Inter-protes

166 2802 241 2864 qui
280 2802 662 2855 Rationalistae
717 2804 991 2866 dicuntur,
1046 2803 1255 2870 fingunt
1308 2804 1574 2855 Christum
1629 2804 1700 2853 ad
1752 2804 2024 2854 introitum
2079 2805 2320 2869 corporis
2379 2804 2624 2856 occlusas

164 2886 281 2937 fores
316 2889 586 2941 celerrime
626 2892 913 2955 aperuisse.
970 2890 1276 2940 Provocant
1311 2890 1381 2939 ad
1418 2892 1736 2957 principium
1775 2889 2152 2955 Physicorum:
2201 2892 2624 2956 penetrationem

166 2972 520 3026 dimensionum
560 2990 684 3026 esse
719 2981 913 3027 natura
950 2978 1187 3042 corporis
1222 2976 1620 3041 impossibilem.
1661 2975 1767 3026 Sed
1805 2978 1890 3026 isti
1921 2978 2142 3027 iniurios
2179 2992 2236 3028 se
2271 2978 2534 3043 praebent
2567 2979 2624 3028 in

166 3060 311 3110 Deum
354 3065 797 3129 omnipotentem,
852 3065 942 3128 qui
991 3063 1200 3128 legibus
1247 3078 1526 3128 corporum
1572 3064 1844 3128 potentior
1887 3068 1992 3127 est;
2049 3068 2208 3129 atque
2263 3064 2331 3113 ad
2385 3080 2624 3115 normam

166 3145 379 3211 physicen
415 3151 655 3216 exigunt,
693 3164 829 3215 quae
866 3149 1259 3217 hyper-physica
1305 3155 1478 3199 sunto.
1530 3149 1754 3199 Multum
1803 3149 2118 3200 discriminis
2161 3150 2444 3201 intercedit
2487 3152 2625 3201 inter

165 3248 335 3298 corpus
368 3232 571 3301 φυσικόν
621 3240 676 3286 et
710 3252 903 3301 corpus
938 3231 1282 3304 πνευματικόν,
1339 3236 1497 3301 quale
1546 3240 1692 3285 certe
1737 3234 1950 3285 Christo
1997 3238 2309 3287 resuscitato
2355 3238 2623 3303 competit.

164 3317 278 3369 Coll.
312 3321 337 3369 1
372 3320 489 3372 Cor.
534 3324 621 3384 15,
648 3325 733 3372 42.
760 3325 843 3372 43.
882 3322 1109 3387 Philipp.
1150 3326 1199 3384 3,
1226 3325 1309 3371 21.
1372 3323 1433 3371 L.
1476 3323 1535 3371 V.
1574 3322 1796 3383 Alberti,
1852 3322 1978 3373 diss.
2033 3337 2102 3372 an
2153 3322 2394 3372 Christus
2446 3324 2623 3373 ianuis

164 3404 337 3457 clausis
372 3408 755 3475 discipulorum
792 3408 1047 3459 conclave
1098 3410 1389 3458 intraverit.
1436 3409 1583 3473 Lips.
1623 3410 1772 3459 1693.
1855 3406 1894 3474 ³)
1949 3408 2068 3457 Non
2119 3408 2390 3458 exhorruit
2442 3409 2624 3459 lateris

163 3491 354 3555 vulnus,
390 3496 669 3546 clavorum
703 3494 925 3557 fixuras,
964 3510 1029 3544 ac
1066 3494 1275 3560 reliqua
1309 3510 1546 3561 nuperae
1583 3495 1858 3546 Passionis
1895 3494 2094 3544 indicia
2137 3495 2445 3561 propalare,
2494 3512 2622 3561 qua·

162 3582 297 3629 tenus
330 3596 507 3633 omnes
546 3582 901 3644 disceremus,
955 3583 1329 3632 inconcussam
1384 3584 1644 3633 mansisse
1700 3582 1914 3657 divinae
1970 3596 2088 3631 cum
2145 3580 2376 3632 humana
2431 3588 2622 3634 natura

168 3666 419 3730 unionem
456 3674 510 3717 et
532 3668 643 3717 Dei
680 3668 872 3718 Filium
908 3668 1188 3717 Verbum
1226 3684 1343 3719 esse
1381 3673 1433 3718 et
1470 3682 1744 3719 carnem.
1807 3669 1848 3733 ⁴)
1885 3668 2072 3717 Brevis
2095 3668 2308 3733 quidem
2345 3668 2440 3719 sed
2474 3670 2623 3720 lucu-

165 3748 430 3804 lentissima
472 3756 787 3805 Divinitatis
833 3756 901 3804 D.
945 3754 1008 3805 N.
1052 3754 1104 3804 J.
1150 3754 1209 3804 C.
1261 3754 1541 3806 confessio.
1626 3755 1668 3820 ⁵)
1723 3756 1891 3817 Quem
1947 3756 2052 3804 iam
2105 3755 2286 3804 vivum
2338 3756 2623 3806 sciverunt.

164 3835 199 3891 ⁶)
232 3836 413 3890 Christi
449 3846 505 3891 et
538 3840 867 3905 Angelorum
904 3842 1129 3906 repetiti.
1186 3841 1449 3906 Imprimis
1498 3856 1748 3907 magnum
1796 3847 1878 3891 est
1921 3840 2290 3891 Rationalistis
2335 3840 2622 3891 offendicu-

163 3920 257 3971 lum
287 3924 639 3988 Salvatorem‚
699 3928 791 3992 qui
840 3933 965 3977 ante
1012 3927 1214 3977 obitum
1252 3926 1529 3992 discipulis
1564 3929 1822 3978 visionem
1861 3929 1944 3978 sui
1981 3929 2036 3976 in
2075 3926 2320 3976 Galilaea
2355 3928 2620 3992 promisit3

164 4006 327 4061 Matth.
360 4015 441 4075 26,
466 4016 551 4065 82.
592 4016 677 4077 28,
704 4016 753 4063 7.
790 4030 979 4063 revera
1014 4014 1209 4063 ibidem
1246 4014 1577 4079 apparuisse.
1626 4014 1792 4064 Varia
1829 4020 1954 4065 sunt
1991 4027 2128 4079 quae
2165 4028 2262 4078 pro
2299 4010 2622 4063 destruenda

166 4102 353 4161 recepta
387 4104 441 4149 et
474 4100 743 4150 communi
780 4101 1045 4150 sententia
1082 4100 1371 4165 proferunt,
1408 4100 1648 4165 inprimis
1687 4100 1829 4165 quod
1865 4099 2194 4165 impossibile
2223 4100 2384 4148 fuerit
2407 4112 2455 4147 a.
2482 4098 2622 4163 Apo·

168 4180 317 4246 stolis3
350 4188 437 4251 qui
470 4185 713 4251 profecto
750 4186 994 4237 curribus
1029 4186 1305 4237 velocibus
1342 4192 1396 4237 et
1430 4188 1583 4252 equis
1619 4202 1726 4237 non
1753 4186 2040 4236 utebantur
2075 4186 2170 4235 sed
2207 4184 2450 4250 pedibus,
2483 4186 2622 4235 intra

167 4268 299 4317 nnius
332 4270 433 4321 diei
471 4274 707 4338 spatium
748 4274 853 4323 iter
886 4288 1040 4323 suum
1082 4274 1138 4322 in
1176 4271 1473 4323 Galilaeam
1522 4273 1742 4322 emetiri.
1802 4271 2113 4322 Mandatum
2164 4286 2321 4335 porro
2367 4272 2420 4321 b.
2465 4270 2622 4323 valde

168 4366 333 4419 vagum
360 4358 539 4421 fuisse,
578 4360 705 4425 quia
740 4359 797 4408 in
834 4360 1109 4425 provincia
1144 4360 1275 4411 satis
1314 4358 1491 4425 ampla
1528 4358 1705 4409 locum
1741 4374 1850 4409 non
1887 4358 2272 4408 determinavit.
2312 4356 2454 4408 Illud
2479 4359 2621 4425 quod

170 4441 333 4491 attinet
363 4446 577 4496 minime
611 4446 728 4495 fieri
764 4446 1019 4511 potuisse,
1058 4450 1118 4496 ut
1152 4446 1401 4512 discipuli
1439 4448 1607 4513 primo
1647 4446 2071 4497 Resurrectionis
2109 4444 2195 4495 die
2231 4446 2286 4495 in
2323 4444 2622 4496 Galilaeam

170 4524 382 4593 abierint,
418 4537 473 4581 et
506 4532 765 4582 redierint
800 4548 901 4582 nec
936 4547 1033 4582 nos
1068 4546 1342 4597 negamus.
1380 4531 1487 4582 Sed
1522 4533 1576 4582 id
1615 4546 1968 4598 pernegamus
2003 4531 2192 4582 Matth.
2230 4534 2313 4595 28,
2342 4535 2423 4583 16.
2459 4548 2620 4598 expo-

165 4611 301 4662 uitam
350 4620 737 4682 apparitionem
788 4620 907 4684 ipso
962 4620 1045 4669 die
1098 4620 1523 4674 Resurrectionis
1578 4619 1854 4671 accidisse.
1909 4619 2122 4675 Nullum
2161 4634 2207 4668 c.
2241 4618 2276 4668 l.
2325 4619 2426 4670 hac
2461 4620 2526 4669 de
2565 4634 2620 4667 re
