3267 5259
513 469 692 518 XXVI
1302 483 1556 524 Protheorla
1579 483 1628 524 in
1656 482 1771 524 mat.
1802 483 1909 524 Rev.
1940 481 2041 523 Div.
2072 483 2125 524 N.
2155 482 2204 524 Τ.

519 663 1154 736 Evanyelienharmonie.
1209 665 1405 723 Wiesb.
1471 665 1659 719 1855.
1720 665 1787 722 F.
1842 664 1925 720 W.
1965 664 2463 732 Lichtcnstein,
2524 665 2904 736 Lebensqesch.
2950 667 3007 720 d.

515 769 590 825 H.
620 769 678 821 J.
727 767 785 824 0.
830 769 892 822 in
936 769 1118 824 chron.
1171 753 1358 823 t'i’bers.
1406 768 1528 824 Erl.
1574 769 1749 822 1856.
1812 768 1896 824 M.
1945 768 2439 841 Baumqarten,
2486 769 2575 822 die
2621 768 2810 826 Gesch.
2858 770 3009 823 Jesu.

515 873 872 928 Braunschw.
912 874 1094 929 1859.
1157 873 1239 928 M.
1274 872 1348 927 H.
1387 870 1562 926 Soka
1577 871 1632 925 lz
1646 890 1697 940 e,
1746 872 2243 944 Evanqelientafel.
2276 874 2461 942 Leipz.
2498 874 2657 926 1861.
2717 871 2774 929 J.
2807 872 2867 928 J.
2898 891 3007 926 van

519 977 891 1046 Oosterzec,
939 977 1143 1046 batavi,
1190 977 1294 1030 das
1323 977 1463 1030 Bizd
1502 974 1706 1030 Christi
1750 977 1893 1030 nach
1932 977 2029 1030 der
2060 975 2271 1044 Schrift
2302 995 2463 1047 ρετ-νη.
2502 996 2540 1030 a
2569 977 2639 1032 F.
2672 977 3003 1048 Meyer-infit.

516 1080 717 1138 Hamb.
750 1082 924 1135 1864.
983 1079 1142 1136 Imm.
1189 1080 1280 1134 Ta
1282 1079 1329 1148 f
1333 1081 1418 1149 el,
1465 1079 1568 1133 das
1597 1080 1777 1134 Leben
1807 1078 1938 1133 Jesu
1967 1099 2023 1136 π.
2058 1081 2111 1136 d.
2148 1080 2431 1134 Ber-ioman
2476 1083 2571 1133 der
2602 1081 3005 1152 Evangelisten.

516 1184 653 1239 Bas.
703 1185 888 1238 1865.
948 1184 1018 1241 Ε.
1069 1184 1457 1252 Pressensc',
1512 1181 1550 1236 l’
1593 1184 1733 1237 eccle
1782 1184 1905 1239 crit.
1962 1191 2011 1238 et.
2062 1182 2121 1238 J.
2174 1183 2231 1238 Ο.
2280 1185 2414 1240 Par.
2470 1187 2653 1239 1863.
2710 1185 2799 1240 Id.
2847 1185 3007 1238 Jews

524 1286 718 1354 Christ,
765 1305 863 1341 son
907 1294 1093 1358 temps,
1139 1305 1204 1341 sa
1249 1289 1349 1356 vie,
1395 1305 1492 1342 son
1535 1305 1740 1342 oeuvre.
1783 1288 1923 1345 Par.
1977 1289 2157 1342 1865.
2201 1306 2365 1361 yerm.
2404 1289 2485 1342 ed.
2529 1289 2825 1343 Fabarias.
2871 1288 3007 1349 Hal.

518 1393 704 1446 1866.
795 1392 950 1446 Haec
1002 1391 1179 1446 dicere
1245 1391 1510 1445 voluimus
1569 1393 1634 1444 de
1683 1392 1994 1463 potioribus
2055 1392 2488 1446 Harmoniamm
2548 1393 3009 1464 Evanqelicarum

519 1496 842 1550 acatholicis
885 1497 1258 1566 scriptoribus.
1323 1493 1389 1549 Si
1419 1496 1540 1566 quis
1586 1496 1634 1551 b.
1672 1496 1951 1549 Lector-um
1978 1496 2172 1566 plures
2217 1497 2394 1552 adhuc
2424 1496 2757 1551 desideraret
2789 1515 3008 1570 coquos-

518 1619 651 1667 cere,
697 1602 884 1654 adeat:
926 1600 1078 1657 Dies.
1102 1618 1344 1671 procera.
1391 1601 1473 1655 ed.
1505 1600 1688 1672 Luqd.
1711 1600 1907 1656 Harm.
1954 1598 2013 1657 J.
2058 1598 2269 1669 Clerici,
2306 1606 2501 1670 postea
2546 1600 2813 1670 Fabricii,
2863 1600 3006 1654 Bibe.

515 1723 600 1777 φ’.
647 1705 729 1760 cd.
764 1705 1016 1759 Harrles.
1067 1704 1169 1774 IV,
1204 1707 1345 1761 880.
1379 1705 1596 1760 tandem
1633 1703 1692 1760 G.
1723 1704 1891 1773 Hace,
1939 1705 2043 1758 das
2072 1706 2253 1759 Leben
2282 1703 2433 1760 Jesa.
2474 1706 2658 1774 Leipz.
2688 1707 2870 1760 1854.
2918 1703 3010 1774 qui

513 1808 810 1880 praecipue
843 1827 906 1878 p.
938 1811 1026 1862 21.
1074 1810 1155 1864 ed.
1213 1809 1271 1863 V.
1314 1811 1496 1863 1865.
1533 1827 1596 1878 p.
1633 1811 1732 1862 48.
1768 1827 1811 1864 s.
1846 1827 1888 1864 s.
1936 1809 2173 1879 reliquos
2220 1809 2441 1866 liberali
2486 1827 2653 1861 manu
2697 1810 3008 1863 admetitur.

518 2043 602 2107 D.
649 2043 908 2108 Lucae
970 2045 1045 2108 in
1107 2044 1530 2110 scribendo
1592 2045 1927 2108 Actuum
1992 2043 2552 2130 Apostolorum
2612 2043 2819 2108 libro
2886 2067 3008 2108 ars

1518 2157 2014 2222 contexendi.

725 2317 802 2368 19.
855 2316 925 2368 In
971 2315 1304 2368 diiudicanda
1349 2317 1394 2368 d.
1427 2316 1599 2368 Lucae
1634 2335 1801 2368 rerum
1836 2317 2123 2368 cmiterendi
2158 2323 2263 2368 arte
2276 2359 2289 2377 ,
2338 2318 2582 2386 impn'mis
2620 2317 2894 2370 videndum
2928 2323 3009 2378 est,

517 2409 688 2454 πιέν-απ),
730 2409 776 2455 et
820 2420 1040 2471 quonam
1087 2403 1290 2456 consilio
1333 2405 1615 2472 scripserit?
1674 2403 1878 2452 Lucam
1924 2405 1977 2452 in
2028 2403 2419 2453 Commentario
2470 2405 2669 2469 priore,
2728 2417 3009 2452 enarrasse

515 2488 767 2539 historias
805 2490 871 2538 D.
907 2489 972 2538 N.
1007 2489 1058 2538 J.
1096 2489 1154 2538 C.
1191 2491 1331 2539 inter
1375 2489 1614 2540 homines
1662 2493 1969 2556 apparentis
2017 2495 2177 2556 atque
2216 2491 2467 2552 viventis,
2514 2491 2803 2556 Apostolos
2842 2505 3008 2555 popu-

517 2576 695 2624 lumve
742 2577 1077 2638 instruentia,
1133 2577 1344 2626 morbos
1392 2577 1653 2639 curantis,
1710 2581 1937 2643 peccata
1982 2578 2358 2640 condonantis,
2406 2577 2632 2628 salutem
2680 2577 2913 2642 denique
2960 2581 3011 2626 et

521 2661 900 2712 redemtionem
926 2663 1296 2728 praeparantis
1322 2668 1376 2714 et
1400 2665 1816 2714 consummantis
1843 2663 2068 2713 diximus
2094 2665 2162 2714 H.
2178 2665 2239 2715 N.
2258 2665 2319 2713 Τ.
2334 2681 2383 2730 p.
2400 2666 2516 2714 288.
2534 2681 2603 2728 s.;
2630 2666 2687 2713 in
2709 2665 3007 2729 posteriore

517 2765 646 2799 vero
685 2750 878 2799 mortui
917 2749 1132 2814 quidem
1169 2749 1263 2800 sed
1299 2749 1528 2816 gloriose
1567 2752 1894 2812 resuscitati,
1934 2751 2002 2800 ad
2039 2752 2144 2801 Dei
2182 2751 2452 2800 dexteram
2490 2751 2753 2812 sedentis,
2791 2766 3008 2815 remque

517 2835 798 2885 Ecclesiae
835 2841 968 2886 nutu
994 2853 1090 2886 suo
1117 2837 1466 2901 gubernantis
1505 2839 1817 2903 exposuisse
1842 2853 2015 2902 aeque
2038 2838 2283 2887 vidimus.
2321 2838 2401 2886 Ib.
2428 2855 2479 2903 p.
2507 2840 2624 2888 431.
2652 2852 2692 2887 s.
2744 2838 3009 2898 Quoniam

519 2926 695 2971 autem
732 2923 894 2973 Jesus
931 2929 1218 2989 propterea
1250 2925 1388 2973 inter
1429 2924 1669 2974 homines
1708 2926 1982 2991 apparuit,
2033 2930 2092 2974 ut
2128 2925 2369 2990 Regnum
2406 2926 2511 2974 Dei
2545 2926 2579 2974 i.
2618 2941 2663 2975 e.
2704 2924 3005 2974 Ecclesiam

517 3010 570 3057 in
624 3008 752 3058 orbe
802 3009 1081 3072 conderet,
1132 3027 1173 3061 s.
1211 3010 1391 3060 Lucas
1443 3009 1733 3060 existimari
1780 3015 1983 3076 potest:
2038 3012 2285 3076 „Regni
2332 3013 2578 3061 Divini
2626 3011 3013 3076 primordia

521 3095 776 3145 duobus
831 3097 897 3144 in
953 3095 1456 3148 Commentariis
1507 3097 1916 3162 delineasse3
1972 3099 2037 3147 in
2088 3101 2309 3170 prior-e
2357 3114 2393 3148 a
2437 3099 2713 3148 Domino
2770 3099 3010 3147 Nostro

519 3183 662 3246 ipso
699 3183 920 3247 coepti
960 3189 1024 3232 et
1054 3185 1340 3246 initiati,
1377 3185 1445 3234 in
1482 3187 1860 3251 posteriore
1897 3201 2051 3234 vero
2090 3201 2205 3251 per
2238 3185 2597 3251 Apostolos
2636 3185 3011 3234 continuati

521 3273 582 3316 et
616 3271 1021 3334 propagati-‘⁴
1080 3271 1246 3321 Nobis
1284 3271 1498 3337 quidem
1534 3271 1804 3322 iudicibus
1840 3271 2006 3330 Actus
2042 3272 2417 3336 Apostolorum
2454 3271 2816 3321 testimonium
2856 3277 3011 3321 sunto

518 3354 926 3406 validissimum:
967 3355 1235 3408 Christum
1271 3375 1396 3408 vere
1433 3360 1640 3420 vivere,
1678 3358 1980 3408 Ecclesiam
2018 3374 2199 3424 regere
2237 3373 2413 3420 suam,
2452 3357 2849 3424 Apostolosque
2887 3374 3012 3408 suos

520 3458 808 3508 eorumque
855 3443 1146 3509 discipulos
1193 3446 1360 3495 veluti
1407 3450 1744 3510 praesentem
1788 3447 1846 3494 in
1895 3461 2055 3510 opere
2106 3444 2427 3509 perficiendo
2478 3445 2749 3494 adiuvare.
2820 3445 3015 3494 Omnia

520 3529 660 3578 enim
699 3545 836 3595 quae
874 3529 1122 3580 Salvator
1159 3531 1520 3581 divinissimus
1559 3533 1800 3597 promisit
1838 3538 1891 3582 et
1926 3533 2249 3582 vaticinatus
2288 3536 2383 3594 est,
2421 3531 2737 3597 implentum
2784 3529 3012 3596 Spiritus

523 3614 576 3664 S.
613 3617 864 3680 mittitur,
920 3617 1178 3668 miracula
1229 3619 1295 3668 ab
1345 3619 1617 3684 Apostolis
1666 3624 1970 3684 patrantur,
2027 3618 2277 3684 discipuli
2326 3617 2520 3668 docent
2568 3623 2621 3666 et
2668 3617 3009 3682 praedicant-3

517 3702 678 3753 Jesus
716 3719 840 3753 vero
879 3705 996 3768 ipse
1031 3705 1310 3755 Ecclesiae
1347 3720 1556 3771 semper
1596 3707 1823 3767 assistit,
1872 3706 2051 3756 omnia
2099 3705 2273 3767 audit,
2324 3706 2503 3754 omnia
2546 3705 2716 3766 videt,
2766 3704 3011 3754 volentes

521 3789 764 3839 nolentes
803 3791 871 3840 ad
909 3807 966 3840 se
1004 3793 1157 3857 rapit,
1195 3793 1272 3842 ita
1295 3797 1356 3841 ut
1392 3793 1506 3842 sine
1545 3794 1659 3843 eius
1698 3793 1917 3842 arbitrio
1952 3791 2087 3841 nihil
2122 3791 2229 3852 fiat,
2270 3791 2399 3842 nihil
2435 3791 2783 3857 relinquatur.
2836 3791 3006 3852 Quae—

523 3891 738 3942 cunque
763 3881 942 3927 autem
967 3877 1117 3940 fiunt,
1155 3878 1292 3929 fiunt
1316 3880 1369 3928 in
1394 3879 1654 3930 Maiorem
1678 3881 1780 3930 Dei
1808 3878 2072 3929 Gloriam!
2121 3878 2203 3928 Ad
2228 3878 2609 3928 aestimandam
2632 3879 2817 3942 itaque
2844 3883 3011 3928 artem

520 3978 606 4012 res
644 3964 977 4026 contexendi,
1019 3981 1178 4030 quam
1223 3967 1403 4017 Lucas
1439 3967 1541 4016 sibi
1577 3966 1905 4032 sequendam
1948 3982 2065 4016 esse
2109 3965 2281 4028 duxit,
2323 3966 2555 4030 pertinet
2589 3965 2817 4030 diligens
2856 3965 3009 4015 Con-

520 4049 659 4100 silii
697 4051 1015 4101 observatiO.
1075 4052 1470 4118 Inquirentibus
1517 4054 1673 4103 nobis
1722 4054 1849 4119 quid
1884 4053 2127 4119 Apostoli
2178 4058 2309 4102 teste
2353 4052 2405 4101 d.
2440 4052 2590 4101 Luca
2628 4052 2911 4102 docuerint
2946 4052 3011 4100 de

519 4138 656 4198 Deo,
681 4137 900 4188 mirifice
927 4140 1237 4204 conspirant
1259 4140 1390 4189 Jesu
1417 4139 1903 4205 discipulorumque
1930 4139 2185 4189 doctrina.
2228 4139 2307 4188 Cf.
2328 4139 2443 4188 Act.
2468 4141 2548 4200 17,
2564 4140 2646 4187 24.
2663 4156 2702 4188 s.
2742 4139 2941 4188 Joann.
2963 4141 3009 4200 4,

517 4227 604 4273 21.
631 4241 672 4274 s.
722 4224 838 4274 Act.
869 4228 948 4288 14,
980 4227 1059 4275 14.
1109 4225 1296 4276 Matth.
1323 4229 1372 4289 5,
1400 4229 1481 4276 45.
1531 4226 1649 4276 Act.
1677 4229 1724 4289 2,
1752 4228 1834 4276 32.
1862 4242 1903 4276 s.
1941 4229 1989 4289 4,
2018 4228 2099 4275 27.
2128 4243 2169 4276 s.
2213 4225 2401 4275 Matth.
2428 4227 2510 4288 28,
2542 4227 2587 4274 1.
2614 4241 2655 4274 s.
2694 4227 2744 4286 3,
2776 4228 2856 4275 16.
2896 4225 3009 4274 Act.

521 4313 569 4373 2,
597 4312 680 4360 37.
707 4328 748 4362 s.
791 4314 870 4372 10,
897 4313 980 4361 42.
1031 4313 1196 4362 Marc.
1225 4315 1270 4374 1,
1302 4315 1380 4363 15.
1429 4313 1626 4362 Joann.
1654 4314 1703 4374 5,
1731 4315 1813 4361 22.
1871 4313 1955 4362 Ad
1992 4328 2059 4362 ea
2094 4328 2231 4378 quae
2270 4318 2466 4363 eventu
2504 4313 2853 4378 comprobata
2888 4317 3013 4362 sunt

520 4398 718 4447 referre
743 4398 836 4447 illa
859 4413 1159 4464 possumus,
1195 4415 1332 4464 quae
1356 4400 1472 4449 Act.
1494 4403 1543 4461 ὅ,
1563 4402 1647 4450 40.
1670 4416 1713 4450 s.
1749 4399 1937 4450 Matth.
1960 4402 2041 4460 10,
2066 4403 2145 4448 17.
2166 4415 2207 4448 s.
2244 4401 2360 4449 Act.
2384 4403 2429 4462 7,
2452 4402 2535 4449 54.
2572 4400 2737 4448 Marc.
2761 4402 2842 4462 13,
2867 4403 2948 4450 13.
2968 4417 3008 4450 s.

523 4491 821 4536 narrantur.
877 4487 1158 4551 Agentium
1197 4487 1380 4537 eadem
1421 4488 1620 4553 ubique
1660 4490 1884 4552 apparet
1917 4485 2142 4536 indoles.
2191 4483 2307 4534 Act.
2343 4488 2391 4546 3,
2429 4487 2476 4534 6.
2510 4502 2550 4534 s.
2600 4485 2788 4535 Matth.
2818 4489 2899 4548 16,
2930 4489 3008 4535 16.

731 4575 820 4624 20.
881 4575 944 4626 D.
983 4575 1150 4626 Lucae
1202 4576 1258 4626 in
1304 4575 1558 4626 scribendo
1611 4575 1873 4642 diliyentia
1926 4573 2306 4625 commendatur.
2380 4571 2657 4621 Cernimus
2713 4571 2762 4620 d.
2806 4573 3008 4622 Lucam

521 4673 642 4708 mox
679 4661 964 4725 copiosius,
1002 4676 1124 4709 mox
1160 4661 1376 4710 brevius
1412 4675 1496 4709 res
1534 4665 1713 4726 gestas
1752 4660 2134 4722 delineantem3
2170 4663 2232 4707 ut
2268 4659 2403 4708 adeo
2440 4663 2626 4725 pateat
2653 4674 2773 4708 cum
2799 4659 3007 4709 delectu
