3267 5259
584 404 715 469 406
1326 416 1443 458 nint.
1470 416 1577 459 nov.
1606 415 1700 459 siv.
1729 415 1898 459 ron-10⁴1.
1927 415 1985 457 11.
2005 426 2102 467 ap.
2133 415 2332 467 prinum.

585 592 688 644 Tit.
725 595 773 656 3,
809 595 859 643 9.
896 592 1195 660 Ecquidem
1232 608 1352 643 cum
1388 593 1455 642 iis
1490 592 1748 655 facimus,
1787 594 1880 658 qui
1914 593 1966 643 h.
1989 592 2026 644 l.
2065 594 2278 645 nomine
2316 590 2712 662 ,,γενεαλογιῶν“
2749 592 3056 659 intellig-mitt

586 679 857 746 placita
892 694 1217 747 perversa
1253 679 1333 730 de
1369 679 1629 745 origine
1668 684 1730 729 et
1765 682 2202 731 emanatione
2237 686 2626 731 naturarum
2671 679 3056 730 coelestium.

588 765 793 816 001088.
819 768 867 828 2,
896 768 977 817 18.
1005 764 1085 815 Cf.
1112 764 1321 827 Diihne,
1348 768 1404 815 in
1431 764 1577 816 Stud.
1606 782 1658 815 ιι.
1685 766 1819 816 Krit.
1848 768 1998 817 1833.
2024 784 2076 833 p.
2106 769 2256 817 1008.
2283 766 2556 833 Mangold,
2584 766 2670 817 die
2692 766 2950 816 Irrlehrer
2977 766 3055 815 der

586 852 1015 903 Pastoralbriefe.
1058 852 1230 903 Marb.
1272 854 1423 903 1856.
1467 868 1519 919 p.
1560 854 1643 903 64.
1678 870 1720 903 8.
1783 853 1917 903 Cum
1961 854 2018 903 in
2063 854 2145 903 his
2194 853 2644 920 disputationibus
2681 852 3053 918 metaphysicis,

587 954 727 1007 quae
763 944 977 1007 captum
1014 940 1305 990 humanum
1340 939 1698 1001 excedebant,
1762 956 1916 991 suum
1971 942 2200 1007 quisque
2245 946 2558 1007 sequeretur
2609 940 2916 1002 arbitrium,
2965 956 3052 989 nou

584 1028 775 1079 mirum
811 1034 908 1089 est,
945 1027 1203 1079 maximas
1238 1026 1365 1077 inde
1402 1030 1545 1077 ortas
1583 1040 1702 1077 esse
1741 1026 2118 1077 altercationes
2151 1027 2216 1077 de
2241 1027 2649 1094 quaestionibus
2685 1042 2800 1077 non
2834 1041 3052 1077 necessa·

586 1114 693 1163 riis.
732 1114 774 1163 L
808 1114 943 1163 Tim.
982 1117 1028 1175 1,
1067 1115 1115 1163 4.
1152 1116 1201 1163 6.
1240 1115 1289 1175 6,
1326 1116 1375 1163 4.
1418 1113 1491 1163 Π.
1530 1116 1579 1176 2,
1615 1116 1699 1163 23.
1735 1115 1784 1176 4,
1823 1116 1872 1165 3.
1921 1115 2024 1163 Tit.
2059 1116 2109 1175 3,
2146 1117 2194 1164 9.
2239 1114 2418 1165 Mores
2455 1113 2602 1179 quod
2639 1114 2860 1177 attinet,
2895 1129 3050 1164 eorum

586 1200 886 1265 imaginem,
924 1206 986 1250 ut
1020 1200 1289 1250 hominum
1326 1200 1491 1250 variis
1516 1200 1810 1251 sceleribus
1835 1200 2226 1268 implicitorum,
2265 1206 2380 1251 atro
2406 1200 2642 1251 carbone
2668 1205 2837 1251 notat.
2871 1200 2912 1249 Ι.
2931 1200 3043 1249 Τίιιι.

590 1290 638 1349 1,
660 1289 709 1337 9.
736 1302 777 1337 s.
805 1302 853 1351 q.
880 1285 914 1336 l.
938 1286 1339 1353 hypocritarum
1363 1286 1465 1337 hoc
1488 1302 1660 1352 genus
1686 1288 1862 1338 animo
1888 1286 2146 1353 Apostolo
2173 1288 2586 1353 obversabatur3
2621 1290 2752 1339 item
2776 1292 2825 1352 6,
2849 1292 2898 1339 5.
2921 1288 2983 1338 Π.
3003 1291 3045 1345 3,

587 1374 635 1423 5.
654 1388 695 1422 8.
722 1373 827 1423 Tit.
850 1376 896 1436 1,
919 1376 1001 1424 10.
1024 1375 1105 1423 11.
1139 1374 1292 1435 Quae
1316 1374 1363 1423 si
1390 1373 1633 1423 conseras
1660 1390 1782 1425 cum
1807 1374 1890 1437 iis,
1918 1390 2058 1440 quae
2083 1374 2152 1424 ad
2173 1374 2378 1425 Coloss.
2405 1376 2452 1437 2,
2477 1377 2528 1425 8.
2553 1390 2596 1424 8.
2625 1381 2682 1426 et
2705 1375 2777 1425 ad
2799 1376 2983 1443 Ephes.
3006 1378 3046 1431 4,

589 1461 671 1509 14.
698 1460 747 1521 5,
774 1460 822 1509 6.
849 1464 905 1509 et
926 1461 1181 1525 imprimis
1207 1462 1255 1523 2,
1283 1462 1471 1511 8-22,
1496 1460 1762 1527 leguntur,
1801 1462 1940 1511 bene
1965 1460 2252 1511 cohaerere
2277 1466 2582 1512 cernuntur.
2611 1461 2722 1513 Sed
2745 1478 2886 1512 nune
2909 1464 3050 1512 oritur

589 1546 833 1612 quaestio
871 1544 1201 1609 difficillima,
1241 1552 1295 1597 et
1331 1547 1399 1597 ob
1436 1549 1716 1613 penuriam
1760 1549 2202 1599 monimentorum
2247 1550 2398 1599 istius
2436 1550 2628 1599 aetatis
2667 1551 2758 1599 vix
2803 1550 3048 1609 solvenda,

589 1647 713 1698 quo
762 1634 1023 1683 nomine
1071 1634 1192 1682 isti
1230 1634 1605 1685 delirantes
1643 1634 2058 1703 insigniendi
2095 1636 2268 1685 sint?
2326 1634 2405 1685 Re
2459 1636 2598 1685 bene
2653 1650 2916 1703 perpensa
2961 1637 3046 1686 hoc

589 1720 817 1785 primum
852 1734 1155 1783 monemus,
1202 1735 1312 1771 non
1346 1720 1485 1772 adeo
1522 1720 1729 1787 liquida
1765 1727 2014 1773 constare
2049 1722 2230 1773 omnia
2263 1722 2384 1785 illa,
2432 1737 2572 1789 quae
2609 1725 2962 1790 congessimus
2993 1724 3048 1773 ab

591 1806 837 1856 omnibus
873 1806 1389 1873 pseudodoctoribus
1426 1822 1617 1873 sparsa
1652 1809 1834 1859 fuisse.
1871 1808 1947 1859 Ut
1981 1808 2120 1859 solet
2154 1808 2416 1870 accidere,
2455 1825 2575 1859 cum
2613 1825 2790 1860 novae
2817 1810 3050 1877 quaedam

591 1893 866 1943 doctrinae
902 1893 1139 1944 fautores
1176 1895 1587 1959 nanciscuntur,
1624 1896 1778 1946 novis
1816 1894 1936 1946 aliis
1973 1909 2155 1945 rursus
2193 1900 2366 1945 ortum
2403 1896 2556 1959 dent,
2607 1912 2750 1963 quae
2784 1900 2942 1963 mag-is
2974 1902 3052 1945 aut

588 1981 763 2031 minus
798 1981 937 2031 inter
981 1996 1041 2031 se
1078 1980 1445 2047 discrepantes
1492 1982 1854 2047 reperiuntur;
1915 1982 1993 2031 ita
2040 1987 2094 2032 et
2137 1996 2346 2033 errores
2391 1998 2528 2048 quos
2572 1983 2631 2032 in
2675 1990 2850 2035 mente
2891 1984 3052 2033 habuit

589 2066 879 2133 Apostolus
948 2068 1151 2117 variam
1216 2073 1466 2133 putamus
1520 2084 1619 2135 pro
1675 2068 1915 2118 locorum
1969 2074 2024 2119 et
2075 2083 2425 2135 personarum
2478 2068 2792 2121 diversitate
2843 2070 3048 2121 induisse

588 2155 837 2220 speciem.
873 2154 1201 2205 Essenornm
1236 2155 1468 2220 vestigia
1502 2156 1555 2204 in
1592 2156 1816 2205 istorum
1860 2154 2346 2222 pseudodoctorum
2391 2155 2638 2207 doctrina
2675 2162 2730 2207 et
2777 2158 3050 2223 disciplina,

588 2240 769 2291 multis
804 2241 1035 2306 probare
1072 2240 1275 2291 studuit
1310 2240 1606 2304 Michaelis,
1645 2242 1786 2295 Einl.
1815 2242 1884 2305 11,
1927 2244 2078 2293 1050.
2103 2256 2146 2291 8.
2209 2242 2316 2293 Sed
2350 2242 2478 2293 huie.
2515 2244 2842 2307 sententiae,
2876 2250 2932 2294 ut
2961 2244 3052 2293 slis

589 2327 911 2393 linquamus,
950 2332 1228 2395 repugnat,
1266 2326 1409 2394 quod
1446 2328 1501 2377 in
1538 2329 1764 2379 urbibus
1799 2330 2090 2381 maioribus
2115 2344 2374 2396 sequaces
2401 2332 2758 2395 acquirerent.
2797 2330 3050 2382 Gnostieos

590 2413 711 2464 coll.
733 2415 775 2463 1.
803 2416 938 2466 Tim.
967 2416 1015 2477 6,
1042 2417 1125 2465 20.
1162 2421 1408 2481 spectare
1442 2414 1686 2465 nonnulli
1723 2420 1995 2482 putarunt.
2041 2416 2106 2466 Ε.
2145 2432 2196 2482 g.
2233 2416 2546 2481 Mayerhoff,
2583 2416 2680 2467 der
2714 2418 2863 2468 Brief
2889 2431 2953 2468 an
2982 2417 3051 2465 die

591 2500 842 2552 Colosser
882 2502 979 2552 mit
1017 2502 1441 2553 vornehmlicher
1482 2502 2002 2569 Berflcltsichtigung
2043 2502 2138 2554 der
2174 2503 2594 2555 Pastoralbriefe
2636 2505 2718 2555 kr.
2756 2520 2900 2571 gepr.
2931 2504 3052 2554 Berl.

595 2590 745 2639 1838.
782 2589 871 2639 Fr.
900 2588 962 2639 G.
991 2588 1221 2652 Ginella,
1260 2589 1324 2639 de
1350 2588 1629 2639 authentia
1653 2590 1997 2655 epistolarum
2035 2606 2076 2641 s.
2102 2589 2262 2640 Pauli
2284 2590 2661 2641 Pastoralium.
2686 2592 2898 2642 Vratisl.
2923 2594 3054 2643 1865.

530 2736 537 2744 ι
598 2690 649 2740 p.
680 2677 795 2726 161.
833 2676 903 2726 At
936 2691 1207 2737 veremur,
1262 2692 1329 2725 ne
1364 2676 1410 2724 si
1449 2676 1567 2741 quis
1604 2676 1872 2726 existimet
1915 2675 2183 2739 haereses,
2231 2677 2418 2743 quales
2467 2677 2660 2728 deinde
2697 2686 3054 2745 apparuerunt,

590 2762 965 2827 Apostolorum
1001 2764 1108 2813 iam
1147 2778 1279 2812 aevo
1318 2763 1602 2825 exstitisse,
1641 2762 1976 2813 contradicat
2011 2762 2263 2814 historiis.
2313 2764 2376 2813 V.
2409 2764 2634 2815 Eusebii
2660 2764 2730 2815 H.
2757 2766 2822 2816 Ε.
2857 2766 2949 2825 ΠΙ,
2984 2766 3054 2814 32.

590 2865 642 2914 p.
672 2852 785 2900 104.
836 2848 1077 2901 Judaeos
1112 2850 1277 2900 fuisse
1311 2849 1680 2900 recentissime
1715 2850 1982 2900 subtiliter
2019 2850 2396 2916 propugnabat
2439 2850 2597 2911 Otto,
2635 2852 2670 2901 1.
2705 2868 2752 2902 c.
2797 2869 2846 2918 p.
2884 2854 2990 2903 113.
3019 2866 3056 2899 s.

595 2936 710 2986 138.
738 2952 778 2985 8.
814 2936 1011 3001 Negari
1048 2950 1179 2987 sane
1214 2952 1323 2988 non
1358 2942 1538 3003 potest
1574 2952 1692 2988 esse
1729 2939 1900 3003 primo
1938 2938 2154 2999 obtutu,
2195 2951 2334 3002 quae
2369 2936 2512 2987 hanc
2547 2940 2853 3003 opinionem
2888 2954 3054 3005 sugge-

592 3028 727 3073 rant.
766 3023 965 3073 Verum
999 3039 1068 3074 ne
1106 3026 1399 3089 suspicioni
1435 3024 1559 3090 plus
1596 3024 1865 3075 tribuatur
1901 3040 2061 3091 quam
2096 3025 2326 3087 veritati,
2366 3024 2762 3075 observandum
2787 3030 2892 3089 est3
2925 3028 2966 3076 si
2989 3024 3056 3074 illi

592 3109 830 3160 homines
876 3110 1103 3161 fuissent
1143 3110 1339 3161 Judaei
1355 3148 1368 3172 ,
1420 3111 1487 3160 ad
1534 3125 1694 3161 sacra
1747 3111 2040 3163 christiana
2085 3111 2320 3161 nondum
2365 3114 2636 3175 conversi,
2687 3116 2781 3179 qui
2827 3112 3054 3163 Ethnico·

592 3196 907 3247 christianos
954 3197 1023 3247 ad
1068 3198 1395 3263 apostasiam
1442 3197 1701 3248 seducere
1747 3198 1974 3261 vellent,
2035 3198 2195 3263 longe
2241 3198 2396 3249 aliter
2441 3205 2846 3265 argumentatus
2889 3200 3058 3249 fuisset

592 3282 645 3333 S.
671 3284 889 3335 Paulus.
926 3284 1083 3335 Licet
1116 3286 1276 3335 etiam
1302 3300 1421 3335 cum
1445 3284 1814 3349 RheinwaldO,
1853 3285 1918 3335 de
1942 3284 2468 3336 Pseudodoctoribus
2493 3284 2702 3337 001088.
2727 3286 2897 3337 Bonn.
2925 3286 3056 3335 1834.

594 3388 643 3437 p.
672 3372 720 3420 9.
760 3385 1017 3436 quaerere
1054 3371 1320 3437 quomodo
1360 3373 1481 3438 quis
1517 3371 1784 3422 affirmare
1821 3378 2028 3437 pergat,
2067 3386 2165 3423 nos
2200 3374 2318 3438 ipso
2343 3372 2513 3423 Paulo
2541 3372 2733 3423 melius
2758 3386 3058 3440 cognoscere

591 3457 760 3508 malos
796 3459 927 3508 istos
964 3458 1235 3523 doctores3
1297 3459 1432 3509 adeo
1478 3464 1537 3509 ut
1573 3474 1666 3509 eos
1703 3460 1816 3509 iure
1851 3458 2092 3509 Judaeos
2129 3474 2411 3520 vocemus,
2459 3475 2581 3509 cum
2627 3462 2744 3526 ipse
2791 3459 3058 3526 Apostolus

592 3544 695 3593 hoc
732 3543 849 3593 fieri
884 3560 991 3595 non
1028 3546 1244 3596 iubeat?
1280 3544 1385 3596 Sed
1422 3562 1491 3595 ne
1528 3546 1728 3597 diutius
1765 3547 1822 3595 in
1858 3545 1959 3596 hac
1995 3546 2310 3612 quaestione
2345 3547 2508 3596 variis
2553 3546 2839 3598 nobilitata
2879 3546 3058 3611 disqui-

592 3632 874 3682 sitionibus
910 3658 977 3669 -
1015 3630 1073 3681 0.
1102 3631 1301 3695 Streso,
1326 3632 1507 3683 medit.
1533 3634 1589 3682 in
1612 3633 1673 3683 P.
1699 3632 1798 3698 Ap.
1827 3648 1909 3698 ep.
1935 3632 2006 3683 ad
2031 3631 2236 3683 001088.
2261 3648 2358 3699 per
2381 3648 2516 3698 quas
2541 3634 2866 3695 seductores,
2893 3638 3059 3683 contra

591 3732 725 3783 quos
760 3734 842 3783 ep.
878 3717 1086 3769 directa
1109 3724 1207 3782 est,
1245 3719 1583 3785 deteguntur.
1620 3718 1786 3769 Amst.
1818 3721 1964 3770 1708.
1992 3736 2035 3769 s.
2070 3719 2122 3770 J.
2147 3720 2221 3768 M.
2247 3719 2418 3785 Lang,
2453 3720 2598 3771 Diss.
2625 3720 2693 3770 de
2718 3721 2987 3786 genealog.
3007 3721 3056 3767 in

591 3806 747 3856 Thes.
774 3805 902 3871 phil.
937 3822 989 3871 p.
1016 3808 1134 3856 633.
1176 3806 1238 3855 F.
1273 3806 1499 3867 Buddei,
1538 3806 1667 3856 eccl.
1707 3821 1794 3872 ap.
1820 3822 1866 3856 c.
1893 3808 1938 3856 5.
1979 3823 2030 3871 p.
2056 3806 2174 3855 297.
2201 3820 2242 3855 8.
2277 3805 2332 3857 J.
2357 3805 2418 3855 Γ.
2443 3806 2607 3869 Platt,
2649 3807 2780 3858 Obs.
2805 3808 2874 3857 ad
2897 3804 3061 3872 ep..ad

592 3892 799 3943 Coloss.
826 3894 1017 3959 pertin.
1042 3892 1085 3942 Ι.
1111 3892 1183 3943 11.
1210 3895 1265 3943 in
1291 3910 1377 3960 op.
1405 3893 1549 3945 Gott.
1578 3894 1730 3944 1826.
1767 3910 1818 3960 p.
1845 3896 1963 3944 491.
1990 3910 2034 3943 8.
2071 3894 2213 3959 Bag,
2241 3893 2381 3943 Einl.
2407 3894 2478 3955 Π,
2504 3896 2623 3943 427.
2652 3910 2696 3945 s.
2732 3895 2784 3946 J.
2811 3894 2876 3943 Η.
2899 3894 3060 3943 Kiste·

590 3980 791 4041 maker‚
830 3978 1086 4030 Sendsch.
1114 3980 1165 4029 d.
1191 3980 1290 4044 Ap.
1316 3980 1515 4031 Mflnst.
1542 3982 1694 4031 1822.
1719 3981 1762 4043 1,
1789 3981 1906 4031 567.
1935 3996 1976 4031 8.
2013 3978 2075 4031 G.
2101 3978 2348 4041 Bbhmer,
2383 3980 2612 4046 Isagoge
2637 3982 2695 4031 in
2720 3996 2804 4045 ep.
2839 3996 2874 4030 a
2904 3978 3060 4030 Paulo

588 4068 691 4133 Ap.
728 4067 800 4117 ad
834 4066 1040 4117 Coloss.
1068 4066 1175 4117 dat.
1200 4066 1376 4117 Berol.
1410 4070 1557 4118 1829.
1591 4085 1646 4134 p.
1671 4070 1754 4118 56.
1781 4084 1824 4118 8.
1857 4066 1946 4117 Fr.
1970 4066 2198 4128 Junker,
2234 4067 2286 4118 h.
2313 4066 2392 4116 kr.
2421 4066 2624 4117 Comm.
2651 4073 2703 4119 ῠ..
2731 4068 2781 4118 d.
2807 4068 2890 4118 Br.
2913 4065 3056 4117 Pauli

592 4168 641 4203 a.
668 4154 719 4203 d.
746 4153 951 4204 001088.
976 4153 1195 4203 Mannh.
1224 4156 1375 4204 1828.
1414 4171 1465 4219 p.
1490 4156 1574 4205 43.
1601 4172 1642 4206 8.
1679 4154 2173 4219 Schnekenburger,
2213 4168 2336 4219 app.
2371 4154 2439 4203 ad
2473 4153 2524 4203 h.
2563 4154 2596 4204 1.
2631 4159 2685 4205 ii.
2722 4155 2774 4204 d.
2809 4155 2947 4204 Alter
2975 4152 3062 4201 der

592 4240 701 4290 iud.
739 4240 1221 4305 Proselytentaufe.
1256 4240 1441 4290 Berlin
1469 4241 1619 4291 1828.
1657 4258 1710 4307 p.
1736 4242 1854 4291 213.
1880 4258 1922 4291 8.
1957 4242 2014 4290 in
2037 4241 2176 4291 Ann.
2203 4238 2352 4290 Stud.
2379 4256 2429 4289 ιι.
2457 4241 2592 4291 Krit.
2631 4242 2782 4292 1832.
2813 4258 2864 4307 p.
2887 4242 2997 4291 841.
3021 4254 3058 4285 8.

592 4326 855 4390 Neander,
882 4326 1075 4378 Gesch.
1102 4327 1151 4376 d.
1178 4328 1274 4377 Pfl.
1299 4344 1351 4378 u.
1378 4328 1513 4377 Leit.
1540 4328 1591 4377 d.
1618 4328 1728 4377 chr.
1753 4328 1967 4378 Kirche.
2005 4328 2085 4377 ed.
2112 4327 2182 4376 Π.
2209 4328 2402 4377 Hamb.
2431 4329 2583 4379 1841.
2612 4328 2657 4389 1,
2685 4329 2801 4379 438.
2827 4344 2868 4376 8.
2891 4328 3001 4377 469.
3021 4340 3058 4373 ει.

593 4412 889 4480 Scharling,
928 4414 993 4465 de
1019 4414 1189 4464 Paulo
1213 4414 1313 4480 Ap.
1341 4416 1508 4481 eiusq.
1536 4415 1745 4465 advers.
1783 4432 1834 4480 p.
1866 4416 1980 4465 161.
2007 4429 2048 4464 8.
2087 4414 2149 4463 A.
2177 4414 2495 4481 Wiesinger,
2525 4413 2577 4464 d.
2600 4414 2692 4464 Br.
2719 4414 2771 4465 d.
2794 4415 2889 4480 Ap.
2913 4413 2968 4461 P.
2995 4425 3056 4459 an

592 4500 697 4549 Tit.
722 4500 855 4550 Tim.
882 4501 1019 4551 Κδιι.
1050 4503 1200 4551 1850.
1234 4518 1285 4567 p.
1316 4503 1431 4551 160.
1458 4516 1499 4550 8.
1534 4500 1758 4565 Huther,
1795 4500 1884 4551 die
1907 4502 1996 4551 Bt.
2023 4516 2094 4551 an
2119 4502 2252 4551 Tim.
2279 4516 2332 4549 u.
2358 4500 2462 4550 Tit.
2491 4500 2636 4551 Gott.
2667 4502 2816 4552 1859.
2849 4517 2898 4566 p.
2921 4500 3001 4549 52.
3019 4511 3060 4545 8.

590 4586 859 4651 Myrberg,
896 4602 1081 4637 comm.
1116 4588 1172 4637 in
1198 4602 1281 4652 ep.
1305 4586 1429 4638 Joh.
1456 4604 1534 4653 pr.
1564 4587 1693 4653 Ups.
1723 4589 1872 4638 1859.
1904 4604 1954 4653 p.
1983 4590 2030 4639 8.
2057 4602 2098 4637 s.
2125 4616 2192 4625 —
2229 4602 2509 4652 moremur,
2547 4604 2648 4639 nos
2685 4588 2814 4639 istos
2847 4584 3058 4653 pseudo·
