3267 5259
590 416 721 483 416
1320 430 1435 472 Hist.
1466 432 1571 473 Rev.
1600 429 1689 473 (liv.
1719 429 1888 473 Period.
1919 430 1974 474 11.
1999 443 2095 485 esp.
2123 430 2320 483 primum.

592 606 673 669 tis
698 608 715 648 ¹
755 626 1171 691 nequaquam
1202 603 1529 687 destituto,
1552 604 1951 671 vividissimo
1986 607 2542 691 praestantissimo
2575 628 2657 671 ac
2685 606 2814 692 piis
2844 606 3072 671 affecti·'

591 715 715 781 bus
746 720 1029 781 animato
1051 718 1095 781 ².
1130 716 1435 803 Denique
1466 738 1862 803 quamquam
1893 740 2026 784 non
2060 741 2285 784 omnes
2315 728 2612 805 tempore
2635 720 3062 804 praecesserit,

592 831 870 915 primum
914 828 1133 893 locum
1176 828 1341 894 haec
1390 828 1666 915 epistola
1709 831 1878 896 inter
1921 830 2106 895 Pauli
2169 834 2412 917 scripta
2465 831 2766 895 obtinuit.
2842 829 3063 894 Datum

544 1004 555 1015 ,
594 951 693 1007 est
736 941 803 1006 id
854 941 1151 1027 dignitati
1202 940 1546 1008 Ecclesiae
1603 942 1940 1009 Romanae
1961 946 2006 1027 3,
2055 953 2120 1008 et
2162 944 2528 1029 argumenti
2580 942 3008 1009 excellentiae
3027 948 3060 1006 ⁴.

803 1136 1067 1204 DiqreuiO,
1106 1136 1165 1187 ἀι
1188 1135 1379 1203 oriyim
1397 1137 1591 1205 peccati
1610 1154 1669 1187 ea·
1691 1138 1834 1189 Rom.
1864 1138 1916 1198 5,
1941 1138 2158 1186 122-14.
2209 1134 2430 1186 Confert
2453 1152 2506 1185 u.
2531 1152 2581 1186 v.
2609 1136 2822 1186 Doctor
2855 1136 3064 1201 gentium

592 1222 824 1271 iustitiae
863 1227 1023 1288 atque
1059 1222 1265 1287 peccati
1292 1221 1482 1284 fontes,
1509 1227 1986 1289 argumentumque
2022 1238 2177 1273 suum
2213 1223 2464 1289 proponit
2497 1228 2716 1273 ostensa
2741 1222 3060 1272 similitudine

593 1310 957 1374 oppositorum
983 1311 1033 1370 ὅ,
1062 1311 1141 1357 12.
1168 1310 1539 1373 Propterea
1563 1310 1742 1360 sicut
1764 1325 1879 1375 per
1905 1338 1966 1348 --
1995 1325 2164 1360 causa
2187 1339 2252 1347 —
2277 1326 2472 1360 unum
2497 1309 2829 1359 hominem
2853 1336 2913 1346 -
2939 1308 3058 1358 Ada-

594 1411 737 1445 mum
760 1400 1034 1461 parentem
1072 1400 1309 1445 nostrum
1334 1424 1401 1432 —
1428 1403 1768 1463 peccatum
1806 1425 1870 1433 -—
1909 1395 1938 1461 ἡ
1965 1392 2180 1465 ἁμαρτία
2213 1398 2428 1447 exhibet
2461 1396 2858 1463 προσωποποιῶς
2883 1400 3060 1446 certum

592 1483 781 1548 suique
806 1483 1031 1531 nominis
1058 1488 1354 1547 peccatum,
1388 1482 1627 1549 illudque
1662 1486 1720 1533 in
1755 1488 2038 1550 peccatore
2072 1485 2188 1550 ipso
2227 1500 2337 1534 non
2371 1485 2578 1546 sistens,
2613 1483 2711 1535 sed
2735 1498 2896 1549 porro
2919 1482 3061 1532 ‹lima-

596 1583 731 1618 nans
760 1596 825 1604 —
852 1570 917 1618 in
941 1567 1110 1619 hunc
1144 1568 1449 1620 mundum
1474 1571 1758 1619 intravit
1781 1598 1846 1607 —
1872 1570 1923 1619 h.
1955 1587 2000 1620 e.
2025 1576 2086 1620 ut
2108 1572 2224 1636 ipse
2249 1570 2452 1621 Paulus
2478 1570 2712 1635 explicat
2735 1570 2792 1619 in
2817 1585 3062 1619 omnes—

592 1662 659 1705 et
701 1672 823 1721 per
858 1662 1203 1721 peccatum
1234 1673 1403 1708 mors
1434 1686 1501 1695 -—
1532 1658 1721 1707 eadem
1749 1660 1954 1707 ratione
1983 1672 2092 1723 qua
2117 1662 2398 1723 peccatum
2423 1685 2513 1719 —,
2551 1663 2618 1707 et
2649 1658 2748 1706 ita
2771 1684 2840 1693 -
2871 1656 3061 1706 modum

592 1740 757 1805 effert,
778 1758 883 1807 quo
910 1759 1049 1793 mors
1074 1749 1135 1793 ut
1159 1743 1379 1795 effectus
1404 1744 1503 1808 etii
1526 1740 1740 1812 ἁμαρτία
1758 1746 1838 1795 uti
1863 1758 2028 1795 causa
2053 1744 2122 1795 ad
2148 1760 2332 1795 omnes
2357 1745 2666 1809 pertransiit
2683 1772 2752 1781 —
2779 1746 2844 1793 in
2869 1758 3061 1793 omnes

590 1828 882 1879 homines
909 1846 1075 1881 mors
1102 1833 1503 1896 pertransiit
1527 1832 1591 1881 in
1616 1847 1740 1897 quo
1767 1846 1983 1881 omnes
2009 1837 2478 1897 peccaverunt.
2503 1831 2650 1881 Mors
2674 1830 2878 1880 idcirco
2901 1844 3060 1879 omnes

591 1917 816 1980 perimit,
852 1916 981 1982 quia
1012 1932 1167 1967 nemo
1192 1924 1275 1969 est
1298 1919 1434 1969 liber
1457 1934 1491 1969 a
1516 1919 1693 1984 culpa,
1733 1918 1828 1969 sed
1861 1918 2096 1969 universi
2121 1917 2374 1969 mortales
2398 1922 2623 1984 peccato
2649 1918 2918 1982 inquinati
2941 1918 3059 1966 eius-

592 2003 711 2053 dem
736 2008 861 2053 sunt
885 2004 1101 2055 sceleris
1128 2020 1247 2055 cum
1274 2008 1442 2071 primo
1468 2012 1690 2071 parente
1713 2006 2031 2071 participes3
2059 2006 2190 2071 quia
2211 1995 2369 2072 „39”sp
2391 2000 2562 2062 πάντες
2583 2001 2862 2071 ἦμαρτον.“
2885 2003 3060 2053 Verum

593 2090 723 2154 quid
760 2092 974 2156 proprie
1000 2091 1198 2141 referat
1221 2092 1503 2142 relativum
1540 2090 1615 2159 ἐφ’
1643 2084 1704 2159 ᾧ,
1743 2092 2018 2158 disputant
2040 2092 2372 2157 interpretes.
2407 2090 2630 2141 Attenta
2653 2092 2914 2141 orationis
2937 2090 3054 2139 serie

590 2190 813 2227 necesse
840 2182 922 2227 est
946 2177 1143 2229 referre
1171 2178 1259 2228 vel
1294 2178 1365 2229 ad
1388 2194 1439 2228 v·
1465 2179 1654 2242 Adam,
1679 2184 1774 2229 aut
1798 2195 1848 2228 v.
1875 2173 2104 2245 ἁμαρτία,
2127 2177 2216 2227 vel
2239 2194 2290 2227 v.
2315 2173 2532 2236 θάνατος.
2573 2177 2683 2227 Sed
2707 2178 2780 2227 ad
2803 2181 3058 2242 peccatum

590 2264 773 2314 referri
808 2280 917 2316 non
953 2270 1157 2330 potest,
1195 2280 1315 2315 cum
1353 2268 1423 2317 sit
1456 2267 1668 2331 generis
1705 2266 1969 2326 feminini;
2030 2280 2130 2316 nec
2167 2265 2238 2315 ad
2271 2270 2507 2315 mortem.
2569 2265 2728 2314 Licet
2765 2266 2902 2313 enim
2935 2276 3058 2312 mors

587 2351 644 2400 in
689 2365 884 2415 graeco
928 2352 1001 2402 sit
1044 2353 1254 2417 generis
1302 2353 1609 2415 masculini3
1661 2358 1841 2403 tamen
1887 2357 2116 2413 certum,
2173 2357 2256 2403 est
2307 2366 2416 2402 non
2462 2366 2692 2417 peccare
2739 2350 2972 2401 homines
3009 2350 3056 2397 in

588 2444 757 2489 morte
794 2439 889 2489 sed
922 2440 980 2489 in
1015 2445 1257 2505 peccato,
1296 2445 1349 2489 et
1383 2445 1601 2506 propter
1635 2444 1916 2506 peccatum
1953 2441 2116 2503 mori3
2153 2444 2316 2504 atque
2351 2439 2428 2489 ita
2463 2438 2812 2504 relinquitur,
2849 2444 2908 2487 ut
2939 2436 3054 2485 refe-

590 2540 767 2576 ramus
804 2526 873 2576 ad
908 2526 1187 2577 Adamum.
1248 2527 1479 2577 Proinde
1517 2526 1726 2577 (luobus
1762 2527 1944 2577 incisis
1981 2528 2032 2588 5,
2061 2528 2143 2576 12.
2183 2540 2292 2576 una
2326 2524 2622 2591 eademque
2659 2526 2938 2585 sententia,
2969 2520 3052 2571 sed

588 2613 803 2663 inversa
837 2614 1043 2663 ratione
1080 2614 1404 2679 exprimitur.
1467 2614 1799 2664 Probaturus
1836 2618 2014 2663 autem
2051 2612 2340 2679 Apostolus
2377 2613 2534 2678 primi
2571 2612 2812 2678 parentis
2850 2614 3052 2676 peccate

587 2700 865 2751 universos
910 2700 1151 2751 homines
1197 2702 1355 2751 morti
1401 2716 1519 2751 esse
1565 2701 1851 2762 obnoxios,
1911 2716 1963 2750 v,
2004 2702 2086 2751 13.
2133 2701 2296 2751 sumit
2337 2699 2418 2762 id,
2479 2698 2624 2765 quod
2675 2712 2872 2765 negare
2915 2712 3050 2746 nemo

587 2792 824 2851 poterat:
862 2792 986 2837 ante
1022 2788 1223 2853 Legem
1259 2789 1461 2853 Moysis
1498 2778 1664 2838 fuisse
1699 2787 1970 2839 hominum
2005 2788 2236 2854 plurima
2271 2802 2442 2853 eaque
2477 2787 2802 2853 gravissima
2833 2784 3051 2843 seelera;

588 2888 697 2923 non
732 2878 910 2923 tamen
958 2875 1027 2924 ob
1076 2874 1172 2925 illa
1217 2875 1383 2925 fuisse
1430 2890 1750 2940 quemquam
1795 2880 1966 2926 morte
2013 2874 2349 2936 mulctatum,
2409 2872 2848 2939 quandoquidem
2891 2871 3054 2921 divim

588 2962 906 3010 auctoritate
944 2962 1158 3013 nonnisi
1192 2962 1339 3027 Lege
1376 2962 1579 3027 Moysis
1614 2966 1838 3028 peccato
1877 2976 2054 3027 poena
2089 2962 2270 3011 mortis
2307 2960 2578 3025 infligitur.
2639 2960 2712 3010 At
2746 2961 2903 3009 etiam
2937 2962 3046 3006 ante

586 3047 811 3113 Legem,
852 3062 1034 3099 omnes
1072 3048 1284 3099 omnino
1320 3048 1561 3099 homines
1598 3064 1668 3099 ne
1702 3048 1808 3099 illis
1847 3048 2062 3114 quidem
2095 3048 2390 3097 infantibus
2427 3046 2689 3109 exclusis,
2729 3048 2820 3111 qui
2853 3044 3050 3111 proptia

586 3136 798 3184 actione
823 3150 1049 3200 peccare
1074 3151 1183 3186 non
1209 3141 1470 3202 poterant,
1507 3137 1543 3185 i.
1570 3150 1615 3185 e.
1655 3135 1854 3185 actuali
1889 3135 2365 3201 praevaricatione,
2405 3133 2644 3199 quotidie
2681 3132 3054 3184 moriebantur:

586 3237 805 3273 necesse
840 3223 1003 3287 igitur
1038 3228 1179 3283 erat,
1228 3238 1559 3273 communem
1596 3223 1830 3287 aliquam
1869 3238 1987 3274 esse
2023 3236 2246 3283 noxam,
2291 3222 2380 3271 cui
2423 3235 2568 3271 mors
2603 3226 2862 3286 tanquam
2893 3230 3052 3285 poena

586 3484 877 3549 loquemur.
916 3484 979 3534 V.
1004 3484 1039 3534 i.
1064 3484 1127 3536 A.
1154 3484 1225 3534 M.
1251 3484 1471 3536 Snouck
1498 3486 1800 3551 Hurgonse‚
1837 3500 1982 3551 spec.
2008 3485 2170 3535 herm.
2195 3484 2269 3534 th.
2306 3483 2374 3534 de
2405 3484 2762 3534 membrorum
2798 3481 3053 3533 concinni-

585 3576 695 3621 tate
730 3570 785 3620 in
821 3570 981 3621 Pauli
1016 3571 1085 3622 ad
1112 3572 1261 3623 Rom.
1287 3588 1369 3638 ep.
1395 3572 1540 3623 Trai.
1568 3572 1636 3622 ed
1659 3571 1760 3623 Rh.
1789 3573 1940 3623 1837.
1978 3588 2030 3637 p.
2061 3574 2140 3622 10.
2166 3588 2208 3622 s.

797 3658 833 3723 ¹)
874 3658 979 3708 Ubi
1026 3674 1112 3709 res
1158 3660 1237 3709 ita
1280 3658 1588 3725 postulavit.
1663 3656 1703 3723 ²)
1740 3659 2031 3725 Linguam,
2093 3673 2202 3724 qua
2253 3659 2311 3708 in
2351 3658 2453 3708 hac
2509 3657 2738 3723 epistola
2789 3654 3058 3707 scribenda

583 3744 783 3795 Paulus
820 3760 950 3797 usus
988 3752 1069 3797 est
1104 3761 1353 3812 graecam
1386 3746 1578 3809 fuisse,
1617 3745 1777 3796 hodie
1815 3760 1997 3797 omnes
2033 3745 2286 3795 fatentur.
2339 3745 2400 3794 A.
2439 3742 2744 3805 Salmerom
2783 3743 3058 3810 prolegom.

583 3832 801 3882 XXXV.
828 3831 870 3894 1,
897 3835 1014 3883 433.
1043 3839 1097 3883 et
1118 3834 1171 3883 J.
1198 3833 1527 3895 Harduinus,
1554 3848 1740 3883 comm.
1765 3833 1822 3882 in
1849 3834 1912 3884 N.
1938 3834 2000 3882 Τ.
2036 3850 2090 3898 p.
2116 3834 2236 3883 430.
2273 3832 2438 3882 latine
2463 3834 2720 3897 scriptam
2744 3832 2906 3882 fuisse
2928 3829 3058 3877 hanc

584 3918 865 3985 epistolam
903 3920 1308 3970 contenderunt.
1367 3920 1559 3971 Merito
1598 3920 1880 3971 Cornelius
1918 3934 1953 3969 a
1987 3918 2219 3985 Lapide,
2259 3918 2458 3969 Comm.
2495 3920 2554 3967 in
2589 3934 2676 3983 ep.
2713 3918 2764 3967 d.
2799 3916 2950 3967 Pauli
2981 3913 3059 3964 ed.

581 4006 739 4055 AntV.
783 4007 931 4071 1665.
978 4024 1031 4069 p.
1069 4008 1151 4057 26.
1200 4006 1341 4057 hanc
1382 4007 1704 4058 sententiam
1751 4006 1925 4057 reiicit
1971 4022 2036 4057 ex
2081 4006 2404 4071 argumentis
2451 4006 2678 4055 internis
2723 4010 2779 4054 et
2821 4002 3058 4053 externis.

584 4092 625 4157 ³)
664 4093 739 4143 Ut
775 4108 841 4143 ex
865 4094 925 4142 P.
950 4093 1011 4143 P.
1050 4093 1364 4144 testimoniis
1402 4094 1635 4145 confecit
1671 4092 2003 4145 acatholicus
2039 4093 2090 4143 J.
2115 4092 2185 4142 H.
2211 4092 2404 4154 Maius,
2439 4091 2498 4141 in
2533 4093 2780 4143 examine
2817 4089 3058 4141 historiae

582 4180 801 4230 criticae
836 4180 901 4229 N.
932 4180 995 4229 Τ.
1030 4180 1093 4229 R.
1128 4178 1375 4243 Simonis,
1414 4180 1586 4231 Giess.
1614 4182 1766 4231 1074.
1803 4197 1855 4246 p.
1885 4183 2000 4231 175.
2072 4178 2113 4245 ⁴)
2151 4180 2302 4241 Quae
2339 4194 2458 4229 cum
2495 4179 2564 4228 de
2599 4179 2902 4245 praecipuis
2941 4173 3059 4223 fidei

582 4266 820 4317 articulis
856 4267 935 4317 ita
969 4271 1119 4332 agat,
1166 4271 1227 4316 ut
1261 4268 1545 4318 universae
1591 4267 1918 4331 Theologiae
1965 4268 2118 4331 quasi
2163 4264 2450 4316 medullam
2496 4267 2770 4316 contineat
2809 4280 2914 4314 non
2947 4262 3058 4309 sine

582 4368 749 4403 causa
784 4353 1172 4404 catechismi
1208 4354 1421 4404 nomine
1446 4354 1766 4420 quibusdam
1791 4353 2109 4419 adpellatur.
2157 4354 2404 4404 Disertus
2429 4358 2513 4403 est
2537 4352 2591 4402 S.
2617 4353 2958 4418 Augustinus,
2995 4346 3060 4394 de

580 4440 771 4505 spiritu
807 4445 861 4490 et
894 4440 1072 4503 litera,
1120 4456 1165 4491 c.
1206 4443 1251 4491 7.
1290 4458 1332 4491 s.
1367 4442 1427 4491 in
1462 4441 1780 4492 excellentia
1813 4440 1971 4491 huius
2009 4440 2272 4506 epistolae
2307 4438 2584 4490 laudanda
2605 4440 2675 4502 X,
2700 4440 2784 4490 91.
2819 4454 2890 4489 ιτ
2925 4448 3060 4501 quae

584 4525 803 4591 „fatiget
838 4526 1053 4593 quidem
1088 4527 1313 4594 legentis
1350 4529 1723 4591 intentionem,
1772 4527 1868 4577 sed
1911 4532 2091 4578 tamen
2133 4527 2453 4593 fatigatione
2489 4526 2609 4576 utili
2645 4531 2702 4576 et
2733 4525 2954 4583 salubri,
3005 4524 3064 4567 ut

579 4612 843 4663 interioris
878 4614 1107 4665 hominis
1142 4616 1313 4681 magis
1350 4620 1600 4666 exerceat
1632 4614 1888 4677 membra,
1927 4630 2087 4681 quam
2121 4615 2386 4681 frangat-‘⁴
