3267 5259
1072 444 1191 487 Prior
1218 444 1407 495 epistola
1432 444 1487 485 ad
1516 444 1808 485 Timotheum.
2560 431 2692 497 405

191 620 405 685 fiitura
478 618 830 685 schismata
896 630 963 685 et
1026 621 1344 684 instantes
1411 618 1719 684 haereses
1797 620 2055 684 instruit
2076 621 2114 684 ¹.
2192 618 2468 684 Juvenis
2536 619 2689 685 licet

192 732 579 798 Timotheus
611 734 711 817 sit,
744 741 967 798 tamen
1000 732 1377 819 exemplum
1424 755 1492 796 se
1542 730 1860 818 praebeat
1903 730 2203 797 fidelibus
2222 734 2266 795 2.
2320 731 2481 798 Post
2523 731 2688 797 haec

192 848 517 933 praecipit
530 849 575 929 ³,
624 845 953 933 quomodo
1002 868 1153 911 cum
1198 847 1418 910 variae
1468 846 1857 911 conditionis
1902 844 2272 909 hominibus
2317 844 2686 930 singillatim

194 958 526 1045 agendum
574 960 657 1023 sit
670 962 715 1025 ⁴.
762 958 867 1023 De
898 959 1299 1045 presbyteris
1330 960 1625 1043 iniungit,
1660 958 1770 1044 qui
1802 966 2064 1023 strenue
2097 956 2415 1039 laborant,
2447 980 2687 1042 magno

194 1074 439 1139 honore
491 1070 887 1154 habeantur3
932 1070 1281 1157 provideat
1323 1094 1407 1135 ne
1456 1070 1774 1135 adversus
1822 1092 1935 1135 eos
1983 1071 2469 1135 accusationem
2521 1073 2684 1135 reci-

195 1188 343 1271 piat,
394 1185 522 1249 nisi
566 1184 677 1249 ubi
725 1182 854 1249 duo
894 1184 1000 1249 vel
1029 1192 1160 1248 tres
1209 1184 1450 1248 fuerint
1495 1193 1695 1248 testes
1717 1186 1761 1266 ⁵,
1807 1184 2051 1247 nemini
2095 1205 2251 1248 vero
2299 1185 2425 1249 cito
2455 1206 2686 1249 manus

194 1301 491 1384 imponat
510 1300 555 1364 ⁰.
632 1295 743 1361 Ad
806 1320 945 1361 rem
992 1296 1417 1361 domesticam
1462 1307 1529 1361 et
1574 1295 1830 1361 civilem
1885 1295 2417 1377 Christianorum,
2493 1306 2557 1360 et
2600 1296 2687 1361 ad

198 1432 535 1475 servorum
570 1432 833 1496 quoque
865 1408 1306 1475 conditionem
1331 1413 1355 1452 ⁷
1386 1432 1772 1491 conversus,
1824 1410 2098 1494 exponit
2125 1410 2385 1494 pietatis
2418 1408 2685 1492 fructus,

198 1524 507 1588 avaritiae
552 1522 935 1609 periculum.
982 1522 1061 1586 In
1095 1522 1275 1587 calce
1310 1522 1624 1609 epistolae
1650 1526 1674 1566 8
1719 1546 1766 1588 s.
1801 1522 2044 1586 Paulus
2076 1523 2363 1607 graviter
2400 1520 2688 1585 inculcat

200 1636 567 1722 depositum
620 1636 773 1699 fidei
819 1658 1118 1713 servare,
1178 1636 1430 1723 pseudo
1454 1638 1865 1701 -scientiae
1925 1634 2194 1700 fallaces
2240 1635 2684 1719 oppositiones

199 1748 519 1833 devitare3
553 1771 701 1814 cum
736 1750 908 1813 enim
940 1748 1231 1814 nonnulli
1262 1771 1466 1835 penes
1499 1772 1568 1813 se
1600 1771 1827 1814 veram
1860 1749 2199 1813 scientiam
2230 1746 2524 1811 habitare
2558 1748 2686 1811 iac-

200 1872 349 1945 tant,
396 1861 554 1926 fidei
586 1863 903 1927 iacturam
952 1862 1267 1927 fecerunt.
1326 1862 1714 1927 Precatione
1764 1860 2026 1947 demum
2075 1862 2322 1946 gratiae
2372 1868 2688 1924 consueta

198 1974 413 2040 literas
461 1973 710 2041 claudit
728 1978 771 2039 9.

398 2169 673 2237 Βίςτοεείο,
710 2169 771 2221 ἀι
804 2168 1059 2221 haereticis
1094 2187 1128 2220 s.
1156 2167 1503 2238 Apostolorum
1536 2167 1752 2237 epistolis
1785 2168 2104 2237 impumtatis.
2143 2165 2368 2216 Constat
2405 2165 2682 2215 vehemen-

202 2256 393 2305 tissime
432 2255 701 2321 disputari
727 2254 794 2304 de
820 2254 1102 2305 haereticis
1127 2255 1197 2304 ab
1222 2254 1495 2320 Apostolis
1532 2254 1806 2319 repressis,
1843 2260 2007 2319 atque
2032 2254 2342 2318 praesertim
2367 2252 2434 2302 de
2461 2252 2688 2317 pseudo-

203 2341 505 2393 doctoribus
535 2343 593 2391 in
620 2341 861 2407 epistolis
895 2358 935 2391 s.
962 2340 1117 2391 Pauli
1146 2358 1195 2406 q.
1225 2341 1275 2391 d.
1306 2339 1666 2407 „pastorales“
1698 2342 2044 2406 impugnatis;
2080 2340 2276 2405 quibus
2310 2339 2453 2389 haud
2491 2340 2689 2405 exigua

204 2434 279 2479 est
300 2428 595 2479 similitudo
621 2444 742 2477 cum
760 2428 843 2489 iis,
872 2429 963 2494 qui
984 2428 1043 2477 in
1068 2427 1297 2494 epistola
1322 2427 1391 2477 ad
1418 2427 1765 2478 Colossenses
1791 2432 1844 2477 et
1867 2427 2132 2493 Ephesios
2160 2432 2319 2491 atque
2345 2440 2378 2475 a
2403 2426 2454 2475 d.
2473 2426 2510 2474 J
2512 2440 2686 2476 oanne

204 2518 541 2581 castigantur.
562 2514 853 2565 Videamus
880 2515 1095 2580 quinam
1118 2516 1227 2565 sint
1250 2528 1469 2575 errores,
1492 2530 1627 2581 quos
1653 2516 1708 2564 in
1731 2514 1812 2564 his
1839 2513 2080 2580 epistolis
2101 2514 2314 2563 refutat.
2341 2512 2688 2579 compertum

201 2609 311 2653 erat
340 2603 625 2669 Apostolo‚
664 2602 903 2652 homines
940 2604 1143 2667 origine
1167 2600 1423 2664 Judaeos,
1462 2603 1806 2667 praecipuam
1837 2600 2047 2667 culpam
2084 2614 2368 2666 perversae
2405 2600 2682 2651 doctrinae

202 2692 473 2740 sustinere.
514 2689 557 2739 1.
580 2690 715 2739 Tim.
738 2692 783 2752 1,
804 2692 854 2739 4.
877 2691 923 2739 7.
961 2690 1065 2739 Tit.
1090 2692 1135 2752 1,
1158 2690 1239 2740 10.
1265 2692 1342 2739 14.
1376 2692 1424 2751 3,
1452 2692 1500 2739 9.
1527 2688 1644 2740 Col.
1670 2691 1718 2749 2,
1749 2690 1828 2739 16.
1867 2688 1960 2737 Isti
2001 2692 2212 2753 praeter
2249 2688 2624 2737 abstinentiam
2652 2702 2686 2737 a

206 2778 331 2827 cibis
358 2776 701 2842 quibusdam,
727 2778 945 2827 summis
964 2776 1212 2827 laudibus
1239 2778 1617 2827 continentiam
1645 2776 1975 2837 extollentes,
2002 2775 2322 2826 addiderunt
2347 2782 2690 2841 praeceptum
2743 2762 2756 2773 ⁶

202 2864 264 2913 de
288 2864 545 2931 fugiendo
568 2864 924 2914 matrimonio·
960 2865 1005 2913 1.
1024 2865 1159 2914 Tim.
1179 2867 1231 2925 4,
1250 2866 1297 2913 3.
1320 2867 1368 2914 8.
1402 2865 1505 2913 Tit.
1534 2866 1580 2927 1,
1610 2867 1692 2914 15.
1731 2862 2032 2913 Studebant
2056 2862 2370 2913 Christianis
2397 2862 2684 2912 obtrudere

202 2951 405 3002 fabulas
444 2956 505 3001 et
538 2965 709 3001 vanas
746 2950 1075 3011 traditiones,
1116 2965 1249 3017 quas
1288 2951 1499 3001 nomine
1538 2952 1658 3013 ,,τῆ’ς
1695 2947 1962 3018 γνώσεως“
1999 2950 2352 3000 venditabant
2385 2949 2428 2999 1.
2467 2950 2602 2999 Tim.
2637 2952 2688 3011 4,

206 3038 248 3085 ’1.
284 3038 333 3100 6,
366 3040 453 3088 20.
500 3036 572 3088 Π.
611 3038 661 3099 2,
698 3038 779 3086 16.
815 3037 918 3086 Tit.
960 3040 1007 3098 1,
1047 3038 1127 3087 14.
1165 3037 1426 3109 Videntur
1460 3036 1561 3087 hae
1598 3051 1776 3101 nugae
1811 3036 1898 3085 vel
1933 3036 2002 3085 ad
2041 3036 2487 3101 hyper-mysticam
2523 3036 2687 3101 Legis

201 3126 461 3173 mosaicae
504 3123 931 3190 explicationem,
958 3122 1043 3173 vel
1076 3122 1145 3173 ad
1170 3124 1559 3189 angelologiam
1595 3123 1986 3189 phantasticam
2013 3127 2301 3188 spectasse.
2339 3123 2380 3171 1.
2408 3123 2542 3171 Tim.
2575 3126 2617 3183 1,
2639 3124 2689 3172 4.

406 3317 446 3381 ί)
486 3316 563 3367 Ut
600 3320 779 3365 autem
814 3317 880 3365 iis
919 3330 1057 3381 quae
1094 3315 1332 3365 dicturus
1370 3321 1467 3377 est,
1504 3316 1761 3365 maiorem
1806 3316 2177 3364 auctoritatem
2213 3313 2478 3376 conciliet,
2523 3313 2688 3363 divini

204 3402 426 3468 Spiritus
448 3440 459 3449 .
482 3403 709 3453 oracula
752 3402 966 3468 profert.
1042 3403 1083 3466 ²)
1128 3403 1193 3453 In
1238 3418 1506 3465 sermone,
1556 3403 1832 3463 convictu,
1879 3403 2130 3462 caritate,
2177 3400 2282 3450 fide
2327 3416 2392 3450 ac
2439 3402 2686 3466 puritate.

202 3490 413 3541 Interim
462 3507 585 3541 cum
635 3490 879 3556 Apostoli
931 3490 1000 3539 ad
1038 3506 1156 3539 eum
1204 3491 1306 3538 iter
1354 3490 1607 3549 differtur,
1667 3489 1818 3539 daret
1872 3489 2154 3554 diligenter
2201 3503 2419 3554 operam
2453 3488 2687 3550 lectioni,

200 3576 587 3638 adhortationi,
627 3576 1035 3642 doctrinaeque3
1088 3582 1299 3627 curaret
1335 3577 1568 3641 suscepti
1606 3576 1706 3625 abs
1742 3591 1800 3625 se
1839 3574 2055 3625 Ordinis
2091 3576 2330 3640 gratiam.
2391 3574 2512 3625 Hac
2550 3577 2688 3624 enim

201 3666 403 3713 ratione
428 3670 483 3714 et
506 3664 611 3714 sibi
637 3668 691 3713 et
716 3663 837 3713 aliis
863 3664 1061 3729 optime
1086 3663 1345 3713 consulet.
1394 3663 1436 3727 ³)
1464 3661 1521 3712 C.
1549 3666 1597 3713 5.
1642 3663 1685 3726 ⁴)
1711 3662 1880 3711 Jubet
1903 3663 2142 3712 seniores
2165 3667 2381 3711 moneat
2407 3666 2465 3711 ut
2490 3668 2686 3727 patres,

199 3751 430 3800 iuniores
473 3756 534 3799 ut
578 3750 797 3809 fratres,
844 3749 1092 3799 mulieres
1138 3754 1267 3799 natu
1315 3748 1625 3816 grandiores
1665 3754 1934 3814 tamquam
1971 3754 2192 3808 matres,
2237 3749 2688 3799 adolescentiores

200 3838 355 3899 quasi
390 3851 617 3887 sorores.
680 3834 883 3886 Viduas
930 3852 1035 3901 quo
1074 3836 1227 3886 decet
1271 3835 1473 3885 honore
1519 3840 1900 3901 prosequatur3
1950 3834 2057 3884 illis
2103 3840 2338 3885 attamen
2387 3835 2686 3895 denunciet,

198 3932 251 3971 ut
290 3938 413 3972 eam
448 3924 591 3973 vitae
630 3923 891 3973 rationem
928 3924 1125 3986 ineant,
1165 3938 1303 3988 quae
1327 3922 1461 3973 nulli
1499 3925 1672 3973 iustae
1704 3922 2102 3987 reprehensioni
2142 3926 2340 3989 pateat.
2388 3922 2508 3971 Jam
2549 3924 2686 3971 enim

198 4010 341 4073 quod
392 4024 713 4075 magnopere
750 4008 1035 4060 dolendum
1084 4016 1189 4074 est,
1242 4009 1528 4060 nonnullas
1566 4024 1599 4059 a
1636 4014 1781 4059 recto
1829 4010 2036 4059 tramite
2086 4009 2379 4059 deflexisse.
2453 4010 2496 4065 ⁵)
2548 4008 2688 4057 Hinc

196 4102 426 4162 apparet
458 4113 492 4147 a
526 4098 857 4162 temporibus
894 4097 1267 4163 Apostolorum
1317 4112 1473 4147 sacra
1507 4097 1674 4147 fuisse
1711 4097 2100 4162 Episcoporum
2147 4096 2435 4145 tribunalia
2477 4098 2684 4143 contro-

198 4186 387 4234 versiis
413 4182 738 4246 dirimendis,
766 4190 819 4233 et
846 4184 1231 4249 cognoscendis
1258 4183 1666 4250 muniendisque
1693 4184 2000 4233 criminibus
2025 4184 2283 4233 instituta.
2333 4183 2520 4247 Neque
2547 4182 2686 4229 enim

196 4270 259 4321 de
298 4271 635 4321 correctione
684 4270 920 4321 fraterna
967 4271 1199 4335 loquitur
1236 4286 1277 4320 s.
1305 4270 1531 4331 Paulus,
1583 4269 1680 4319 sed
1716 4269 1782 4319 de
1819 4268 1914 4318 illa
1952 4284 2090 4334 quae
2129 4270 2498 4319 auctoritatem
2533 4282 2684 4317 usur-

196 4358 361 4421 pandi
400 4358 525 4407 iuris
563 4359 743 4423 exigit.
808 4356 847 4421 θ)
882 4358 947 4407 In
970 4357 1277 4423 parenthesi
1315 4361 1363 4419 ὅ,
1392 4360 1474 4407 23.
1512 4357 1763 4407 interiicit
1799 4371 1866 4405 ne
1905 4355 2045 4421 quod
2083 4358 2132 4417 3,
2161 4359 2209 4405 2.
2235 4359 2283 4405 3.
2323 4358 2688 4406 antecesserat

196 4446 453 4495 monitum
498 4444 565 4495 de
613 4444 943 4495 abstinentia
988 4459 1023 4494 a
1066 4445 1208 4505 vino,
1246 4445 1323 4494 ita
1366 4444 1631 4509 intelligat
1665 4443 1999 4493 Timotheus:
2051 4448 2112 4491 ut
2157 4458 2299 4492 mero
2347 4456 2518 4508 aquae
2555 4446 2688 4507 potu

196 4531 615 4583 imbecillitatem
652 4532 892 4597 corporis
928 4532 1031 4582 sibi
1068 4532 1351 4582 adsciscat.
1421 4532 1460 4595 ⁷)
1502 4531 1561 4581 C.
1598 4532 1648 4581 6.
1711 4530 1752 4592 ⁸)
1793 4532 1840 4591 6,
1883 4531 1963 4578 11.
1999 4546 2042 4578 s.
2105 4530 2147 4593 ⁹)
2187 4530 2308 4590 Qua
2343 4528 2474 4579 nihil
2511 4534 2688 4594 potest

198 4632 313 4669 esee
352 4619 661 4683 optabilius.
