3267 5259
558 393 683 444 LVI
1375 405 1620 456 App-nm
1646 403 1869 446 mrim
1890 427 1943 434 -
1960 379 2212 445 chremens.

561 587 712 635 1617.
747 600 831 650 op.
869 587 924 634 et
956 581 1096 633 stud.
1131 581 1319 631 Theol.
1354 581 1626 631 Duacens.
1664 581 1727 640 V,
1769 581 1887 630 771.
1912 607 1981 616 -
2006 579 2205 629 dictum
2242 578 2309 629 de
2344 578 2571 630 sabbato
2608 577 3051 644 secundo-primo

557 672 784 737 intelligi
819 669 934 720 vult
967 671 1046 720 ita
1083 673 1174 730 „ut
1208 685 1374 719 unum
1407 667 1655 733 idemque
1690 667 1830 718 Novi
1866 667 2197 718 Testamenti
2240 667 2527 718 sabbatum
2562 671 2617 717 et
2660 665 2955 716 secundum
2996 673 3055 716 et

559 762 786 828 primum
820 759 904 810 sit.
954 755 1274 817 Secundum,
1313 756 1442 820 quia
1477 758 1601 820 post
1633 753 1808 819 legale
1844 755 2127 804 sabbatum
2152 769 2185 804 a
2209 755 2363 804 nobis
2401 755 2759 804 observatum.
2810 754 3051 803 Primum

558 849 687 915 quia
731 852 785 898 et
829 850 953 896 ante
1000 843 1215 893 decreta
1260 841 1394 908 legis
1439 857 1474 892 a
1507 843 1661 892 iustis
1699 842 2085 892 observabatur
2122 842 2401 908 antiquis.“
2464 841 2547 891 Ad
2584 846 2791 892 sextam
2834 857 3050 906 promo-

557 951 742 986 vemur
763 931 1271 998 interpretationem,
1305 944 1444 994 quae
1469 935 1550 979 est
1573 928 2087 994 Theophylacti,
2126 943 2311 978 comm.
2336 929 2391 978 in
2417 928 2549 978 Luc.
2570 931 2618 991 6,
2641 930 2688 978 1.
2720 945 2771 994 p.
2793 929 2912 978 341.
2960 928 3055 978 lta

557 1022 648 1073 ille
689 1020 916 1084 „Judaei
952 1033 1108 1069 omne
1143 1018 1335 1068 festum
1372 1018 1657 1068 sabbatum
1692 1016 2057 1066 nominabant.
2120 1017 2412 1066 Sabbatum
2454 1018 2595 1066 enim
2644 1017 2798 1082 quies
2835 1015 3053 1067 dicitur.

559 1109 732 1175 Saepe
769 1107 930 1173 igitur
966 1105 1282 1156 occurrebat
1317 1105 1510 1155 festum
1546 1105 1604 1154 in
1640 1119 1957 1170 parasceve,
2002 1109 2057 1154 et
2091 1105 2359 1155 vocabant
2392 1118 2724 1169 parasceven
2760 1104 3053 1154 sabbatum

560 1202 776 1263 propter
811 1195 1033 1256 festum3
1073 1192 1264 1242 deinde
1303 1192 1445 1257 quod
1481 1192 1695 1257 proprie
1720 1196 1801 1240 est
1832 1191 2117 1242 sabbatum
2151 1191 2503 1241 nominabant
2536 1190 3052 1258 seeundo-primum,

559 1301 623 1334 eo
661 1283 806 1349 quod
851 1285 1106 1346 sequatur
1149 1281 1344 1330 festum
1382 1284 1436 1328 et
1470 1279 1753 1329 sabbatum
1800 1279 1945 1345 quod
1989 1283 2370 1344 praecesserat.
2432 1277 2667 1344 Contigit
2707 1280 2871 1343 igitur
2918 1285 3055 1328 tunc

559 1369 764 1436 aliquid
807 1368 944 1430 tale,
993 1371 1045 1418 et
1091 1368 1376 1418 sabbatum
1413 1366 1546 1417 illud
1591 1372 1816 1417 vocatur
1860 1366 2393 1432 secundo-primum.“
2458 1365 2751 1432 Septimam
2790 1366 3051 1416 debemus

556 1457 910 1524 Euthymio
949 1456 1306 1520 Zigabeno,
1345 1470 1514 1504 comm
1551 1455 1606 1504 in
1639 1459 1784 1521 quat.
1812 1455 1913 1504 Εν.
1938 1454 2008 1516 Π,
2035 1456 2153 1504 332.
2206 1454 2531 1514 „Sabbatum
2556 1453 2865 1520 simpliciter
2890 1471 3053 1504 omne

557 1547 750 1598 festum
786 1549 984 1594 vocant
1005 1543 1240 1592 Hebraei
1263 1547 1480 1608 propter
1503 1544 1759 1608 requiem.
1808 1543 1965 1592 Nunc
2002 1547 2179 1592 autem
2217 1541 2347 1591 dicit
2380 1541 2621 1592 festum
2657 1557 3055 1606 azymorum.

557 1635 678 1683 Hoc
713 1635 896 1698 itaque
933 1630 1214 1681 sabbatum
1260 1630 1558 1680 vocabatur
1593 1629 2096 1696 secundo-primum,
2141 1635 2397 1694 tanquam
2433 1629 2725 1680 secundum
2762 1629 2977 1694 quidem
3016 1645 3055 1680 a

557 1718 776 1786 pascha,
825 1719 1052 1784 primum
1100 1733 1227 1768 vero
1277 1718 1346 1766 ab
1397 1719 1647 1782 azymis.“
1720 1718 1832 1767 Nos
1880 1719 2081 1782 primae
2130 1719 2427 1767 sententiae
2476 1731 2509 1766 a
2554 1717 2710 1767 nobis
2766 1723 3055 1768 enarratae

559 1807 826 1858 calculum
853 1805 1149 1867 adiicimus,
1189 1819 1328 1870 quae
1352 1811 1475 1870 post
1499 1821 1540 1854 s.
1567 1804 1927 1871 Epiphaniam
1953 1806 2111 1854 etiam
2147 1805 2215 1854 D.
2241 1805 2544 1867 Petavio,
2584 1805 2939 1856 animadvers.
2978 1806 3057 1855 ad

559 1894 701 1944 haer.
741 1893 906 1943 XXX.
932 1893 1126 1942 Ebion.
1165 1909 1217 1958 p.
1244 1893 1327 1941 61.
1367 1907 1476 1956 seq.
1515 1897 1570 1941 et
1602 1891 1654 1941 J.
1694 1891 2087 1956 Scaligero,
2126 1891 2191 1940 de
2223 1890 2426 1941 emend.
2464 1895 2623 1957 temp.
2660 1891 2697 1941 1.
2730 1891 2823 1942 VI.
2849 1909 2901 1958 p.
2929 1894 3053 1942 557.

559 1980 680 2032 coll.
705 1979 841 2047 prol.
877 1997 932 2045 p.
957 1980 1106 2029 XXV
1110 1998 1150 2044 .;
1189 1985 1350 2044 atque
1386 1982 1511 2044 post
1543 1978 1641 2028 hos
1668 1979 1975 2028 duumviros
2013 1978 2079 2028 de
2118 1979 2395 2044 republica
2428 1955 2665 2029 literaria
2702 1981 3053 2046 undiquaque

559 2071 696 2120 bene
733 2067 966 2128 meritos,
1004 2071 1084 2117 tot
1119 2067 1428 2116 clarissimis
1465 2065 1695 2132 probata
1730 2071 1811 2116 est
1844 2066 1988 2115 viris.
2040 2065 2121 2115 cf.
2158 2067 2494 2129 Drusium,
2532 2072 2713 2116 annot.
2748 2067 2817 2116 ad
2842 2067 2894 2116 h.
2920 2067 2955 2117 l.
2992 2069 3053 2116 in

560 2155 688 2206 Crit.
732 2170 774 2204 s.
822 2153 905 2203 ed.
955 2153 1204 2203 Francof.
1257 2155 1408 2204 1696.
1455 2152 1549 2214 IV,
1588 2154 1739 2203 1262.
1802 2152 1930 2203 Cas
1946 2154 2322 2204 aubonums
2364 2153 2399 2202 l.
2438 2171 2479 2204 s.
2518 2171 2562 2207 c.
2600 2171 2652 2219 p.
2690 2157 2810 2204 307.
2850 2171 2893 2204 s.
2950 2156 3053 2205 Th.

557 2241 994 2307 Hackspanium,
1045 2245 1154 2290 not.
1200 2239 1328 2307 phil.
1377 2245 1432 2289 et
1465 2238 1626 2289 theol.
1664 2239 1773 2302 111,
1812 2243 1929 2290 296.
1990 2241 2451 2306 Ligtfootum,
2500 2241 2612 2291 hor.
2649 2241 2797 2292 hebr.
2846 2244 2903 2292 in
2946 2244 3053 2294 Ev.

555 2329 744 2380 Matth.
785 2330 864 2390 12,
905 2331 952 2377 1.
988 2345 1042 2393 p.
1079 2329 1196 2378 339.
1256 2326 1552 2392 Josephum
1601 2327 1668 2376 de
1705 2328 1978 2388 Voisin,
2030 2327 2218 2378 Obser.
2267 2330 2321 2378 in
2358 2344 2591 2394 prooem.
2628 2330 2878 2394 pugionis
2926 2329 3054 2379 fide-i

554 2417 618 2467 R.
653 2417 871 2466 Martini
911 2414 993 2464 ed.
1034 2415 1333 2480 Carpzovii.
1373 2413 1520 2480 Lips.
1555 2415 1707 2464 1687.
1745 2431 1796 2480 p.
1826 2417 1942 2465 170.
1980 2419 2035 2464 et
2068 2416 2125 2464 in
2161 2414 2419 2480 singulari
2456 2420 2687 2465 tractatu
2725 2414 2793 2464 de
2818 2417 3053 2466 sabbato

557 2504 949 2569 devteroprotO.
1009 2502 1248 2567 Pagium‚
1288 2501 1358 2551 ad
1395 2515 1443 2550 a.
1482 2500 1569 2550 Cr.
1608 2503 1692 2551 32.
1728 2501 1827 2550 111.
1864 2518 1915 2567 p.
1943 2504 2027 2551 91.
2078 2501 2131 2552 S.
2156 2503 2501 2567 Basnage‚
2539 2503 2676 2552 Anu.
2710 2502 2817 2568 pol.
2846 2493 2982 2553 ecel.
3008 2504 3052 2564 Ι,

559 2593 679 2647 285.
706 2606 748 2641 s.
798 2589 1284 2651 Gerhardium‚
1321 2587 1578 2638 Harmon.
1620 2604 1701 2638 ev,
1728 2605 1773 2638 c.
1804 2590 1888 2638 45.
1912 2589 1957 2649 Ι,
1990 2589 2105 2640 347.
2132 2605 2243 2654 seq.
2290 2590 2353 2638 Β.
2378 2589 2725 2654 Lamyum,
2764 2590 2970 2640 Comm.
2996 2592 3055 2640 in

554 2678 740 2727 Harm.
777 2677 878 2738 111,
917 2678 966 2726 3.
1002 2693 1056 2741 p.
1093 2677 1213 2725 214.
1261 2674 1694 2725 Leonardum
1731 2690 1765 2724 a
1800 2690 1842 2726 s.
1878 2675 2207 2738 Martino‚
2256 2677 2521 2726 Examina
2558 2679 2951 2742 seripturistica
2996 2679 3053 2728 in

559 2769 790 2830 quatuor
831 2765 1042 2829 Evang.
1081 2763 1325 2812 Gandavi
1364 2764 1513 2813 1764.
1552 2780 1603 2828 p.
1630 2765 1749 2812 237.
1774 2779 1817 2812 s.
1866 2763 1919 2813 J.
1954 2762 2506 2827 Frisehmutlium‚
2547 2763 2672 2813 diss.
2712 2763 2780 2812 de
2816 2765 3051 2815 sabbato

558 2853 954 2917 deuteroproto,
989 2851 1046 2898 in
1072 2849 1230 2900 Thes.
1257 2848 1417 2899 theol.
1445 2849 1574 2915 phil.
1611 2849 1777 2899 Amet.
1807 2851 1956 2901 1702.
1993 2850 2064 2913 11,
2090 2852 2207 2900 312.
2240 2867 2349 2915 seq.
2408 2851 2477 2900 H.
2510 2850 2879 2913 Mullerum‚
2918 2852 3051 2902 diss.

557 2939 624 2990 de
661 2938 777 2989 eod.
815 2939 886 2987 ib.
924 2953 976 3002 p.
1013 2939 1132 2986 319.
1191 2937 1503 2998 Kuinoel,
1543 2935 1612 2986 ad
1649 2935 1699 2985 h.
1739 2936 1773 2985 l.
1812 2953 1863 3002 p.
1892 2937 2011 2986 408.
2059 2937 2380 2999 Lstbkert,
2420 2939 2473 2986 in
2510 2951 2633 2988 ann.
2672 2937 2899 2988 Studien
2934 2939 3051 2988 und

555 3025 818 3076 Kritiken.
847 3025 998 3074 1835.
1037 3040 1087 3088 p.
1115 3025 1230 3074 671.
1265 3039 1308 3074 s.
1355 3023 1608 3089 Lange,
1647 3024 1833 3074 Leben
1870 3023 2017 3076 Jesu.
2056 3022 2125 3086 11,
2164 3025 2214 3073 2.
2238 3041 2291 3089 p.
2318 3026 2436 3074 813.
2484 3025 2729 3088 Winer‚
2768 3025 2831 3075 R.
2859 3026 2945 3075 W.
2976 3027 3049 3088 11,

557 3114 674 3164 348.
722 3111 1035 3174 Redslob,
1060 3110 1516 3176 Intelligenzblatt
1539 3127 1584 3160 z.
1611 3109 1891 3161 Hall..Lit.
1919 3111 2049 3160 zeit.
2079 3112 2228 3161 1847.
2253 3111 2320 3161 N.
2349 3113 2430 3162 70.
2474 3113 2541 3161 H.
2566 3111 2817 3174 Ewald,
2855 3112 3051 3163 Jahrb.

558 3201 608 3251 d.
645 3199 771 3250 bibl.
797 3199 958 3247 Wiss.
989 3196 1133 3248 Gott.
1170 3196 1212 3260 Ι,
1241 3199 1322 3246 72.
1373 3196 1432 3247 G.
1457 3196 1522 3247 L.
1549 3197 1633 3246 W.
1663 3197 1922 3261 Grimm,
1958 3199 2089 3247 Lex.
2116 3214 2191 3262 gr.
2224 3198 2316 3247 lat.
2345 3199 2400 3248 in
2424 3198 2457 3248 l.
2482 3198 2517 3248 l.
2544 3199 2605 3250 R.
2631 3200 2693 3248 T.
2712 3199 2861 3265 Lips.
2891 3201 3050 3250 1862.

555 3305 609 3355 p.
630 3289 713 3337 87.
751 3287 844 3353 qui
869 3289 1047 3334 tamen
1071 3299 1178 3334 non
1203 3284 1424 3334 multum
1461 3284 1722 3335 sollicitus
1750 3292 1844 3347 est,
1884 3283 1949 3334 de
1986 3285 2281 3335 enodandis
2318 3286 2449 3351 ipsis
2473 3287 2678 3350 verbis;
2714 3285 2777 3334 A.
2802 3285 3049 3352 Bisping‚

555 3373 704 3426 Erkl.
733 3373 783 3424 d.
806 3374 908 3423 Ev.
935 3389 986 3422 n.
1013 3371 1186 3421 Mark.
1212 3387 1264 3421 u.
1289 3371 1492 3421 Lukas.
1529 3371 1729 3421 Mflnst.
1756 3373 1906 3422 1864.
1944 3387 1997 3436 p.
2024 3373 2141 3422 233.
2182 3377 2235 3422 et
2270 3387 2429 3438 quam
2466 3373 2724 3439 plurimos
2761 3373 2917 3424 alios.

762 3461 1102 3530 Respondetur
1137 3459 1208 3512 ad
1241 3460 1412 3512 varias
1455 3459 1751 3511 abiectiones.
1812 3459 2045 3508 Primum
2092 3459 2232 3524 quod
2280 3459 2403 3509 huic
2448 3460 2789 3525 explicationi
2828 3463 3049 3513 obstare

555 3548 768 3598 videtur
810 3548 916 3597 iam
961 3547 1120 3612 Hugo
1167 3545 1409 3608 Grotius,
1457 3545 1528 3596 ad
1562 3546 1614 3595 h.
1653 3545 1687 3595 l.
1724 3546 1803 3608 11,
1842 3547 1960 3596 376.
2008 3546 2063 3594 in
2110 3545 2205 3595 illa
2251 3545 2593 3616 reprehendit
2630 3549 2806 3614 „quod
2842 3551 3049 3603 nullum

553 3635 750 3685 viderit
793 3635 910 3686 talis
939 3634 1266 3700 formationis
1307 3633 1604 3702 anaplum,
1654 3633 1828 3698 qualis
1874 3637 2039 3695 esset,
2086 3634 2133 3683 si
2180 3629 2566 3702 δευτερόπρωτον
2614 3635 2970 3686 deduceretur
3016 3653 3051 3688 a

557 3737 691 3772 voce
728 3717 951 3788 δευτέρας
989 3725 1044 3768 et
1065 3717 1310 3786 πρώτου.“
1363 3719 1469 3769 Sed
1495 3719 1641 3786 quod
1678 3721 1869 3770 attinet
1902 3719 2040 3770 hanc
2078 3719 2249 3770 Grotii
2286 3721 2619 3788 aliorumque
2656 3725 3046 3790 exceptionem,

558 3823 680 3859 cum
734 3805 921 3857 similis
976 3807 1307 3856 formationis
1367 3806 1665 3872 exemplum
1726 3807 2058 3871 desiderant3
2118 3807 2261 3858 haud
2321 3808 2579 3859 immerito
2638 3810 2894 3861 miramur
2948 3827 3047 3863 eos

557 3895 757 3945 ideireo
804 3892 947 3945 nolle
991 3894 1130 3943 hanc
1163 3895 1653 3958 interpretationem
1691 3892 1985 3944 admittere.
2059 3893 2352 3945 Sabbatum
2390 3896 2908 3963 secundo-primum,
2947 3901 3046 3951 der

556 3984 853 4033 zweiterste
891 3979 1110 4044 Sabbat‚
1148 3987 1210 4031 ut
1233 3996 1298 4031 ex
1323 3982 1627 4046 praemissis
1660 3983 1791 4032 satis
1826 3983 2012 4047 liquet,
2049 3983 2223 4048 ipsum
2248 3998 2357 4032 non
2390 3999 2456 4032 ex
2482 3999 2578 4034 suo
2616 3985 2829 4036 nomine
2866 3989 3043 4036 nosci-

555 4077 668 4135 ειη-ς
706 4070 802 4120 sed
837 4085 1030 4120 nomen
1067 4085 1132 4119 ex
1167 4084 1224 4119 re
1260 4069 1572 4134 investigari
1609 4068 1785 4118 debet.
1842 4069 2382 4135 Secundo-primi
2418 4072 2739 4122 vocabulum
2776 4089 3045 4139 nusquam

555 4158 746 4224 legitur
781 4159 884 4209 nisi
921 4157 1063 4224 apud
1103 4171 1143 4206 s.
1169 4156 1404 4221 Lucam3
1452 4161 1506 4206 et
1541 4155 1688 4222 apud
1724 4171 1816 4206 eos
1854 4157 1943 4221 qui
1982 4173 2047 4206 ex
2084 4157 2134 4207 d.
2167 4158 2319 4207 Luca
2362 4160 2514 4208 istam
2551 4175 2738 4210 vocem
2773 4167 3043 4227 repetunt.

555 4245 746 4311 Itaque
790 4244 939 4295 nullo
975 4244 1322 4310 Antiquitatis
1369 4245 1674 4295 testimonio
1712 4247 1923 4294 constat
1964 4243 2091 4310 quid
2128 4245 2314 4310 fuerit3
2362 4260 2537 4312 neque
2583 4251 2843 4312 etymon
2878 4265 3041 4300 voca-

553 4332 668 4382 buli
703 4334 780 4382 ita
815 4337 898 4383 est
933 4331 1365 4394 determinatum,
1411 4337 1470 4382 ut
1505 4331 1615 4382 alia
1660 4333 1807 4398 prius
1852 4331 2164 4395 indagine
2200 4333 2232 4382 i.
2272 4349 2319 4382 e.
2357 4333 3043 4400 historico-genetica

553 4435 662 4469 non
697 4419 768 4468 sit
804 4433 954 4484 opus.
1013 4419 1190 4469 Datur
1225 4421 1366 4469 enim
1403 4419 1538 4472 alias
1575 4419 1909 4486 quadruplex
1946 4419 2101 4470 huius
2136 4422 2285 4470 vocis
2322 4423 2653 4487 compositio.
2704 4423 2807 4473 Vel
2842 4427 3039 4475 sabba-

553 4511 664 4556 tum
727 4505 945 4571 aliquod
1009 4505 1206 4556 dictum
1267 4513 1352 4558 est
1403 4507 1908 4573 seeundo-primum
1969 4509 2321 4560 distinctionis
2384 4523 2577 4572 eausa3
2635 4515 2697 4560 ut
2752 4511 3039 4561 sabbatum

556 4591 826 4659 paschale,
882 4593 1024 4657 quod
1080 4594 1324 4644 ordine
1380 4595 1873 4660 antegreditur
1926 4595 2191 4646 diceretur
2246 4592 2695 4664 ,,πρωτὸπρωτον“,
2747 4597 3037 4663 primorum
