3267 5259
651 454 775 529 ’176
1302 476 1417 518 mat.
1446 476 1552 517 nov.
1582 474 1672 517 siv.
1703 474 1755 517 n.
1785 474 1836 517 r.
1867 474 2035 517 Parios.
2065 474 2100 517 1.
2125 484 2220 525 ap.
2249 473 2450 515 sitorum.

645 650 913 717 litatem.
990 650 1197 715 Jussit
1256 672 1369 715 eos
1422 651 1491 714 in
1548 648 1918 715 Jerusalem
1979 671 2276 732 manere,
2336 670 2546 735 usque
2607 648 2794 713 dum·
2827 646 3100 735 Spiritum
3188 656 3189 661 ’

648 774 947 829 sanctum
994 763 1393 848 acciperent,
1440 772 1638 848 atque
1683 764 2038 848 praeconio
2093 760 2246 826 fidei
2290 762 2540 825 initium
2587 760 2840 825 darent.
2898 761 3104 825 Postea

648 898 801 941 suos
846 874 1075 941 eduxit
1120 897 1203 938 ex
1250 874 1413 939 urbe
1458 876 1525 939 in
1568 883 1860 940 montem
1907 873 2148 939 Oliveti
2166 924 2184 957 ,
2247 896 2328 938 ea
2383 876 2492 939 via
2552 895 2686 960 qua
2729 875 2860 937 itur
2899 872 3103 937 Betha-

645 990 840 1053 niam.
866 992 887 1033 ¹
951 987 1083 1052 Ubi
1143 982 1387 1052 venere
1434 985 1732 1073 discipuli
1775 987 1843 1052 in
1887 996 2176 1052 montem
2225 984 2535 1052 Olearum
2552 987 2599 1069 ⁹,
2661 985 2956 1052 Clu-istus
3005 985 3104 1049 ele·

646 1104 815 1165 vatis
858 1102 925 1165 in
972 1099 1227 1165 coelum
1274 1099 1477 1165 oculis
1524 1099 1857 1165 adstantes
1903 1122 2132 1165 omnes
2177 1098 2534 1164 benedixit.
2591 1098 2854 1164 Sensim
2899 1098 3102 1163 deinde
3188 1112 3189 1177 ἦ

646 1235 790 1279 sese
846 1215 933 1277 in·
979 1222 1137 1277 aera
1196 1210 1464 1295 tollens,
1520 1234 1561 1277 a
1604 1221 1782 1277 terra
1825 1234 2080 1277 sursum
2139 1210 2438 1277 ascendit
2459 1216 2518 1296 ³3
2586 1210 3102 1298 prosequentibus

646 1328 879 1391 intuitu
954 1324 1412 1411 praesentibus
1429 1374 1446 1408 ,
1530 1324 1751 1411 quoad
1824 1324 2082 1391 lucidae
2155 1323 2350 1390 nubis
2419 1327 2684 1389 incursu
2763 1322 3103 1410 aspectibus

651 1438 1039 1503 intuentium
1094 1437 1387 1503 sublatus
1443 1438 1708 1503 evanuit
1719 1440 1764 1501 ⁴.
1843 1436 2010 1503 Cum
2072 1446 2290 1502 autem
2345 1446 2728 1523 praesentes
2799 1436 2999 1501 oculis
3049 1437 3102 1497 in
3188 1492 3189 1503 ,

650 1550 905 1615 coelum
953 1548 1185 1614 defixis
1230 1550 1588 1635 fugientem
1634 1550 1910 1634 nubem,
1976 1572 2125 1616 cum
2188 1572 2332 1615 eam
2377 1549 2602 1615 videre
2648 1549 2854 1633 licuit,
2907 1570 3102 1634 seque·

645 1673 888 1746 rentur,
935 1662 1171 1728 adsunt
1216 1662 1453 1748 angeli,
1500 1662 1886 1750 corporibus
1927 1665 2220 1728 virorum
2265 1665 2584 1746 assumtis,
2633 1662 2919 1728 candida
2949 1670 3104 1727 veste

646 1766 875 1859 induti,
921 1774 1335 1841 hominibus⁵
1397 1796 1564 1861 quos
1606 1774 1786 1841 hisce
1831 1776 2051 1841 verbis
2094 1775 2360 1841 allocuti
2404 1785 2584 1841 sunt:
2645 1776 2790 1841 Viri
2839 1774 3104 1853 Galilaei,

654 1887 810 1975 quid
855 1890 946 1953 ita
992 1887 1247 1953 coelum
1294 1890 1475 1952 sta-tis
1522 1888 1988 1974 aspectantes?
2031 1888 2208 1953 idem
2253 1888 2358 1953 ille
2403 1888 2619 1972 Jesus,
2667 1891 2781 1976 qui
2826 1890 2952 1954 iam
2981 1886 3104 1953 sub·
3188 1882 3189 1885 '

649 2125 857 2187 tempus
894 2118 1027 2169 fides
1066 2123 1181 2169 erat
1216 2118 1581 2169 confirmanda
1616 2120 1832 2171 testium
1870 2114 2180 2178 ἀναστάσεως
2228 2132 2384 2183 suae,
2435 2136 2569 2186 quos
2617 2120 2722 2169 sibi
2773 2119 3017 2185 elegerat,
3057 2120 3106 2165 ut

652 2207 843 2257 deinde
880 2207 935 2255 in
973 2205 1180 2255 coelum
1219 2204 1427 2255 rediret.

860 2292 896 2357 ¹)
924 2291 1006 2343 cf.
1025 2310 1076 2360 p.
1100 2294 1215 2341 177.
1235 2308 1286 2341 n.
1308 2294 1355 2341 2.
1376 2292 1429 2342 J.
1448 2291 1507 2342 C.
1528 2292 1840 2355 Velthusen,
1859 2292 1979 2343 hist.
2001 2308 2194 2344 resurr.
2215 2311 2268 2361 p.
2287 2293 2384 2343 111.
2404 2296 2452 2355 ξ.
2478 2294 2558 2342 17.
2571 2310 2623 2357 p.
2639 2294 2758 2343 186.
2777 2308 2820 2341 s.
2859 2291 2899 2359 ²)
2925 2290 3105 2341 canot.

647 2386 683 2430 t.
722 2394 765 2429 s.
802 2394 981 2444 geogr.
1018 2396 1070 2444 p.
1096 2378 1390 2429 LXXXIV.
1452 2380 1493 2444 ³)
1538 2379 1737 2446 Propia
1781 2382 1994 2442 virtute,
2032 2386 2094 2429 ut
2138 2381 2430 2446 loquuntur
2465 2378 2744 2443 Theologi‚
2793 2379 2994 2428 divina:
3043 2379 3104 2425 ita
3188 2428 3189 2431 ,

646 2466 806 2517 docet
839 2482 881 2517 s.
908 2465 1197 2531 Gregorius
1234 2466 1320 2527 M„
1360 2465 1497 2516 hom.
1534 2468 1618 2527 29,
1656 2468 1704 2517 5.
1741 2468 1797 2516 in
1827 2466 1927 2516 Ev.
1955 2466 1996 2527 1,
2036 2468 2183 2517 1572.
2241 2466 2560 2528 „Redemtor
2593 2470 2776 2516 noster
2811 2480 2918 2516 non
2951 2479 3104 2518 curru,

646 2568 754 2603 non
791 2552 997 2619 angelis
1034 2552 1347 2603 sublevatus
1380 2552 1599 2618 legitur3
1640 2554 1768 2617 quia
1803 2554 1848 2603 is
1886 2554 1978 2618 qui
2013 2552 2216 2603 fecerat
2251 2553 2442 2615 omnia,
2479 2552 2726 2601 nimirum
2763 2568 2922 2618 super
2951 2552 3106 2601 omnia

646 2654 745 2691 sua
780 2640 975 2689 virtute
1012 2640 1336 2689 ferebatur“.
1392 2637 1619 2689 Pulchre
1668 2644 1846 2689 tamen
1895 2638 2104 2691 Christo
2148 2642 2203 2689 in
2241 2639 2448 2689 coelum
2487 2639 2800 2689 ascendenti
2839 2638 3106 2705 appingun-

648 2731 735 2776 tur
770 2724 966 2791 angeli,
1004 2724 1071 2775 de
1110 2726 1303 2790 quibus
1340 2724 1573 2790 loquitur
1592 2725 1832 2775 Davides
1869 2726 1957 2776 Ps.
1983 2727 2068 2787 67,
2098 2728 2177 2776 18.
2207 2728 2287 2776 19.
2334 2725 2496 2787 „Jure
2521 2724 2719 2775 firmari
2743 2730 2934 2791 potest,
2957 2723 3110 2788 inquit

648 2812 971 2863 Benedictus
1014 2812 1175 2874 XIV„
1234 2810 1301 2861 de
1347 2811 1499 2862 festis
1534 2812 1600 2861 D.
1639 2812 1703 2861 N.
1741 2811 1793 2861 J.
1833 2810 1890 2861 C.
1941 2812 1984 2861 1.
2024 2814 2106 2874 10,
2131 2812 2214 2863 48.
2253 2828 2304 2877 p.
2342 2812 2476 2873 138„
2515 2810 2703 2861 eodem
2739 2813 2771 2860 i.
2807 2828 2853 2861 e.
2889 2810 3106 2876 angelico
3188 2822 3189 2825 ¹

649 2899 899 2948 comitatu
938 2900 1347 2963 circumseptum
1382 2899 1437 2947 in
1476 2897 1684 2947 coelum
1723 2898 2078 2949 ascendisse“.
2141 2899 2182 2962 ⁴)
2226 2897 2661 2947 Animadvertere
2699 2898 2881 2963 placet
2911 2899 3107 2947 Veteres

649 2983 895 3034 docuisse
932 2984 1213 3035 Dominum
1252 2990 1489 3034 nostrum
1534 2999 1631 3048 per
1675 2989 1852 3034 aerem
1899 2990 1954 3033 et
1999 2985 2178 3035 coelos
2227 2990 2470 3034 evectum
2518 2998 2637 3035 esse
2683 2987 2813 3051 φορᾷ
2847 2982 3021 3045 locali;
3069 2982 3106 3030 si

648 3085 755 3119 non
809 3065 945 3138 νόμῳ
1000 3068 1192 3137 φύσεως
1248 3071 1485 3136 corporis
1546 3070 1780 3137 gloriosi,
1835 3076 2012 3120 tamen
2061 3067 2339 3137 οἰκονομίας
2378 3066 2544 3139 τρόπῳ
2588 3071 2622 3121 i.
2649 3087 2695 3119 e.
2735 3070 3105 3136 dispensatione

650 3157 880 3221 quadam
934 3157 1208 3221 singulari.
1260 3156 1339 3207 cf.
1386 3156 1437 3206 J.
1476 3156 1536 3205 G.
1572 3156 1780 3219 Baieri,
1836 3156 1902 3207 de
1957 3162 2112 3223 raptu
2169 3156 2365 3208 Christi
2420 3160 2475 3207 in
2532 3157 2756 3207 coelum.
2813 3158 2932 3208 Jen.
2974 3156 3104 3206 1688.

648 3260 700 3309 p.
730 3246 807 3294 14.
836 3260 878 3293 s.
926 3244 1107 3308 Agunt
1141 3243 1208 3293 de
1244 3245 1559 3294 ascensione
1586 3244 1654 3293 D.
1680 3244 1745 3293 N.
1771 3243 1822 3293 J.
1849 3242 1909 3294 C.
1953 3260 1995 3294 s.
2019 3245 2234 3295 Marcus
2266 3246 2347 3306 16,
2377 3246 2456 3294 19.
2483 3260 2523 3293 s.
2552 3250 2607 3293 et
2629 3259 2670 3293 s.
2697 3245 2876 3294 Lucas
2899 3244 3104 3301 brevius,
3188 3302 3189 3305 Ἴ

648 3330 704 3379 in
740 3329 1037 3395 Evangelio
1075 3330 1159 3390 24,
1187 3332 1268 3379 50.
1308 3347 1379 3390 s.‚
1427 3328 1685 3395 prolixius
1735 3332 1788 3379 in
1825 3330 1973 3380 Actis
2014 3333 2058 3393 1,
2097 3334 2140 3380 1.
2179 3348 2221 3381 s.
2271 3329 2354 3380 Ad
2391 3348 2442 3396 q.
2467 3347 2518 3379 v.
2557 3330 2622 3379 G.
2659 3330 2748 3379 Fr.
2777 3330 2962 3391 Seiler,
2997 3328 3104 3377 diss.
3188 3324 3189 3327 ’

648 3417 834 3467 Jesum
880 3432 1101 3483 corpore
1144 3418 1345 3482 pariter
1392 3422 1553 3482 atque
1602 3418 1781 3466 anima
1827 3418 1882 3466 in
1933 3417 2142 3466 coelum
2191 3422 2482 3467 assumtum
2531 3432 2664 3467 esse.
2712 3416 2823 3465 Erl.
2865 3418 3018 3477 1778„
3059 3416 3104 3461 iu
3188 3476 3189 3479 Ἴ

649 3518 835 3553 comm.
890 3502 1181 3553 Velthusen
1230 3508 1284 3551 et
1320 3502 1563 3553 Kuinoel.
1613 3502 1703 3565 VI,
1743 3506 1860 3553 502.
1896 3518 1937 3553 s.
1995 3502 2307 3565 Griesbach,
2345 3502 2551 3568 sylloge
2585 3502 2828 3553 locorum
2863 3504 2926 3552 N.
2959 3502 3014 3551 Τ.
3047 3498 3104 3549 ad
3188 3550 3189 3553 ,

650 3590 1015 3640 ascensionem
1052 3588 1329 3639 christiin
1354 3590 1561 3639 coelum
1598 3591 1970 3654 spectantium,
2007 3590 2065 3639 in
2101 3604 2287 3655 opusc.
2325 3588 2474 3639 acad.
2510 3589 2631 3639 Jen.
2661 3590 2812 3639 1825.
2849 3588 2918 3650 11,
2944 3590 3047 3637 471.
3069 3600 3103 3632 s.

650 3676 691 3740 ⁵)
738 3675 1116 3726 Ascensionem
1174 3674 1369 3725 Christi
1417 3680 1690 3741 spectasse
1745 3676 1993 3727 undecim
2040 3676 2327 3741 Apostolos
2383 3674 2580 3725 directe
2635 3676 2799 3725 tradit
2843 3694 2882 3725 s.
2917 3676 3104 3725 Marcus

651 3763 731 3824 16,
763 3764 843 3811 19.
892 3763 1023 3813 Luc.
1062 3764 1148 3823 24,
1174 3764 1256 3811 50.
1306 3762 1421 3812 Act.
1450 3764 1496 3824 1,
1524 3764 1571 3812 9.
1628 3763 1914 3824 Quaeritur
1958 3762 2116 3813 modo
2161 3778 2288 3812 num
2338 3762 2428 3811 alii
2475 3764 2608 3811 tanti
2657 3762 2902 3812 miraculi
2935 3762 3103 3810 flierint

650 3850 1017 3912 spectatores?
1051 3848 1373 3899 Benedictus
1399 3848 1559 3910 XIV„
1594 3848 1698 3899 hac
1735 3849 1800 3899 de
1827 3864 1882 3899 re
1909 3850 1942 3899 1.
1971 3866 2016 3900 c.
2041 3866 2093 3899 n.
2121 3850 2205 3899 47.
2245 3850 2455 3900 scribit:
2497 3848 2582 3909 „S.
2608 3850 2788 3899 Lucas
2815 3852 2868 3898 in
2893 3848 2999 3897 Act.
3020 3848 3102 3910 Ap.
3188 3852 3189 3865 ¹

652 3937 698 3995 1,
737 3936 816 3984 14.
873 3935 940 3985 de
988 3936 1051 3983 iis
1098 3936 1191 4000 qui
1241 3950 1308 3985 ex
1352 3940 1531 3985 monte
1578 3934 1776 3985 Olivcti
1823 3936 2251 4001 Hierosolymam
2300 3935 2571 3985 redierunt
2617 3940 2672 3984 et
2713 3936 3020 3986 introierunt
3059 3933 3104 3979 in
3188 3964 3189 3967 κ

650 4020 1023 4083 coenaculum,
1076 4026 1357 4087 postquam
1404 4020 1656 4070 undecim
1694 4024 2126 4072 commemoravit
2161 4022 2434 4087 apostolos
2472 4022 2548 4071 ait
2603 4022 2708 4081 „Hi
2753 4036 2934 4071 omnes
2975 4022 3104 4067 erant
3188 4024 3189 4081 ζ

648 4112 1053 4171 perseverantes
1088 4108 1410 4157 unanimiter
1454 4109 1509 4157 in
1548 4108 1788 4158 oratione
1825 4124 1944 4158 cum
1981 4108 2290 4159 mulieribus
2329 4112 2382 4157 et
2417 4113 2582 4157 matre
2620 4108 2754 4157 Jesu
2793 4114 2847 4157 et
2883 4105 3103 4156 fratribus
3188 4112 3189 4171 ζ

650 4193 813 4244 eius.“
870 4194 927 4243 Si
964 4194 1123 4260 igitur
1160 4194 1405 4244 undecim
1442 4194 1730 4260 Apostolos
1767 4194 2118 4244 coenaculum
2153 4194 2422 4259 ingressos
2457 4193 2746 4255 fateamur,
2803 4200 2862 4244 ut
2905 4206 3102 4257 aequum
3188 4206 3189 4235 3

652 4284 745 4341 est,
784 4286 1093 4346 praesentes
1128 4280 1293 4332 fuisse
1330 4281 1655 4344 ascensioni;
1691 4279 1834 4329 idem
1869 4282 2033 4331 etiam
2055 4280 2338 4330 dicendum
2366 4280 2576 4329 videtur
2601 4280 2668 4329 de
2705 4281 3016 4341 mulieribus,
3051 4276 3104 4324 d?
3188 4332 3189 4335 ,

650 4366 711 4415 Β.
731 4366 947 4432 Virgine
970 4394 1037 4405 --
1055 4367 1118 4417 V.
1145 4384 1196 4433 p.
1226 4370 1341 4419 169.
1368 4398 1427 4405 -
1449 4372 1503 4417 et
1527 4368 1762 4433 reliquis,
1790 4368 1856 4417 de
1883 4368 2078 4434 quibus
2104 4384 2143 4420 s.
2165 4368 2344 4417 Lucas
2370 4372 2652 4432 postquam
2677 4368 2924 4418 undecim
2947 4380 3102 4416 nume·
3188 4394 3189 4397 =

650 4452 789 4501 ravit
823 4453 1109 4520 Apostolos
1156 4456 1234 4503 ait
1271 4454 1357 4515 „hi
1394 4457 1546 4503 erant
1582 4470 1764 4505 omnes
1801 4460 2208 4521 perseverantes
2243 4456 2299 4503 in
2337 4454 2628 4504 oratione.“
2669 4454 2786 4505 Act.
2815 4460 2862 4515 1,
2888 4454 2969 4504 14.
2992 4452 3046 4499 V.
3079 4464 3104 4495 e
3188 4470 3189 4481 2

650 4534 801 4586 Vino.
838 4539 975 4588 Lud.
1012 4540 1183 4603 Gotti,
1244 4542 1441 4591 veritas
1492 4540 1784 4604 Religionis
1831 4540 2154 4591 christianae
2199 4540 2576 4591 demonstrata.
2616 4546 2679 4589 tr.
2716 4542 2778 4590 V.
2817 4556 2862 4591 c.
2887 4540 2963 4589 37.
2999 4540 3042 4599 §-
3062 4538 3102 4583 4.
3188 4560 3189 4613 {

650 4640 702 4673 n.
729 4625 812 4673 23.
851 4625 931 4673 ed.
960 4626 1092 4675 Ven.
1123 4627 1271 4675 1750.
1308 4644 1359 4692 p.
1386 4629 1507 4677 450.
