3267 5259
1147 447 1434 492 cumnotuiu
1459 449 1737 500 Emgeilca.
2542 431 2688 481 XLV

191 631 250 686 in
271 629 494 686 deserto
525 631 832 689 ieiunasse
859 626 899 688 ¹.
931 631 1202 688 Addendi
1235 634 1546 705 praeterea·
1569 634 1710 686 sunt
1732 629 1853 686 dies
1878 628 2253 704 profectionis
2274 629 2341 684 in
2372 627 2683 695 desertum,

187 732 402 811 aliquot
428 733 559 791 dies
589 735 963 806 tentationis,
996 739 1057 792 et
1085 733 1310 792 reditus
1347 754 1424 791 ex
1466 734 1691 791 deserto
1720 733 1795 790 ad
1823 731 1861 789 J
1862 733 2159 790 ordanem.
2220 732 2361 789 Post
2390 730 2683 808 quinqua-

187 837 346 911 ginta
371 836 622 896 circiter
655 839 782 896 dies
812 859 848 896 a
877 841 1170 914 baptismo
1197 837 1376 896 rediit
1405 838 1478 894 ad
1507 836 1545 894 J
1545 856 1793 895 oannem
1812 832 1869 906 ²3
1902 856 2078 912 penes
2106 855 2279 914 quem
2310 834 2537 913 aliquot
2564 834 2688 892 dies

185 946 556 1000 conversatus
585 947 686 1000 est
703 939 746 1000 ³.
779 942 1140 1001 Profectioni
1169 948 1366 1001 autem
1395 961 1432 1000 a
1461 941 1797 1000 Bethabara
1814 938 1841 978 ⁴
1886 943 1952 998 in
1982 939 2309 998 Galilaeam
2339 939 2689 998 tribuuntur

187 1049 297 1101 tres
344 1044 500 1116 dies;
553 1050 622 1103 et
676 1047 856 1105 tertio
905 1047 1000 1104 die
1053 1051 1183 1122 post
1231 1047 1488 1105 reditum
1541 1045 1769 1104 Christi
1820 1045 1885 1104 in
1930 1043 2259 1104 Galilaeam
2312 1045 2499 1103 factae
2548 1049 2691 1102 sunt

188 1149 420 1223 nuptiae
461 1149 532 1206 in
575 1148 748 1208 Cana
767 1148 810 1208 ⁵.
871 1149 1218 1224 colligimus
1255 1151 1366 1208 hoc
1401 1151 1572 1208 modo
1611 1150 2001 1224 sexaginta
2038 1147 2163 1206 fere
2202 1148 2343 1219 dies,
2386 1168 2423 1206 a
2466 1149 2687 1224 baptis÷

187 1257 334 1310 mate
361 1271 554 1331 usque
589 1255 670 1312 ad
701 1254 962 1330 primum
993 1255 1370 1325 miraculum3
1420 1257 1524 1333 qui
1563 1254 1723 1312 nihil
1762 1253 1857 1313 vel
1900 1273 2110 1330 parum
2146 1254 2367 1311 habent
2396 1252 2687 1327 ambigui-

188 1360 336 1415 tatis.
397 1358 696 1434 Superest
741 1359 929 1434 igitur
965 1362 1306 1436 supputatio
1335 1358 1618 1438 quamdiu
1650 1360 1932 1417 manserit
1963 1360 2029 1415 in
2060 1357 2236 1428 Cana,
2287 1361 2347 1415 et
2374 1363 2521 1436 quot
2565 1357 2687 1414 dies

187 1462 438 1520 haeserit
482 1462 556 1520 in
608 1463 1030 1540 capharnaum
1049 1461 1111 1521 ⁶?
1155 1463 1502 1542 priusquam
1553 1464 1626 1522 ad
1672 1463 1888 1520 festum
1931 1462 2223 1538 paschatis
2265 1461 2303 1519 J
2305 1462 2689 1540 erosolymam

189 1565 680 1641 proficisceretur.
743 1567 960 1626 Nullus
1013 1573 1206 1627 certus
1263 1587 1544 1626 numerus
1595 1567 1825 1626 dierum
1876 1567 2119 1643 ponitur
2170 1567 2245 1624 ab
2288 1567 2686 1642 Evangelista.

187 1669 536 1730 Coniectura
583 1672 905 1730 verisimili
943 1674 1180 1731 decem
1221 1679 1536 1731 sumuntur
1559 1671 1600 1730 ⁷.
1664 1673 1875 1730 Postea
1917 1691 2051 1730 cum
2080 1690 2258 1747 prope
2287 1677 2436 1729 esset
2464 1672 2687 1730 Pascha

191 1776 446 1834 aseendit
485 1777 528 1834 J
528 1777 926 1854 erosolymam
947 1775 988 1849 ⁸,
1039 1779 1136 1835 cui
1183 1777 1388 1835 itineri
1430 1777 1584 1836 sicut
1629 1782 1691 1835 et
1733 1777 1846 1848 illi,
1895 1777 2048 1854 quod
2078 1796 2115 1833 a
2144 1775 2302 1833 Cana
2332 1776 2397 1832 in
2428 1775 2685 1852 Caphar-

191 1900 360 1940 naum
389 1881 538 1939 fecit
570 1883 786 1940 itidem
815 1881 1042 1961 aliquot
1072 1883 1194 1940 dies
1223 1886 1402 1940 erunt
1433 1881 1735 1940 tribuendi
1754 1879 1797 1938 ⁹.
1859 1879 1989 1938 Hac
2029 1881 2255 1938 ratione
2298 1900 2333 1938 a
2370 1879 2597 1956 nuptiis
2620 1881 2687 1938 in

189 1985 356 2057 Cana,
403 1987 484 2044 ad
525 1987 760 2045 Pascha
787 2007 841 2044 a.
881 1991 1020 2045 780.
1065 1986 1137 2044 U.
1172 1987 1268 2056 C.;
1328 1992 1428 2044 27.
1465 1990 1602 2044 Aer.
1644 1986 1821 2061 Vulg.
1862 1984 2091 2060 Aprili:
2130 1989 2529 2061 supputantur
2566 1985 2689 2042 fere

191 2089 306 2148 dies
334 2092 862 2169 quadraginta.
895 2090 1114 2154 Quodsi
1143 2091 1245 2149 isti
1275 2111 1520 2150 numero
1549 2089 1865 2149 tentationi
1887 2108 2065 2165 supra
2090 2089 2317 2147 tributo
2337 2089 2680 2164 iungantur,

190 2195 442 2254 calculus
482 2201 724 2272 tempus
769 2195 1046 2271 baptismi
1077 2195 1298 2254 Christi
1338 2196 1583 2253 deducet
1620 2196 1694 2254 ad
1738 2194 2100 2271 principium
2136 2193 2173 2251 J
2174 2196 2429 2252 anuarii.
2491 2196 2687 2272 Atque

193 2299 336 2358 hanc
361 2301 732 2358 sententiam
761 2301 832 2358 de
864 2299 1042 2358 initio
1071 2300 1386 2358 ministerii
1417 2300 1641 2358 Christi
1672 2321 1739 2357 eo
1770 2279 2052 2358 libentius
2082 2299 2509 2374 amplectimur,
2544 2298 2685 2377 quia

191 2423 318 2461 cum
371 2404 630 2484 reliquis
669 2405 932 2462 historiis
987 2406 1164 2464 initia
1210 2411 1270 2463 et
1317 2405 1556 2463 termini
1601 2425 1895 2463 annorum
1939 2405 2257 2462 secundum
2303 2405 2413 2461 hoc
2458 2409 2687 2478 tempus

193 2509 550 2584 deprehendi
581 2514 844 2586 possunt.

393 2619 494 2672 33.
541 2616 666 2678 Quo
696 2634 842 2670 avano
874 2633 918 2673 s.
941 2615 1189 2671 Joaaemes
1217 2615 1290 2672 B.
1315 2617 1386 2670 ab
1419 2616 1639 2672 Herode
1670 2617 1727 2670 in
1758 2633 2029 2671 carcerem
2057 2616 2257 2672 mismo
2272 2615 2496 2682 suerit?
2528 2613 2685 2672 Hac-

199 2725 360 2776 tenus
389 2739 470 2776 ex
495 2719 961 2777 circumstantiis
983 2719 1386 2778 Historiarum
1411 2719 1721 2793 Evangelii
1746 2740 1792 2776 s.
1817 2717 1855 2775 J
1856 2719 2061 2776 oannis
2084 2717 2421 2777 invenimus
2444 2718 2687 2776 initium

199 2821 368 2896 primi
415 2825 569 2881 anni
624 2843 776 2880 esse:
823 2842 976 2882 cum
1027 2823 1370 2882 Christus
1413 2825 1490 2882 in
1534 2823 1847 2882 Jordaue
1897 2825 2350 2900 baptizatus,
2399 2823 2689 2898 Spiritu

197 2925 452 2986 Sancto
485 2933 779 3000 unctus,
810 2933 882 2986 et
909 2929 990 2986 ad
1021 2909 1584 3006 praedicandum
1617 2928 1867 2986 missus
1897 2927 2059 2986 fuit.
2100 2927 2527 3005 Complectitur
2548 2948 2685 3003 ergo

197 3031 372 3105 primi
415 3035 568 3092 anni
613 3034 724 3091 hoc
761 3032 1148 3092 intervallum
1191 3033 1466 3092 historias
1510 3033 1586 3092 D.
1619 3034 1695 3093 N.
1727 3032 1783 3091 J.
1828 3033 1891 3091 C.
1937 3053 2119 3112 usque
2166 3034 2239 3092 ad
2281 3032 2687 3110 captivitatem

199 3135 520 3212 Baptistae.
567 3135 724 3200 Quia
751 3157 890 3197 vero
921 3139 994 3196 ad
1015 3138 1346 3196 Historiam
1371 3137 1789 3213 Evangelicam
1817 3139 1929 3196 hoc
1957 3138 2135 3196 etiam
2166 3139 2441 3214 pertinet,
2476 3143 2545 3196 ut
2564 3138 2686 3196 sin-

201 3239 470 3313 gulorum
495 3242 1013 3317 Evangelistarum
1039 3244 1406 3301 narrationes
1429 3243 1634 3301 ordine
1656 3262 1760 3300 suo
1782 3242 2165 3312 collocentur;
2190 3245 2255 3300 in
2278 3241 2687 3320 disquisitione

203 3351 394 3403 nostra
443 3347 938 3423 progrediendum
969 3348 1084 3404 erit
1122 3348 1194 3405 ad
1240 3347 1743 3405 narrationem
1788 3346 2265 3422 captivitatis
2310 3345 2689 3423 Baptistae

205 3451 422 3508 ratione
471 3451 697 3510 ordinis
739 3450 1148 3509 collocandam.
1197 3451 1256 3508 S.
1287 3451 1324 3508 J
1326 3471 1541 3510 oannes
1574 3449 1957 3526 Evangelista
1985 3455 2115 3525 post
2145 3451 2505 3526 praeclaram
2536 3451 2687 3529 Bap-

205 3555 368 3614 tistae
399 3557 474 3614 de
505 3555 728 3614 Christi
771 3576 1018 3632 persona
1061 3561 1122 3614 et
1149 3557 1416 3614 doctrina
1446 3556 1783 3615 concionem
1808 3553 1855 3593 ¹⁰
1894 3555 2137 3614 subiicit
2179 3557 2579 3615 narrationem
2619 3558 2689 3615 de

205 3677 418 3720 secessu
449 3660 676 3719 Christi
705 3681 737 3718 e
765 3661 802 3719 J
805 3663 988 3720 udaea
1016 3661 1082 3720 in
1110 3659 1436 3719 Galilaeam
1465 3658 1532 3718 ¹¹.
1577 3661 1639 3718 S.
1670 3661 2005 3724 Matthaeus
2033 3679 2173 3720 vero
2200 3655 2248 3698 ¹²
2291 3665 2353 3720 et
2380 3662 2615 3728 Marcus
2644 3659 2691 3700 ¹3

206 3762 404 3823 dicunt
449 3765 514 3823 id
559 3765 850 3836 accidisse,
897 3771 1204 3844 postquam
1232 3765 1486 3824 Joannes
1516 3764 1771 3823 traditus
1800 3770 1965 3823 esset.
2030 3765 2159 3823 Imo
2198 3785 2243 3822 s.
2277 3765 2615 3825 Matthaeus
2642 3763 2689 3804 Η

411 4025 450 4089 ¹)
477 4023 666 4075 Matth.
691 4025 741 4086 4,
769 4026 818 4074 2.
855 4023 1018 4074 Marc.
1049 4026 1094 4085 1,
1124 4026 1206 4074 13.
1241 4023 1374 4074 Luc.
1395 4025 1444 4086 4,
1466 4027 1516 4074 2.
1555 4023 1618 4074 V.
1646 4039 1697 4090 p.
1724 4025 1807 4074 29.
1834 4041 1875 4075 s.
1927 4024 1969 4090 2)
1996 4024 2193 4076 Joann.
2222 4028 2268 4089 1,
2289 4027 2372 4076 29.
2424 4025 2465 4089 ³)
2491 4024 2687 4074 Joann.

215 4113 254 4170 1,
279 4115 360 4164 35.
397 4113 464 4162 V.
489 4129 544 4179 p.
569 4115 654 4163 41.
714 4113 758 4177 ⁴)
791 4112 854 4162 L.
892 4113 1015 4163 Not.
1045 4117 1082 4161 t.
1107 4127 1148 4161 s.
1175 4128 1354 4178 geogr.
1391 4129 1442 4178 p.
1467 4111 1663 4162 XXIX.
1726 4113 1769 4175 ⁵)
1806 4111 2002 4162 Joann.
2033 4114 2077 4174 1,
2103 4114 2186 4162 43.
2226 4115 2274 4174 2,
2304 4113 2350 4161 1.
2376 4127 2417 4161 s.
2466 4111 2529 4161 V.
2570 4111 2689 4160 Not.

211 4203 294 4248 ts.
311 4215 494 4266 geogr.
515 4217 566 4265 p.
587 4198 779 4248 XLIX.
803 4199 874 4249 H.
894 4199 960 4248 N.
977 4199 1040 4250 T.
1057 4215 1111 4265 p.
1131 4200 1214 4249 42.
1265 4199 1306 4266 ⁶)
1331 4199 1529 4250 Joann.
1548 4201 1598 4261 2,
1623 4201 1705 4249 12.
1758 4195 1799 4265 ⁸¹)
1826 4197 2099 4250 Samsonis
2124 4199 2425 4250 convivium
2448 4197 2690 4264 nuptiale

213 4284 322 4336 coll.
357 4287 486 4337 Jud.
527 4287 611 4347 14,
653 4287 731 4336 17.
781 4286 843 4334 V.
883 4285 1022 4336 Hist.
1059 4285 1189 4336 Rev.
1227 4287 1350 4336 Div.
1387 4286 1452 4337 V.
1488 4286 1552 4336 Τ.
1589 4301 1642 4351 p.
1680 4287 1799 4336 209.
1846 4286 2055 4336 duravit
2098 4301 2267 4352 usque
2305 4285 2373 4336 ad
2410 4286 2689 4350 septimum

211 4369 356 4423 diem.
381 4372 690 4424 Verisimile
723 4373 886 4438 igitur
919 4377 1002 4424 eut
1025 4371 1292 4424 Christum
1322 4389 1420 4439 per
1443 4357 1653 4438 aliquot
1684 4373 1720 4422 i.
1747 4387 1794 4422 e.
1830 4377 2083 4438 septem
2118 4372 2233 4422 dies
2266 4373 2324 4422 in
2360 4372 2513 4423 Cana
2545 4373 2689 4439 apud

213 4465 458 4524 cognatos
503 4460 779 4510 mansisse.
851 4459 934 4510 Ab
979 4459 1084 4510 illis
1139 4461 1278 4510 enim
1331 4465 1524 4526 postea
1576 4458 1859 4510 deducitur
1904 4457 2309 4524 Capharnaum,
2358 4460 2451 4511 ubi
2496 4461 2693 4510 mansit

213 4543 316 4596 dies
349 4563 460 4598 non
497 4545 709 4608 multos,
757 4552 818 4596 ut
850 4547 1026 4613 inquit
1059 4545 1302 4598 Joannes
1350 4549 1399 4597 2.
1452 4549 1532 4609 12,
1579 4545 1705 4597 coll.
1740 4546 1856 4598 Act.
1898 4548 1945 4609 1,
1982 4548 2032 4596 5.
2106 4545 2149 4612 8)
2185 4547 2251 4596 V.
2285 4547 2483 4598 Joann.
2522 4549 2603 4607 12,
2644 4547 2689 4595 1.

216 4631 254 4692 ⁰)
288 4634 344 4682 v.
373 4651 424 4699 p.
451 4635 539 4682 42.
605 4632 664 4698 ¹⁰)
701 4635 750 4695 3,
777 4635 998 4684 27—36.
1065 4633 1126 4696 ιι)
1165 4628 1395 4696 4,1-'3.
1463 4633 1524 4698 12)
1563 4635 1612 4697 4,
1643 4636 1722 4684 12.
1790 4633 1849 4700 13)
1890 4634 2047 4695 1,14.
2080 4634 2175 4698 ,¹4)
2212 4634 2275 4682 Ι..
2302 4651 2348 4683 c.
