3267 5259
1067 420 1111 468 8.
1133 422 1261 467 Pauli
1287 424 1504 478 epistolae
1529 420 1665 468 Roma
1698 424 1839 469 datae.
2556 411 2685 480 449

197 599 520 665 sichtigung
569 598 618 649 d.
675 600 1095 653 Pastoralbriefe
1139 601 1264 651 krit.
1302 600 1528 667 gepriift.
1578 601 1721 651 Berl.
1762 603 1913 653 1838.
1949 616 1999 667 p.
2031 604 2115 654 45.
2148 618 2191 653 s.
2245 602 2315 653 H.
2352 602 2558 665 Ewald,
2599 603 2685 653 die

197 684 637 737 Sendschreiben
663 686 758 737 des
782 688 882 753 Ap.
906 687 1126 739 Paulus.
1151 693 1204 738 u.
1231 704 1281 737 u.
1303 704 1348 737 e.
1376 688 1521 739 Gett.
1551 690 1700 739 1857.
1728 704 1777 753 p.
1804 690 1923 739 467.
1963 689 2192 751 Weisse,
2218 688 2348 754 phil.
2374 690 2684 755 Dogmatik.

197 772 394 837 Leipz.
419 774 568 835 1855,
595 790 645 839 p.
675 776 790 823 163.
818 790 860 825 s.
899 775 1032 825 nihil
1069 775 1420 826 laborandum
1459 780 1735 839 putamus3
1775 776 1903 840 quia
1937 777 2263 826 testimoniis
2300 778 2685 841 antiquissimis

199 864 435 923 quatuor
456 861 742 924 primorum
767 863 1075 925 praesertim
1101 861 1436 911 saeculorum
1461 860 1743 912 conficitur
1770 890 1829 899 —-
1850 878 1899 912 v.
1929 862 2170 925 Bfflmer,
2196 862 2409 929 Isagog.
2436 878 2486 927 p.
2514 865 2610 913 143
2636 880 2679 912 s.

201 973 272 982 —
311 950 366 995 et
399 946 622 996 internis
657 950 984 1012 argumentis
1021 948 1234 1013 egregie
1277 954 1622 999 sustentatur.
1672 950 1911 1015 Lingua,
1951 949 2166 1001 dicendi
2202 966 2397 1015 genus,
2436 946 2687 1017 οἰκονομία

199 1048 394 1097 reapse
413 1032 644 1084 Paulina
669 1040 809 1084 sunt.
847 1035 1304 1097 Quemadmodum
1327 1037 1385 1085 in
1407 1037 1601 1087 ceteris
1625 1036 1714 1085 hic
1751 1052 1965 1102 quoque
2000 1038 2335 1101 reperiuntur
2357 1037 2685 1097 Hebrsismi,

201 1118 472 1170 dictiones
510 1119 655 1171 haud
680 1120 1018 1185 artificiosae,
1055 1123 1336 1173 verborum
1371 1122 1661 1173 relationes
1687 1123 1993 1188 implicitae,
2019 1124 2321 1188 frequentia
2345 1124 2685 1183 anacolutha,

201 1212 260 1256 et
297 1222 436 1271 quae
471 1207 582 1258 alia
619 1208 772 1273 politi
823 1210 1093 1260 scribendi
1137 1210 1283 1261 modi
1333 1209 1546 1276 regulas
1595 1211 1827 1275 produnt
1874 1210 2166 1276 neglectas.
2223 1210 2431 1261 Obviae
2468 1215 2595 1260 sunt
2630 1212 2683 1260 in

197 1294 288 1343 his
335 1292 505 1344 literis
549 1295 806 1360 loquendi
851 1296 1111 1348 formulae
1156 1297 1417 1363 Apostolo
1459 1297 1778 1362 peculiares.
1832 1297 2079 1347 Cernitur
2125 1297 2281 1348 Pauli
2328 1297 2599 1357 facundia,
2636 1300 2683 1347 si

197 1383 380 1431 minus
417 1381 605 1445 solum,
653 1389 711 1433 at
744 1386 1034 1449 praecipue
1071 1388 1126 1435 in
1162 1384 1342 1450 ampla
1379 1386 1536 1450 copia
1571 1389 1627 1435 et
1662 1385 1880 1435 flumine
1917 1385 2091 1435 veloci
2128 1383 2436 1436 sublimium
2473 1390 2687 1435 senten-

197 1469 417 1531 tiarum,
457 1484 596 1534 quae
631 1476 882 1521 moveant
929 1470 1188 1521 lectorum
1236 1474 1440 1522 animos
1487 1470 1839 1537 aculeumque
1887 1471 2209 1537 relinquant.
2263 1472 2539 1522 Lubenter
2585 1471 2685 1521 hac

201 1556 270 1604 de
308 1570 366 1605 re
403 1572 445 1606 s.
483 1556 758 1607 Praesulis
810 1559 1190 1623 Hipponensis,
1245 1574 1402 1624 quem
1451 1564 1663 1609 constat
1712 1558 1839 1609 olim
1886 1558 2135 1609 docuisse
2172 1558 2485 1620 rhetoricen,
2523 1560 2687 1609 verba

196 1642 577 1703 adscribimus,
627 1642 694 1693 de
729 1644 915 1694 Doctr.
963 1644 1072 1695 chr.
1109 1648 1158 1709 4,
1199 1648 1245 1696 7.
1283 1644 1366 1695 ed.
1419 1645 1645 1695 Bruder.
1692 1661 1741 1711 p.
1782 1648 1895 1696 122.
1947 1646 2151 1707 „Sicuti
2200 1661 2327 1712 ergo
2369 1644 2684 1710 Apostolum

197 1734 496 1794 praecepta
542 1729 881 1795 eloquentiae
928 1737 1170 1783 secutum
1219 1732 1388 1783 fuisse
1433 1749 1542 1784 nou
1591 1734 1849 1795 dicimus,
1898 1734 1977 1783 ita
2020 1732 2163 1798 quod
2213 1734 2329 1783 eius
2366 1734 2683 1798 sapientiam

197 1816 518 1881 eloquentia
551 1823 741 1869 secuta
777 1820 850 1869 sit
885 1834 994 1869 non
1031 1823 1338 1885 negamus*

580 2096 620 2175 ἓ
667 2098 769 2163 89.
817 2094 1188 2181 Epistola
1233 2094 1295 2160 d.
1341 2095 1563 2160 Pauli
1610 2096 1706 2161 ad
1750 2096 2303 2197 Philemonem.

412 2284 902 2351 Philemonem¹
951 2288 1054 2350 cui
1099 2286 1265 2351 haec
1297 2286 1570 2373 epistola
1613 2288 1857 2373 scripta
1888 2297 2003 2371 est,
2049 2289 2310 2353 natione
2350 2287 2679 2373 Phrygem

195 2396 620 2483 eundemque
670 2397 1124 2465 Colossensem
1172 2401 1382 2463 civem
1438 2400 1658 2483 fuisse,
1705 2423 1931 2466 omnes
1976 2409 2225 2486 putant.
2282 2399 2683 2467 Christianus

195 2509 496 2575 redditus
539 2534 688 2575 cum
733 2534 940 2577 uxore
971 2512 1192 2599 Appia
1209 2515 1254 2595 ²,
1297 2514 1467 2577 inter
1495 2535 1648 2578 suos
1678 2512 1911 2577 nobilis
1943 2523 2138 2599 atque
2172 2514 2407 2598 insigni
2437 2516 2683 2600 pietate

197 2626 598 2710 conspicuus
621 2625 760 2690 fuit.
786 2624 866 2689 In
892 2626 1030 2690 eius
1053 2624 1324 2691 aedibus
1347 2625 1582 2692 Christi
1607 2624 1897 2691 asseclae
1924 2624 2007 2690 ad
2032 2634 2391 2691 conventus
2417 2622 2637 2691 sacros
2659 2629 2683 2669 ³

195 2739 560 2803 convenire
583 2737 954 2821 solebant⁴;
988 2761 1183 2825 quam
1214 2737 1503 2825 plurimis
1525 2738 1941 2823 benefacere,
1976 2748 2043 2803 et
2064 2740 2445 2825 praesertim
2481 2762 2675 2824 egen-

197 2850 378 2915 tibus
425 2850 792 2935 subvenire‚
825 2851 1189 2917 Philemoni
1226 2854 1560 2939 proprium
1606 2863 1747 2917 erat
1766 2856 1808 2916 ⁵.
1854 2851 2303 2917 Philemonem
2350 2851 2681 2917 dominum

199 2973 560 3050 propterea
593 2962 972 3029 deseruerat
1003 2986 1229 3029 servus
1262 2964 1611 3029 Onesimus
1632 2969 1675 3047 ⁶,
1720 2967 1871 3050 quia
1914 2964 2163 3051 aliquas
2194 2988 2299 3029 res
2331 2963 2686 3029 abstulerat

260 3146 328 3151 --—
370 3144 617 3151 ———-—-——

419 3228 456 3285 ¹)
495 3228 700 3278 Nomen
719 3225 982 3296 Φιλήμων,
1009 3234 1226 3290 amator,
1248 3228 1390 3293 apud
1409 3227 1647 3292 Phryges
1665 3228 1917 3293 frequens
1936 3233 2033 3278 est.
2052 3230 2137 3278 Ex
2156 3228 2343 3278 eadem
2361 3234 2519 3293 gente
2540 3233 2681 3279 certe

197 3322 256 3366 et
296 3314 573 3365 Philemon
610 3315 786 3365 clarus
839 3320 1002 3381 poeta
1055 3317 1286 3365 comicus
1340 3315 1456 3364 fuit.
1512 3314 1591 3364 cf.
1648 3314 1733 3364 Sc.
1790 3314 2033 3377 Gentilis,
2081 3316 2137 3364 in
2186 3315 2235 3364 d.
2282 3314 2437 3364 Pauli
2474 3315 2572 3381 Ap.
2610 3316 2681 3365 ad

197 3402 568 3453 Philemonem
607 3418 689 3467 ep.
727 3417 914 3451 comm.
941 3402 1320 3467 Norimbergae
1359 3404 1509 3452 1698.
1545 3418 1596 3467 p.
1638 3404 1721 3451 15.
1756 3402 1839 3451 An
1874 3408 2053 3452 noster
2090 3402 2341 3453 Colossae
2376 3418 2447 3452 an
2484 3402 2680 3452 Laodi-

198 3505 356 3540 ceam
405 3488 652 3538 habuerit
695 3490 956 3554 patriam?
1001 3476 1273 3538 incertum.
1330 3490 1460 3539 Post
1493 3494 1760 3539 versatum
1808 3488 2043 3540 Colossis
2094 3506 2157 3539 ex
2208 3488 2322 3539 Col.
2359 3491 2408 3551 4,
2447 3491 2495 3539 9.
2533 3496 2676 3539 recte

200 3576 452 3627 efficitur.
492 3576 716 3625 Videtur
761 3575 1038 3625 Philemon
1087 3591 1252 3641 opera
1288 3591 1329 3626 s.
1369 3576 1524 3625 Pauli
1573 3576 1641 3627 ad
1690 3592 1846 3627 sacra
1900 3576 2189 3627 christiana
2236 3592 2552 3640 conversus3
2600 3582 2683 3626 ast

201 3662 340 3714 illud
367 3678 540 3728 neque
567 3662 803 3713 Colossis
839 3677 1012 3728 neque
1037 3662 1340 3713 Laodiceae
1376 3662 1586 3725 accidit,
1625 3678 1757 3728 quas
1790 3664 2033 3713 civitates
2071 3662 2163 3713 illo
2202 3662 2391 3713 saltem
2426 3668 2679 3729 tempore,

199 3766 312 3817 quo
348 3749 626 3800 Philemon
661 3766 690 3799 e
725 3748 910 3815 gentili
944 3749 1263 3799 christianus
1297 3751 1470 3799 factus
1504 3757 1586 3801 est
1617 3764 1660 3799 s.
1696 3749 1897 3799 Paulus
1932 3749 2165 3800 nondum
2201 3750 2349 3799 vidit.
2383 3751 2447 3800 V.
2486 3767 2537 3816 p.
2563 3752 2679 3799 444.

196 3840 366 3889 Forte
389 3837 594 3903 Ephesi
629 3852 748 3887 eum
784 3838 1058 3886 convertit.
1092 3836 1208 3885 Act.
1239 3838 1317 3898 19,
1344 3839 1428 3887 20.
1479 3836 1719 3887 Graecae
1743 3837 2019 3887 Ecclesiae
2046 3838 2272 3887 Menaea
2306 3837 2483 3886 ferunt
2510 3836 2681 3885 Phile-

197 3940 416 3976 monem
451 3924 760 3989 episcopum
797 3922 978 3973 Gazae
1017 3924 1268 3985 evasisse,
1308 3928 1362 3973 et
1401 3924 1471 3973 ad
1509 3930 1799 3973 extremum
1836 3926 2127 3989 imperante
2166 3924 2376 3972 Nerone
2421 3920 2681 3989 μαρτύριον

199 4011 504 4079 pertulisse.
533 4010 614 4061 cf.
634 4010 942 4071 Tillemont,
963 4011 1202 4060 Memoir.
1228 4011 1272 4060 Ι.
1297 4015 1405 4060 not.
1429 4024 1471 4060 s.
1499 4011 1552 4060 S.
1579 4010 1715 4060 Paul
1740 4013 1821 4061 66.
1848 4028 1899 4076 p.
1920 4012 2039 4059 574.
2076 4010 2117 4075 ²)
2136 4011 2219 4059 De
2244 4010 2344 4059 hae
2369 4026 2417 4058 v.
2443 4009 2681 4071 Demme,

199 4098 516 4163 Erklarung
557 4097 606 4149 d.
644 4098 850 4148 Briefes
893 4112 964 4147 an
1001 4096 1294 4147 Philemon.
1341 4097 1510 4149 Bresl.
1551 4098 1701 4148 1844.
1744 4113 1797 4162 p.
1836 4100 1917 4147 10.
1953 4097 1992 4156 ³)
2030 4095 2111 4146 Ad
2146 4080 2383 4160 synaxes
2428 4095 2680 4161 agendas.

203 4188 246 4251 ⁴)
275 4185 434 4237 Unde
465 4200 618 4235 suum
644 4186 814 4250 ipsius
848 4178 1078 4252 συνεργὸν
1113 4200 1164 4233 v.
1197 4184 1232 4233 l.
1271 4190 1442 4234 vocat.
1479 4185 1530 4234 d.
1569 4184 1795 4248 Paulus;
1834 4185 1875 4247 ⁵)
1903 4184 2052 4244 Quae
2087 4184 2264 4233 omnia
2296 4198 2403 4233 non
2436 4186 2683 4249 poterant

199 4290 312 4323 non
347 4272 583 4323 laetitiae
617 4286 784 4322 causa
806 4271 1064 4337 Apostolo
1100 4286 1232 4321 esse.
1272 4272 1334 4321 V.
1361 4274 1408 4321 5.
1437 4277 1490 4321 et
1517 4274 1562 4321 7.
1612 4270 1655 4337 ⁶)
1690 4270 1977 4321 Familiare
2011 4271 2179 4321 servis
2202 4270 2341 4319 inter
2368 4268 2601 4319 Graecos
2630 4274 2681 4317 et

197 4361 429 4411 Latinos
457 4356 738 4427 Ὀνήσιμος,
763 4359 923 4419 utilis,
949 4374 1168 4423 nomem
1204 4358 1344 4424 quod
1383 4363 1532 4423 patet
1555 4374 1618 4407 ex
1644 4358 2079 4423 inscriptionibus
2104 4357 2263 4406 variis
2288 4370 2323 4406 a
2344 4357 2409 4406 V.
2437 4354 2679 4406 Chimen-

198 4447 350 4497 tellio
385 4446 622 4497 collectis
659 4446 728 4496 ad
763 4461 992 4497 marmor
1027 4446 1280 4496 Pisanum
1315 4445 1380 4495 de
1416 4444 1615 4495 honore
1640 4443 1826 4493 Biselli
1862 4461 1907 4493 c.
1934 4444 1983 4493 8.
2008 4444 2065 4493 in
2090 4442 2140 4493 J.
2170 4441 2233 4493 G.
2260 4441 2493 4505 Graevii,
2520 4442 2678 4493 Thes.

197 4533 378 4599 Antiq.
405 4533 489 4583 ed.
509 4534 641 4583 Ven.
671 4534 821 4583 1735.
845 4532 967 4597 vn,
996 4534 1149 4585 2052.
1185 4534 1286 4582 Est
1311 4535 1493 4582 autem
1510 4528 1765 4599 Ὀνήσιμος
1791 4530 1929 4581 idem
1956 4546 2021 4581 ac
2040 4528 2303 4597 Χρήσιμος,
2330 4529 2475 4595 quod
2499 4530 2679 4580 utilem

198 4636 265 4672 ac
291 4620 628 4671 commodum
659 4620 878 4671 indicat.
905 4620 1146 4679 „Natione
1171 4619 1349 4685 Phryx
1375 4623 1504 4680 erat,
1543 4618 1609 4669 de
1646 4618 1725 4669 his
1752 4620 2081 4669 notissimum
2106 4617 2239 4667 illud
2267 4617 2535 4683 „Phryges
2560 4633 2679 4668 sero

305 4714 515 4763 Danko,
545 4712 661 4755 Uist.
691 4712 989 4755 lte-velationis
1015 4712 1204 4754 divinae.
1235 4712 1288 4752 11.
2305 4707 2370 4755 ‘29
