3267 5259
1148 442 1431 495 amanum
1458 456 1495 484 a.
1515 444 1676 485 num.
2524 430 2658 495 285

194 622 437 679 medendi
490 622 733 691 habuit,
790 622 1094 707 derivatur
1120 618 1160 678 ¹.
1245 620 1545 684 Quomodo
1596 623 1784 695 igitur
1839 620 2102 697 Apostoli
2157 623 2228 679 de
2275 622 2658 697 piscatoribus

196 726 437 801 piscium,
472 726 785 801 piscatores
814 726 1119 783 hominum
1152 725 1295 783 facti
1324 730 1495 793 sunt3
1544 727 1631 783 ita
1673 746 1718 783 s.
1752 725 1939 783 Lucas
1969 726 2040 781 de
2069 727 2290 784 medico
2331 745 2656 801 corporum,

197 831 249 885 in
276 830 555 887 medicum
586 850 788 887 versus
834 834 921 887 est
950 833 1283 887 animarum
1300 826 1343 887 ².
1406 832 1503 887 Au
1536 836 1836 905 praeterea
1865 830 2128 887 animum
2160 830 2336 887 dabat
2365 830 2437 887 ad
2469 835 2656 887 artem

198 933 477 1009 pictoriam
541 934 896 1009 disputatur.
990 932 1151 991 Illud
1211 934 1555 1008 cumprimis
1614 938 1868 1003 certum,
1933 932 2164 991 nullum
2222 934 2287 989 in
2346 954 2392 991 s.
2441 934 2658 995 Literis

199 1038 419 1111 reperiri
453 1040 578 1093 eius
602 1040 689 1093 rei
720 1038 1059 1109 vestigium,
1094 1038 1248 1095 unde
1279 1038 1675 1095 controversia
1705 1038 1847 1095 haec
1876 1036 2108 1093 definiri
2141 1042 2347 1112 posset.
2395 1036 2657 1095 Traditio

198 1146 371 1198 tamen
412 1141 529 1199 fert
574 1142 854 1218 antiqua,
904 1142 1173 1217 deinceps
1219 1124 1598 1199 aevo'medio
1645 1146 1772 1199 tum
1817 1142 1967 1216 apud
2012 1140 2284 1211 Graecos,
2338 1146 2463 1198 tum
2504 1142 2654 1216 apud

200 1244 412 1302 Iatinos
434 1264 633 1302 omnes
652 1246 764 1301 hoc
786 1244 977 1321 ipsum
1001 1246 1341 1316 docuerunt,
1370 1264 1415 1303 s.
1437 1244 1659 1301 Lucam
1685 1244 1962 1320 pictoriae
1986 1264 2214 1323 quoque
2237 1244 2382 1302 artis
2407 1265 2654 1318 gnarum

198 1349 351 1404 fuime
368 1346 409 1405 ³.
470 1349 593 1406 Nos
624 1368 825 1423 porro,
876 1368 951 1405 ne
980 1368 1017 1406 a
1046 1348 1307 1423 praefixo
1354 1350 1714 1406 abducamur
1751 1368 1920 1424 scopo
1950 1349 2022 1406 ad
2053 1349 2240 1407 multo
2270 1348 2560 1406 nobiliora
2587 1351 2658 1406 de

196 1472 235 1507 s.
268 1452 415 1509 Luca
471 1453 665 1509 adhuc
722 1453 967 1509 dicenda
1025 1458 1323 1510 vertamus
1383 1472 1726 1510 sermonem.
1818 1452 1958 1509 Esto
2011 1454 2169 1509 enim
2229 1454 2420 1527 ipsum
2479 1454 2658 1511 fuisse

199 1558 425 1630 peritum
454 1558 745 1613 medicum
766 1602 779 1628 ‚
823 1562 945 1614 esto
975 1560 1273 1630 egregium
1305 1556 1617 1632 pictorem3
1667 1558 1930 1613 omnium
1959 1558 2198 1614 omnino
2229 1560 2656 1631 praestantissi-

196 1678 335 1716 mum
363 1666 449 1719 est
478 1660 919 1735 Evangelistam
967 1662 1150 1734 egisse
1180 1664 1241 1717 et
1270 1659 1623 1735 discipulum
1656 1660 2087 1735 Apostolorum.
2149 1660 2206 1716 S.
2240 1659 2460 1717 Lucam
2501 1662 2659 1718 inter

198 1765 389 1838 primos
440 1764 855 1841 Apostolorum
914 1764 1227 1839 discipulos
1286 1764 1465 1821 fuisse
1524 1784 1601 1821 ex
1659 1764 1934 1839 imposito
1991 1764 2284 1821 scribendi
2343 1764 2656 1837 Evangelii

198 1869 525 1940 ministerio,
574 1869 1003 1946 individuoque
1041 1889 1089 1925 s.
1122 1868 1293 1925 Pauli
1324 1869 1607 1926 comitatu
1645 1869 1946 1925 desumere
1977 1867 2142 1939 licet,
2193 1886 2299 1925 nec
2343 1872 2430 1925 est
2457 1870 2561 1945 qui.
2593 1870 2656 1925 in

198 1972 415 2031 dubium
465 1978 654 2031 vocet.
740 1972 869 2030 Hoc
920 1978 1117 2031 autem
1168 1973 1373 2049 quaeri
1426 1976 1615 2048 potest
1630 2016 1646 2043 ,
1695 1990 1810 2050 quo
1859 1978 2116 2047 tempore
2163 1971 2410 2029 Sanctus
2461 1978 2658 2029 noster

198 2074 391 2135 christi
420 2078 723 2135 doctrinae
770 2078 1118 2135 adhaeserit.
1181 2076 1433 2137 Veritati
1466 2078 1738 2152 proxima
1780 2077 2020 2135 videtur
2050 2094 2248 2133 eorum
2279 2076 2502 2151 opinio,
2553 2076 2655 2154 qui

200 2182 521 2239 Antiochiae
552 2182 613 2239 id
647 2182 961 2255 contigisse
990 2186 1291 2249 statuunt3
1340 2186 1401 2239 et
1429 2182 1666 2258 quidem
1698 2200 1764 2237 eo
1793 2184 2068 2254 tempore,
2103 2196 2216 2257 quo
2245 2180 2392 2237 viris
2423 2179 2658 2256 Cypriis

198 2290 247 2341 et
290 2285 595 2362 Cyrenaeis
648 2285 735 2343 ibi
791 2286 1161 2355 docentibus,
1218 2304 1463 2359 magnus
1516 2284 1869 2343 Graecorum
1915 2302 2192 2341 numerus
2236 2284 2308 2340 ad
2357 2283 2656 2341 Christum

199 2392 623 2448 convertebatur
640 2388 687 2447 ⁴.
764 2389 934 2446 Unde
978 2408 1177 2447 rursus
1222 2388 1395 2446 facile
1438 2388 1769 2461 colligitur:
1814 2388 2035 2445 Lucam
2080 2406 2265 2465 neque
2307 2407 2382 2444 ex
2422 2392 2654 2462 septua-

199 2495 341 2565 ginta
386 2494 603 2551 Christi
662 2492 965 2568 discipulis
1016 2492 1311 2550 exstitisse
1362 2511 1578 2560 unum;
1633 2510 1822 2569 neque
1875 2510 1994 2549 una
2035 2508 2166 2549 cum
2213 2490 2468 2565 Cleopha
2515 2492 2658 2549 Jesu

198 2600 479 2654 occurrisse
497 2596 540 2655 5.
634 2598 775 2655 Post
833 2602 1153 2671 susceptam
1207 2596 1427 2653 Christi
1488 2595 1664 2652 fidem
1717 2616 1835 2653 non
1893 2599 2125 2653 tantum
2186 2612 2319 2651 cum
2372 2616 2417 2652 s.
2471 2594 2656 2653 Paulo

378 2846 415 2911 ι)
452 2846 534 2895 ef.
562 2846 663 2894 Ev.
698 2847 749 2905 4,
776 2846 860 2896 38.
886 2847 969 2894 40.
1008 2848 1057 2907 5,
1086 2845 1165 2894 17.
1192 2846 1275 2893 31.
1314 2846 1363 2907 6,
1392 2846 1472 2894 18.
1511 2845 1559 2905 7,
1590 2846 1670 2893 10.
1709 2845 1756 2905 9,
1785 2847 1832 2894 2.
1860 2848 1936 2894 11.
1986 2846 2104 2893 Act.
2133 2846 2213 2907 13,
2250 2847 2331 2894 11.
2394 2844 2546 2906 Quae
2585 2844 2654 2895 de

196 2944 229 2977 s.
250 2931 389 2981 Luca
432 2932 639 2981 medico
678 2930 785 2981 dici
820 2937 1047 2998 possunt
1090 2931 1309 2981 uberius
1346 2930 1709 2995 digesserunt:
1755 2930 1807 2980 J.
1843 2931 1911 2982 D.
1948 2930 2214 2992 Winkler,
2262 2932 2328 2981 de
2365 2931 2518 2981 Luca
2553 2933 2654 2982 Ev.

198 3018 390 3068 medico.
444 3018 595 3084 Lips.
632 3019 785 3069 1736.
843 3018 905 3067 Β.
942 3017 1005 3067 G.
1042 3016 1359 3079 Clauswitz,
1406 3016 1471 3067 de
1508 3016 1662 3066 Luca
1695 3016 1797 3066 Ev.
1833 3016 2056 3067 medice.
2101 3016 2226 3067 Hal.
2267 3019 2417 3068 1740.
2491 3016 2532 3084 ²)
2579 3018 2654 3069 Ut

198 3104 439 3169 eleganter
461 3106 651 3156 scribit
674 3122 717 3155 s.
737 3105 1111 3169 Hieronymus,
1138 3118 1327 3153 comm.
1351 3104 1407 3152 in
1433 3118 1516 3168 ep.
1538 3102 1607 3152 ad
1632 3102 1852 3152 Philem.
1873 3119 1925 3153 V.
1945 3105 2028 3153 24.
2055 3104 2174 3167 Vn,
2202 3105 2318 3153 763.
2376 3101 2419 3169 ⁸)
2443 3105 2658 3169 Negant

198 3190 243 3237 id
274 3192 591 3243 Heterodoxi
628 3208 841 3253 omnes,
888 3196 1051 3257 atque
1089 3206 1153 3240 ex
1193 3189 1487 3240 Catholicis
1524 3204 1738 3255 quoque
1774 3189 1916 3238 haud
1953 3190 2130 3255 pauci.
2192 3188 2273 3239 Cf.
2306 3190 2486 3240 Frova
2522 3190 2654 3241 Can.

198 3276 377 3341 Later„
424 3278 553 3329 diss.
592 3278 660 3327 de
696 3293 741 3328 s.
776 3276 1115 3343 imaginibus.
1176 3276 1312 3326 Ven.
1352 3278 1503 3327 1750.
1576 3276 1712 3326 Utut
1757 3292 1842 3326 res
1893 3292 1950 3325 se
1998 3275 2222 3337 habeat,
2278 3280 2514 3326 nostrum
2564 3278 2656 3342 qui

198 3362 593 3430 Evangelistam‚
648 3380 755 3415 non
802 3366 1060 3431 pictorem
1096 3364 1429 3428 quaerimus,
1466 3362 1610 3412 haud
1657 3366 1738 3413 est
1775 3364 2094 3427 negantibus
2132 3362 2447 3412 Criticorum
2493 3376 2653 3428 argu-

198 3452 359 3501 mentis
392 3467 708 3519 responsum
747 3451 1114 3501 accomodare.
1186 3450 1387 3499 Fecere
1424 3448 1525 3499 hoc
1561 3450 1613 3499 J.
1641 3448 1884 3511 Gretser,
1931 3454 2191 3514 syntagm.
2230 3449 2296 3499 de
2331 3450 2654 3515 imaginibus

198 3551 333 3587 manu
365 3554 473 3589 non
518 3538 703 3601 factis,
754 3537 927 3603 deque
975 3537 1097 3587 aliis
1132 3551 1167 3586 a
1203 3552 1245 3586 s.
1271 3538 1423 3586 Luca
1458 3536 1616 3601 pictis
1654 3551 1699 3586 c.
1741 3538 1822 3586 18.
1870 3535 2031 3601 Oper.
2069 3536 2182 3598 XV,
2219 3538 2339 3586 205.
2369 3553 2412 3587 s.
2459 3537 2514 3586 J.
2549 3551 2657 3587 van

198 3620 375 3687 Heeke,
398 3640 588 3675 comm.
614 3624 763 3674 laud.
788 3626 837 3685 §-
862 3626 913 3685 4,
939 3624 1023 3674 60.
1050 3637 1092 3673 s.
1118 3640 1169 3689 p.
1196 3625 1315 3674 296.
1376 3622 1449 3673 Ut
1484 3637 1613 3672 vero
1652 3620 2072 3672 demonstremus
2109 3624 2382 3688 antiquam
2418 3622 2656 3674 traditio-

198 3724 297 3759 nem
336 3712 533 3764 habere
569 3726 613 3761 s.
638 3712 845 3761 Lucam
892 3712 1145 3776 pictorem
1189 3709 1359 3761 fuisse
1399 3708 1632 3759 sufficiat
1678 3708 1944 3759 advocare
1982 3708 2321 3760 Theodorum
2357 3710 2656 3772 Lectorem,

200 3798 477 3863 scriptorem
526 3813 673 3849 saec.
714 3797 807 3847 VI.
839 3825 901 3834 —
942 3814 992 3845 v.
1034 3797 1289 3859 Fabricii,
1332 3795 1469 3845 Bibl.
1513 3812 1589 3861 gr.
1634 3796 1752 3858 VII,
1795 3797 1915 3847 435.
1964 3796 2238 3846 laudatum
2282 3811 2315 3846 a
2363 3811 2406 3846 s.
2441 3796 2654 3847 Joanne

200 3882 523 3948 Damascene,
548 3886 617 3935 de
642 3887 799 3950 imag.
824 3883 923 3934 111.
950 3900 1002 3949 p.
1028 3884 1147 3934 386.
1168 3910 1234 3920 --
1254 3882 1399 3949 apud
1424 3882 1698 3933 Valesium
1724 3882 1806 3932 ed.
1832 3882 1953 3932 Par.
1983 3883 2133 3932 1673.
2155 3898 2207 3947 p.
2241 3884 2358 3932 561.
2407 3882 2654 3947 Excerpt.

200 3984 251 4016 ex
281 3970 389 4022 hist.
423 3972 557 4023 eccl.
608 3972 905 4036 Inscriptos
937 3970 1145 4035 lapides
1187 3969 1331 4036 apud
1367 3969 1687 4035 Aringhum,
1725 3970 1896 4019 Roma
1931 3969 2284 4019 subterranea
2317 3969 2408 4018 IV.
2443 3970 2528 4031 46,
2569 3970 2654 4018 10.

202 4055 267 4105 ed.
290 4058 426 4109 Rom.
454 4061 610 4109 1651.
646 4058 718 4120 11,
744 4060 863 4108 390.
900 4058 1025 4107 item
1050 4056 1407 4122 Nicephorum
1434 4055 1668 4117 Callisti,
1707 4055 1858 4105 Eccl.
1883 4056 2021 4107 Hist.
2046 4055 2117 4118 11,
2143 4057 2226 4105 43.
2253 4055 2334 4105 ed.
2367 4054 2655 4104 Frontonis

204 4140 375 4195 Ducaei
412 4145 467 4196 S.
485 4146 540 4196 J.
567 4145 689 4195 Par.
717 4146 870 4195 1630.
908 4143 951 4205 1,
977 4146 1095 4193 210.
1121 4142 1265 4205 XIV,
1304 4145 1352 4192 2.
1389 4142 1461 4204 ΙΙ,
1487 4144 1607 4193 440.
1643 4148 1697 4193 et
1729 4142 1844 4205 XV,
1883 4145 1964 4192 14.
1989 4158 2040 4207 p.
2067 4142 2186 4191 607.
2251 4142 2293 4207 ⁴)
2317 4140 2432 4191 Act.
2461 4144 2544 4203 11,
2571 4142 2654 4189 20.

204 4224 335 4281 Forte
368 4248 417 4283 a.
451 4250 506 4299 p.
541 4232 601 4282 G.
636 4232 721 4281 43.
774 4230 856 4280 Cf.
888 4230 1209 4291 Eusebium,
1243 4228 1383 4279 Hist.
1417 4229 1566 4279 Eccl.
1601 4230 1682 4291 11,
1719 4230 1768 4279 3.
1801 4245 1854 4295 p.
1891 4230 1976 4278 42.
2027 4227 2079 4277 S.
2113 4228 2166 4278 J.
2203 4226 2652 4292 Chrysostomum,

204 4312 245 4362 in
274 4318 377 4367 Act.
400 4320 501 4385 Ap.
525 4319 667 4370 hom.
702 4318 870 4379 XXV,
900 4319 945 4367 1.
978 4316 1071 4379 IX,
1098 4318 1215 4367 200.
1254 4314 1387 4365 Cum
1414 4316 1553 4365 enim
1578 4332 1620 4367 s.
1647 4315 1850 4365 Paulus
1876 4315 2122 4380 nuspiam
2145 4313 2354 4379 legatur
2377 4328 2420 4363 s.
2450 4314 2653 4363 Lucam

204 4414 391 4455 vocasse
422 4405 675 4467 „filium“‚
706 4411 860 4455 recta
886 4402 1151 4453 ducuntur
1174 4402 1635 4468 interpretatione,
1667 4404 1759 4467 qui
1787 4402 2034 4452 dubitant
2057 4399 2460 4465 Evangelistam
2484 4400 2655 4450 Paulo

204 4492 419 4554 magistro
446 4490 613 4541 Sacra
638 4490 949 4541 Christiana
979 4488 1280 4554 amplexum
1304 4488 1485 4539 fuisse.
1546 4488 1589 4553 ⁵)
1615 4489 1681 4538 V.
1701 4506 1752 4554 p.
1777 4490 1890 4539 170.
1933 4488 2086 4537 Haec
2111 4488 2379 4537 sententia
2401 4486 2658 4537 refellitur

204 4582 447 4637 praeterea
484 4592 517 4627 a
548 4578 889 4645 praefatione
924 4576 1219 4641 Evangelio
1264 4576 1564 4641 proposita,
1610 4580 1666 4624 et
1699 4581 1814 4625 toto
1851 4574 2170 4624 narrationis
2217 4589 2346 4624 suae
2389 4578 2656 4624 contextu.
