3267 5259
1153 458 1337 501 Nomina
1360 459 1469 501 Jesu
1496 459 1674 501 Christi.
2542 448 2668 514 Μ

215 658 305 717 que
320 644 551 697 naturae
569 641 637 696 in
651 638 1017 717 ChrisQCf.
1036 639 1091 697 J.
1114 639 1291 711 Bade,
1308 639 1453 697 bibl.
1472 639 1654 697 theol.
1671 639 2074 714 Abhandluug
2088 644 2148 697 ii.
2165 641 2222 697 d.
2249 640 2518 698 Gottheit
2529 641 2566 699 J
2567 660 2668 699 esu

217 742 329 801 chr.
356 746 435 800 im
460 743 539 800 N.
562 742 631 801 T.
656 742 905 801 Paderb.
937 748 1121 801 1861.
1146 762 1205 819 p.
1230 747 1329 801 34.
1360 764 1407 801 s.
1455 744 1686 802 Nomen
1705 744 2022 820 septimum
2053 744 2306 815 ,Filius
2335 744 2418 802 ho
2431 745 2666 802 minis‘

220 866 315 925 quo
338 866 393 904 se
412 846 701 905 Dominus
723 847 935 905 Noster
970 849 1143 905 toties
1172 847 1511 923 adpellavit,
1544 849 1810 927 quodque
1831 868 1908 906 ex
1937 848 2160 907 illustri
2187 849 2341 924 apud
2363 848 2670 906 Danielem

222 955 263 1021 ἲ,
296 955 379 1008 13.
416 954 509 1009 14.
554 951 841 1010 vaticinio
874 984 959 993 -—
988 970 1163 1029 quem
1206 951 1399 1010 locum
1442 952 1734 1011 Ecclesiae
1767 952 1970 1010 Patres
1999 957 2060 1010 et
2097 952 2420 1028 Scriptores
2449 972 2498 1010 e.
2532 972 2588 1027 g.
2619 972 2665 1010 s.

216 1056 445 1113 Justinus
472 1057 575 1126 M„
608 1056 841 1129 dialogo
881 1074 1015 1113 cum
1044 1055 1267 1132 Tryph.
1300 1076 1361 1113 n.
1401 1061 1499 1126 76,
1531 1076 1589 1131 p.
1626 1061 1770 1113 261.
1831 1076 1876 1113 s.
1909 1057 2205 1127 Itonaeos,
2253 1062 2458 1115 contra
2500 1058 2664 1115 haer.

218 1160 303 1217 IV.
330 1164 423 1230 20,
458 1164 555 1217 11.
587 1179 645 1235 Ρ.
680 1162 825 1217 630.
880 1158 1297 1230 Tertullianus,
1330 1160 1464 1217 adv.
1496 1160 1778 1217 Marcion.
1805 1159 1913 1231 IV,
1950 1164 2052 1218 39.
2085 1179 2142 1236 p.
2171 1164 2315 1218 245.
2368 1180 2414 1218 s.
2447 1161 2660 1219 Hiero-

216 1282 425 1339 nymus,
464 1280 673 1321 comm.
724 1265 791 1321 in
832 1262 983 1321 Dan.
1023 1269 1085 1334 7,
1125 1267 1225 1321 13.
1257 1282 1315 1339 p.
1350 1268 1495 1321 670.
1570 1263 1983 1335 Theodoretus,
2035 1264 2342 1340 interpret.
2395 1266 2460 1321 in
2513 1264 2666 1323 Dan.

220 1372 263 1437 7,
294 1370 381 1425 13.
408 1385 465 1442 Ρ.
502 1371 691 1425 1200.
721 1386 767 1425 s.
818 1370 993 1445 atque
1038 1368 1217 1425 etiam
1262 1372 1385 1426 tam
1428 1371 1653 1425 veteres
1697 1386 1874 1445 quam
1919 1368 2265 1426 recentiores
2309 1368 2666 1428 «Iudaeorum

214 1472 555 1547 interpretes,
604 1475 675 1529 ut
717 1471 947 1546 prolixe
990 1472 1245 1531 ostendit
1286 1474 1363 1529 A.
1395 1472 1694 1550 Bynaeus,
1741 1472 1812 1529 de
1853 1472 2040 1530 natali
2067 1472 2124 1529 J.
2157 1471 2220 1530 C.
2253 1472 2342 1530 II.
2379 1478 2436 1544 2,
2476 1478 2574 1531 13.
2607 1494 2664 1549 Ρ.

215 1580 337 1633 496.
382 1596 427 1633 s.
470 1596 591 1634 uno
641 1594 923 1634 consensu
973 1576 1045 1634 de
1097 1576 1308 1635 Messia
1358 1577 1658 1652 accipiunt
1685 1608 1770 1618 —
1801 1581 1996 1633 ortum
2014 1621 2029 1647 ,
2083 1580 2394 1655 posteaque
2445 1597 2482 1635 a
2529 1578 2567 1635 J
2569 1596 2670 1636 esu

214 1685 497 1737 assumtum
526 1698 665 1751 esse,
707 1700 829 1737 una
856 1699 1039 1755 paene
1067 1682 1361 1738 sententia
1386 1682 1507 1739 viri
1536 1681 1692 1739 docti
1723 1680 2063 1739 defendunt.
2117 1681 2382 1755 Octogies
2417 1682 2538 1740 fere
2569 1682 2668 1740 vel

216 1783 491 1861 quinquies
520 1788 579 1841 et
607 1785 1011 1862 quinquagies,
1050 1784 1191 1843 locis
1220 1785 1431 1843 demtis
1461 1784 1775 1861 parallelis,
1799 1786 2000 1843 Jesum
2028 1804 2088 1841 se
2124 1784 2416 1856 ,Filium
2446 1787 2668 1845 homi-

218 1888 325 1943 nis‘
364 1888 649 1945 dicentem
692 1888 1033 1963 reporimus.
1095 1888 1169 1945 Id
1212 1888 1415 1964 procul
1459 1890 1621 1946 omni
1667 1890 1844 1947 dubio
1889 1908 2008 1947 uon
2051 1894 2140 1946 est
2181 1889 2404 1947 factum
2437 1893 2553 1947 nisi
2595 1893 2670 1949 ob

216 2010 415 2049 causam
456 2010 699 2066 gravem
742 1997 921 2070 atque
962 1992 1341 2067 singularem.
1402 1992 1623 2051 Verum
1667 1995 1734 2051 in
1779 2013 1847 2051 ea
1889 1993 2238 2068 assignanda
2251 2038 2266 2065 ,
2301 2012 2486 2073 neque
2527 1993 2670 2053 olim

218 2094 336 2165 fuit,
378 2114 561 2174 neque
604 2096 781 2155 hodie
822 2100 911 2153 est
951 2116 1073 2155 una
1100 2098 1363 2155 omnium
1408 2097 1609 2173 opinio
1643 2102 2180 2156 commentatorum.
2240 2098 2330 2156 Ea
2357 2099 2670 2157 admodum

220 2198 339 2256 trita
362 2206 445 2257 est
468 2205 530 2258 et
557 2199 835 2275 plurimis
881 2201 1125 2276 probata
1166 2203 1459 2259 sententia
1486 2201 1852 2260 Salvatorem
1894 2221 2029 2259 cum
2071 2203 2369 2260 hominem
2398 2222 2458 2260 se
2490 2202 2673 2261 vellet

220 2300 379 2361 dicere
405 2299 533 2377 ,υἱὸν
564 2300 871 2380 &vopdmu‘
911 2305 1316 2363 Hebraeorum
1344 2324 1505 2364 more
1536 2318 1656 2379 ,022⁴
1688 2308 1752 2376 1³!
1783 2305 2099 2381 adpellasse
2127 2326 2188 2363 se
2226 2309 2439 2383 ipsum.
2501 2305 2670 2369 Quod

218 2408 274 2463 iu
296 2407 473 2465 auimo
508 2408 849 2466 habuerunt
886 2408 1199 2479 Eusebius,
1242 2408 1399 2468 Eccl.
1432 2409 1591 2467 Hist.
1626 2410 1678 2481 I,
1715 2414 1774 2467 2.
1804 2428 1862 2485 Ρ.
1903 2414 2000 2467 10.
2059 2431 2106 2467 s.
2139 2410 2454 2485 Gregorius
2498 2411 2665 2482 Naz„

226 2516 349 2569 orat.
376 2511 587 2570 XXX.
620 2512 709 2570 th.
742 2511 851 2569 IV.
882 2513 955 2569 de
982 2513 1159 2571 Filio.
1199 2532 1257 2571 n.
1294 2518 1393 2571 21.
1426 2533 1485 2589 Ρ.
1526 2518 1666 2572 130.
1697 2534 1742 2571 s.
1796 2514 2049 2572 Joannes
2093 2513 2564 2591 chrysostomus,
2607 2518 2674 2573 in

220 2613 400 2673 Josun.
450 2618 629 2675 hom..
662 2614 849 2686 XXI,
912 2621 965 2673 1.
1019 2636 1077 2691 p.
1131 2621 1275 2675 120.
1348 2638 1393 2674 s.
1435 2619 1835 2692 Augustinus,
1882 2618 1954 2675 de
1997 2636 2150 2676 cons.
2198 2618 2424 2693 Evang.
2473 2620 2560 2689 H,
2615 2624 2670 2677 1.

225 2719 473 2789 ‚Christus
518 2720 841 2779 secundum
884 2738 1117 2779 carnem
1158 2720 1317 2779 filius
1359 2722 1617 2779 hominis
1663 2726 1775 2793 est,
1823 2723 1975 2800 quod
2007 2723 2186 2780 etiam
2215 2742 2275 2779 se
2305 2725 2428 2799 ipse
2457 2724 2670 2799 saepis-

222 2826 343 2881 sime
381 2824 631 2901 appellat
647 2869 662 2896 ,
726 2825 1135 2883 commendans
1180 2826 1345 2883 uobis
1359 2870 1374 2896 ,
1422 2826 1579 2904 quod
1620 2827 2073 2885 misericorditer
2115 2827 2390 2901 dignatus
2433 2830 2513 2885 sit
2555 2848 2674 2886 esse

225 2947 310 3001 pro
334 2930 505 2987 nobis‘
536 2949 595 3005 p.
630 2934 732 2987 27.
796 2929 1247 2987 Humanitatem
1276 2928 1497 2987 Christi
1540 2930 1654 2988 hac
1695 2948 1834 2989 voce
1879 2931 2242 3007 comprobari
2287 2937 2672 3011 naturamque

224 3034 267 3087 ei
287 3033 451 3091 tribui
480 3038 713 3091 nostrae
742 3052 959 3109 parem,
993 3052 1111 3092 non
1140 3039 1229 3092 est
1249 3034 1525 3109 profecto,
1551 3052 1657 3092 cur
1677 3034 1740 3092 id
1763 3054 1882 3093 non
1906 3030 2308 3093 lubentissime
2333 3037 2672 3111 largiamur.

224 3133 319 3197 Qui
345 3138 493 3195 enim
520 3138 697 3195 homo
726 3156 865 3195 vere
894 3156 1013 3195 non
1040 3138 1225 3195 fuerit
1238 3182 1251 3209 ,
1288 3156 1395 3195 uec
1424 3142 1547 3196 tota
1572 3139 1830 3197 naturali
1862 3138 2058 3196 indole
2087 3142 2358 3198 omnibus
2385 3142 2671 3219 aequalis;

226 3238 309 3297 ille
332 3242 395 3298 de
421 3242 715 3301 industria
743 3241 881 3298 inde
910 3242 1062 3319 quod
1096 3260 1213 3298 non
1242 3248 1415 3314 esset,
1458 3261 1672 3300 nomen
1703 3249 1898 3318 petere
1935 3262 2054 3302 non
2085 3250 2329 3322 poterat.
2392 3248 2674 3303 Attamen

228 3344 309 3401 ubi
334 3344 586 3404 Christus
616 3346 863 3417 ,Filium
892 3347 1167 3403 hominis‘
1200 3352 1321 3405 tam
1350 3366 1519 3422 saepe
1555 3349 1958 3423 emphatice
2003 3370 2062 3407 se
2106 3350 2298 3425 ipsum
2343 3368 2462 3405 esse
2505 3349 2668 3419 dicit,

228 3446 313 3505 hoc
354 3456 571 3509 nostras
620 3452 889 3508 omnium
942 3451 1319 3522 cogitationes
1372 3452 1435 3508 in
1498 3450 1767 3509 altiorem
1820 3454 1930 3511 hac
1981 3456 2052 3511 de
2111 3474 2174 3511 re
2233 3454 2672 3511 meditationem

212 3554 468 3623 ‘provehat
512 3572 741 3613 neoesse
784 3560 890 3611 est.
950 3554 1453 3617 Quemadmodum
1499 3557 1784 3614 nimirum
1829 3558 1984 3616 nihil
2029 3560 2212 3631 magis
2250 3558 2520 3631 generale
2567 3564 2669 3627 est,

228 3672 369 3730 quam
408 3660 664 3717 hominis
708 3658 903 3716 filium
933 3660 975 3717 i.
1006 3680 1057 3717 e.
1082 3680 1269 3717 unum
1314 3680 1388 3717 ex
1434 3680 1642 3734 genere
1686 3662 1944 3719 humano
1989 3662 2244 3739 aliquem
2273 3662 2420 3731 dici;
2455 3694 2536 3703 -—-
2567 3662 2676 3719 hoc

228 3758 285 3814 ad
309 3779 487 3820 omnes
515 3764 628 3821 hac
656 3763 723 3833 iu
754 3768 911 3821 terra
942 3769 1125 3834 natos,
1158 3782 1295 3837 ergo
1322 3769 1383 3821 et
1410 3765 1483 3821 ad
1515 3763 1814 3822 Christum
1858 3766 2142 3839 virginali
2187 3765 2326 3823 licet
2369 3772 2542 3841 partu
2573 3784 2676 3840 per

230 3860 475 3937 Spiritum
516 3872 788 3925 sanetum
832 3873 1190 3943 conceptum,
1238 3873 1413 3945 atque
1442 3888 1473 3924 e
1504 3869 1696 3927 Maria
1723 3870 1960 3926 editum.
1989 3871 2244 3944 pertinet
2275 3902 2357 3910 —
2389 3870 2476 3926 ita
2519 3868 2674 3925 nihil

234 3965 385 4037 igitur
408 3972 469 4027 in
497 3990 565 4028 eo
593 3970 835 4029 nomine
864 3971 1093 4045 insigne
1124 3976 1227 4042 est,
1252 3973 1441 4030 sicubi
1474 3978 1737 4030 nostrum
1767 3972 1946 4031 alicui
1975 3975 2318 4048 imponitur.
2367 3972 2674 4029 Eximinm

230 4074 391 4129 autem
416 4076 701 4151 quoddam
746 4094 1137 4153 magnumque
1168 4080 1237 4133 ut
1264 4076 1579 4154 aliquando
1620 4077 1901 4147 declaret,
1951 4096 2176 4134 necesse
2207 4081 2294 4133 est
2321 4075 2415 4133 illi
2447 4075 2672 4153 aliquid

232 4172 512 4247 inhaeream
556 4179 713 4256 quod
744 4179 815 4236 ad
850 4180 1179 4254 praedicata
1208 4180 1445 4237 nomine
1475 4180 1578 4238 illo
1623 4182 1860 4258 quidem
1889 4200 2008 4238 nou
2051 4178 2381 4253 significata
2413 4181 2668 4255 respicit.

232 4274 283 4331 Si
307 4277 545 4338 Christus
590 4281 775 4339 nullis
805 4284 1203 4355 gravioribus,
1236 4284 1425 4360 iisque
1456 4288 1628 4341 extra
1659 4292 1990 4342 communes
2031 4284 2338 4341 hominum
2368 4283 2676 4342 facultates

234 4384 399 4451 positis
438 4386 683 4456 dotibus,
732 4387 1055 4456 eminebat3
1104 4406 1289 4465 neque
1320 4387 1426 4445 tali
1468 4406 1600 4444 cum
1645 4390 1958 4445 verborum
1999 4388 2268 4463 pondere,
2304 4384 2555 4462 ,τὸψυὶὲν
2584 4388 2676 4443 τοῦ

236 4476 489 4559 ἇνθρόνῑω*
533 4510 592 4547 se
629 4490 927 4566 adpellare
971 4496 1217 4565 poterat.
1278 4490 1394 4548 Ubi
1457 4490 1724 4549 Christus
1767 4497 1836 4548 ut
1865 4512 2039 4549 verus
2069 4497 2130 4549 et
2166 4495 2433 4567 proprius
2457 4490 2676 4561 ,Filius

234 4582 341 4643 Dei‘
368 4591 424 4647 in
462 4594 617 4651 huuc
645 4594 935 4652 mundum
980 4594 1249 4663 advenit;
1296 4595 1438 4653 haec
1468 4614 1640 4653 causa
1669 4602 1822 4653 erat:
1871 4614 1976 4652 cur
2006 4596 2078 4652 ab
2110 4614 2174 4653 eo
2221 4597 2488 4667 ductum,
2523 4595 2674 4672 quod
