3267 5259
1015 449 1258 491 seeundum
1286 451 1373 491 iter
1390 462 1428 491 a.
1451 450 1577 491 rann
1604 450 1841 491 missionis.
2548 436 2672 499 357

264 682 313 759 ξ.
357 678 453 744 72.
528 676 707 741 Iter
776 700 823 742 s.
871 677 1096 742 Pauli
1157 679 1403 741 maius
1466 676 1940 759 secundum3
2001 679 2081 740 in
2142 676 2607 762 provincias

1021 791 1408 877 Europae
1456 793 1826 877 primum.

390 970 641 1029 Reddita
672 970 964 1029 Ecclesiae
996 970 1397 1028 Antiochense
1428 989 1567 1047 pace
1592 967 1628 1040 ¹,
1679 969 1896 1027 Paulus
1927 968 2132 1027 allecto
2163 968 2308 1045 Syla
2335 968 2674 1044 peragravit

210 1075 419 1152 Syriam
462 1080 519 1133 et
552 1074 842 1133 Ciliciam.
906 1076 981 1133 In
1022 1076 1137 1133 ista
1176 1075 1573 1133 Ecclesiarum
1620 1074 1961 1132 visitatione
1978 1069 2022 1144 2,
2069 1072 2224 1131 nihil
2265 1072 2428 1130 aliud
2468 1072 2669 1153 singu-

212 1180 313 1237 lare
338 1200 381 1236 s.
412 1179 666 1237 Paulum
702 1181 883 1254 egisse
915 1181 1211 1237 docemur:
1236 1177 1261 1217 3
1290 1198 1465 1257 quam
1496 1180 1649 1257 quod
1680 1180 1822 1256 ipsis
1853 1180 2162 1237 tradiderit
2184 1178 2543 1235 observanda
2564 1176 2672 1233 illa

211 1284 429 1355 decreta,
476 1303 627 1361 quae
676 1288 899 1341 sancita
945 1284 1182 1341 fuerant
1231 1284 1304 1340 ab
1352 1282 1646 1358 Apostolis
1679 1285 1742 1340 in
1774 1282 2032 1340 Concilio
2063 1280 2598 1357 Hierosolymitano
2617 1277 2660 1336 ⁴.

210 1388 289 1444 Ex
324 1387 519 1445 Cilicia
562 1388 740 1445 facile
780 1387 999 1445 Paulus
1048 1389 1357 1461 navigavit
1400 1388 1652 1458 Cretam,
1701 1388 1904 1465 ibique
1949 1387 2302 1445 annunciato
2343 1383 2668 1457 Evangelio

208 1491 385 1549 Titum
412 1491 673 1570 reliquit,
722 1493 826 1569 qui
874 1488 962 1569 ,τὰ
989 1487 1252 1547 λείποντα
1299 1486 1722 1567 &irrumpens-02
1770 1491 1908 1549 inde
1937 1491 2172 1548 Derben
2217 1510 2350 1548 cum
2394 1488 2664 1559 venisset,

207 1595 484 1653 Timotheo
514 1597 675 1653 inter
704 1596 1018 1672 discipulos
1048 1600 1280 1672 reperto
1310 1586 1738 1671 praeputium,
1771 1615 1884 1673 quo
1926 1596 2038 1653 sibi
2070 1595 2108 1652 J
2109 1595 2319 1652 udaeos
2349 1592 2667 1668 impensius

207 1700 523 1772 devinciret,
557 1701 1093 1759 circumcidendum
1123 1699 1359 1757 curavit
1377 1698 1418 1757 ⁵.
1478 1700 1608 1757 Hoc
1635 1700 1825 1774 igitur
1854 1700 1918 1757 in
1951 1700 2184 1758 itineris
2215 1700 2434 1757 socium
2465 1698 2660 1769 ascito,

206 1804 456 1880 Lystram
486 1808 845 1881 petiverunt.
892 1806 1220 1882 Phrygiam
1263 1811 1324 1862 et
1368 1804 1635 1862 Galatiae
1679 1804 1824 1862 fines
1869 1806 2182 1879 progressi,
2241 1823 2314 1860 ne
2364 1802 2426 1859 in
2475 1802 2620 1859 Asia
2645 1800 2670 1838 ὅ

204 1910 413 1983 proprie
455 1910 539 1966 sic
586 1910 747 1967 dicta
793 1910 1039 1967 verbum
1084 1908 1196 1966 Dei
1243 1909 1708 1979 disseminarent,
1765 1908 2040 1985 prohibet
2089 1906 2346 1983 Spiritus
2399 1904 2665 1963 Sanctus.

206 2012 493 2086 Pergentes
520 2014 597 2069 ad
621 2014 896 2089 Mysiam,
930 2013 1033 2070 ubi
1062 2014 1125 2069 in
1150 2012 1498 2089 Bythiniam
1528 2014 1647 2070 iter
1675 2014 2052 2082 meditantur,
2085 2012 2146 2069 id
2178 2009 2405 2069 consilii
2439 2009 2661 2083 pariter

204 2116 434 2191 Spiritus
450 2117 697 2175 Sanctus
719 2116 1095 2193 improbavit.
1121 2116 1409 2194 Bythinia
1431 2136 1568 2191 ergo
1589 2118 2000 2192 praetermissa
2021 2114 2301 2172 Troadem
2325 2114 2601 2172 adierunt
2615 2110 2659 2169 ⁷.

547 2248 596 2255 -0·

392 2298 431 2359 ¹)
466 2296 535 2345 D.
561 2296 734 2346 Paulo
772 2297 1079 2346 Bai-naham
1116 2296 1184 2345 ad
1208 2295 1501 2359 Ecclesiae,
1540 2311 1674 2362 quas
1712 2297 1766 2345 in
1791 2296 1920 2346 Asia
1956 2295 2320 2355 condiderant,
2358 2294 2665 2344 invisendas

204 2382 481 2433 sollicitanti
520 2389 711 2433 auctor
747 2383 1025 2433 Barnabas
1060 2382 1186 2444 fuit,
1234 2388 1293 2433 ut
1338 2390 1623 2449 cognatum
1666 2398 1820 2432 suum
1856 2383 2124 2432 ,Ioannem
2159 2382 2398 2431 Marcum
2457 2381 2668 2430 itineris

204 2472 381 2519 socium
433 2474 783 2522 assumerent.
861 2470 1033 2519 Paulo
1090 2471 1384 2532 abnuente,
1442 2470 1585 2535 quod
1642 2470 1708 2519 ab
1764 2471 1894 2535 ipsis
1951 2468 2099 2518 nulla
2146 2467 2341 2517 idonea
2395 2481 2560 2516 causa
2613 2468 2666 2515 in

202 2556 493 2622 Pamphylia
517 2557 868 2619 discessisset,
900 2557 1036 2606 alter
1058 2556 1285 2607 alterum
1312 2556 1610 2618 deseruere,
1639 2562 1800 2622 atque
1823 2558 1881 2606 in
1905 2556 2119 2605 diversa
2143 2555 2340 2604 abiere.
2384 2553 2666 2603 Barnabas

206 2657 307 2691 cum
340 2644 545 2703 Marco,
596 2645 689 2709 qui
724 2658 859 2695 ansa
894 2643 1053 2695 huius
1090 2644 1484 2693 controversiae
1523 2643 1714 2705 suerat,
1752 2642 1846 2692 sed
1886 2641 2060 2707 qualis
2095 2643 2233 2690 inter
2271 2642 2412 2689 viros
2450 2644 2666 2689 sanctos

204 2743 303 2779 esse
335 2730 483 2793 solet,
518 2732 577 2780 in
610 2728 847 2795 Cyprum
884 2731 1111 2796 patriam
1148 2744 1299 2781 suam
1336 2730 1623 2795 navigavit.
1673 2728 1724 2779 S.
1751 2729 1954 2779 Paulus
1979 2728 2218 2777 Marcum
2251 2728 2341 2793 qui
2367 2726 2581 2777 labores
2619 2732 2672 2775 et

203 2816 420 2879 pericula
452 2818 704 2883 fugisset,
747 2818 921 2866 minus
958 2821 1141 2883 aptum
1176 2816 1273 2865 tali
1311 2817 1486 2866 itineri
1522 2817 1788 2867 missionis
1827 2816 2188 2877 existimabat,
2227 2819 2282 2865 et
2317 2814 2479 2863 animi
2516 2811 2668 2863 dotes

202 2903 357 2966 potius
405 2903 793 2969 respiciendae,
846 2918 1005 2970 quam
1054 2904 1332 2969 sang-uinis
1381 2904 1782 2969 cognationem,
1832 2917 1971 2967 quae
2019 2902 2243 2952 multum
2291 2916 2455 2963 saepe
2505 2900 2667 2949 rebus

203 2990 346 3041 sacris
380 2991 551 3053 obest,
591 2990 815 3040 censuit.
876 2990 1106 3039 Provido
1150 2994 1327 3039 autem
1364 2991 1467 3039 Dei
1513 2989 1736 3040 consilio
1783 2990 1980 3039 factum
2020 2993 2126 3051 est,
2173 2993 2234 3037 ut
2269 2987 2426 3037 Pauli
2461 2987 2667 3037 Barna-

203 3076 399 3141 baeque,
436 3094 545 3127 non
585 3077 797 3142 quidem
835 3078 1073 3126 caritatis
1110 3076 1205 3126 sed
1248 3077 1530 3143 opinionis,
1576 3076 1854 3128 dissidium
1892 3104 1956 3111 —
1994 3069 2303 3143 παροξυσμὸν
2342 3103 2406 3110 -
2446 3074 2669 3125 cesserit

202 3165 291 3211 tam
321 3164 373 3213 in
408 3164 684 3229 publicum
722 3162 1018 3224 Ecclesiae,
1058 3177 1218 3229 quam
1254 3165 1311 3212 in
1346 3164 1611 3229 privatum
1647 3164 1814 3213 Marci
1852 3163 2202 3213 commodum.
2253 3162 2388 3211 Nam
2415 3176 2482 3210 ea
2513 3175 2664 3210 occa-

201 3250 327 3298 sione
362 3265 608 3317 magnam
636 3250 781 3300 orbis
808 3255 1013 3315 partem
1050 3250 1411 3315 praedicando
1450 3249 1638 3299 eodem
1663 3254 1900 3315 tempore
1926 3252 2330 3314 percurrerunt3
2371 3252 2424 3297 et
2459 3248 2666 3311 sopitae

202 3334 259 3383 ad
288 3338 547 3387 modicum
584 3337 805 3385 fraterni
845 3337 1041 3387 amoris
1078 3336 1343 3399 scintillae
1372 3354 1433 3387 eo
1458 3338 1649 3387 fortius
1687 3341 2016 3387 exarserunt.
2066 3336 2266 3397 Quanti
2303 3324 2442 3385 enim
2481 3333 2666 3382 duum-

202 3422 323 3472 viros
348 3423 443 3474 hos
480 3424 673 3473 fecerit
696 3424 1001 3489 Apostolus,
1027 3424 1085 3473 in
1108 3424 1219 3473 suis
1256 3424 1495 3489 epistolis
1534 3424 1789 3489 deinceps
1827 3424 2039 3488 scriptis
2077 3426 2317 3473 testatur.
2367 3420 2447 3469 Cf.
2473 3420 2516 3468 Ι.
2545 3418 2667 3468 Cor.

200 3509 240 3567 9,
264 3512 305 3559 6.
346 3510 463 3561 Gal.
492 3513 542 3573 2,
569 3512 617 3561 9.
660 3509 867 3561 Coloss.
894 3512 943 3571 4,
975 3513 1055 3560 10.
1118 3510 1157 3575 ²)
1184 3511 1299 3559 Act.
1330 3512 1411 3571 15,
1438 3512 1519 3561 36.
1549 3528 1588 3559 s.
1654 3510 1696 3573 ³)
1722 3510 1837 3559 Act.
1868 3512 1947 3572 16,
1974 3512 2023 3559 4.
2073 3509 2148 3559 Ut
2171 3509 2398 3574 posteris
2425 3506 2668 3556 fidelibus

200 3598 553 3661 sempiternum
604 3597 705 3647 hoc
754 3602 897 3647 esset
950 3597 1135 3647 similis
1190 3598 1564 3648 observantiae
1621 3596 2012 3647 documentum.
2095 3596 2138 3661 ⁴)
2189 3596 2308 3645 Non
2358 3596 2512 3660 quasi
2566 3594 2667 3643 hoc

200 3696 336 3731 unum
360 3685 579 3735 fecisset
606 3684 910 3749 Apostolus,
950 3684 1043 3734 sed
1070 3685 1197 3749 quia
1221 3684 1345 3733 huic
1369 3686 1461 3734 uni
1486 3685 1820 3750 potissimum
1851 3684 2210 3743 incumbebat,
2249 3686 2308 3732 ut
2334 3682 2401 3731 ad
2429 3680 2666 3747 singulas

200 3766 299 3819 illas
342 3772 601 3821 ecclesias
658 3770 991 3821 decretorum
1041 3770 1469 3836 Apostolicorum
1519 3772 1708 3820 notitia
1755 3772 2080 3837 perveniret,
2138 3774 2298 3835 atque
2347 3768 2415 3817 ab
2467 3767 2666 3817 eisdem

199 3863 419 3908 accurate
456 3838 898 3908 custodirentur.⁸
938 3859 979 3922 ⁵)
1018 3858 1173 3919 Quod
1211 3857 1333 3907 olim
1372 3859 1476 3906 iam
1514 3858 1855 3907 observatum
1893 3856 2151 3907 Clementi
2194 3854 2570 3915 AlexandrinO,
2609 3855 2665 3902 in

198 3939 309 3991 haec
340 3946 511 3995 verba
546 3944 803 3995 scribenti
842 3943 1090 3995 Stromat.
1127 3944 1247 4005 VII,
1276 3946 1323 3994 9.
1362 3960 1413 4009 p.
1440 3946 1557 3994 863.
1611 3944 1788 4005 „Ecce
1820 3945 1958 3993 enim
1985 3942 2319 3993 Timotheum
2357 3939 2664 4006 praeclarus

198 4029 505 4081 circumcidit
546 4031 865 4097 Apostolus,
921 4046 1040 4080 cum
1084 4031 1291 4080 interea
1336 4030 1726 4081 vociferaretur
1773 4035 1826 4080 et
1875 4031 2157 4091 scriberet,
2209 4028 2664 4077 circumcisionem

196 4116 532 4168 manufactam
576 4116 707 4167 nihil
757 4117 1040 4183 prodesse3
1091 4116 1186 4166 sed
1235 4133 1301 4167 ne
1350 4120 1569 4182 repente
1607 4131 1643 4166 a
1684 4116 1804 4182 lege
1849 4117 2086 4166 avellens
2133 4115 2201 4164 ad
2250 4128 2364 4163 eam
2413 4127 2551 4179 quae
2599 4128 2664 4162 ex

197 4199 281 4251 fide
314 4210 393 4255 est
425 4206 907 4266 circumcisionem,
946 4203 1121 4253 adhuc
1160 4204 1485 4253 reluctantes
1524 4218 1632 4265 eos,
1674 4205 1766 4268 qui
1803 4203 2096 4252 audiebant
2117 4201 2398 4250 Hebraeos
2436 4214 2470 4249 a
2507 4213 2662 4263 syna-

198 4302 313 4353 goga
344 4305 459 4343 sese
498 4296 720 4357 cogeret
754 4289 1083 4351 abstrahere,
1120 4290 1299 4339 factus
1336 4294 1417 4338 est
1449 4288 1696 4339 ,Iudaeus
1737 4294 1792 4338 ut
1830 4304 2014 4339 omnes
2055 4288 2438 4337 lucrifaceret.“
2501 4286 2664 4335 Paria

199 4371 335 4425 habet
367 4395 409 4428 s.
432 4378 680 4429 Joannes
708 4376 1136 4441 chrysostomus,
1173 4378 1230 4425 in
1266 4376 1403 4425 Acta
1427 4375 1525 4440 Ap.
1551 4375 1690 4424 hom.
1715 4374 1960 4436 XXXIV,
1987 4376 2034 4423 4.
2073 4390 2123 4439 p.
2151 4374 2270 4423 264.
2318 4372 2358 4435 θ)
2387 4370 2662 4422 Straboni:

200 4458 249 4523 ηὴ
282 4459 409 4522 ἰδίως
444 4460 725 4532 καλουμένη
766 4459 949 4512 ’Actae‘
1011 4462 1052 4527 ⁷)
1092 4463 1262 4513 Troas
1299 4468 1353 4512 et
1388 4462 1533 4511 urbis
1572 4468 1627 4512 et
1661 4462 1890 4527 regionis
1927 4476 2121 4511 nomen
2157 4464 2252 4509 est.
2292 4458 2371 4509 cf.
2397 4458 2662 4522 Mannert,

198 4544 493 4613 Kleinuien,
522 4551 720 4617 Geogr.
746 4550 840 4599 VI.
868 4551 915 4611 3,
944 4552 1063 4599 450.
1090 4563 1131 4598 s.
1159 4554 1212 4598 et
1235 4550 1353 4598 471.
1385 4564 1427 4598 s.
1472 4548 1537 4598 In
1560 4548 1717 4598 Pauli
1753 4548 1987 4599 historiis
2025 4552 2261 4597 attamen
2298 4548 2467 4612 magis
2495 4546 2662 4610 urbis,

199 4648 334 4697 quam
366 4639 597 4704 regionis
636 4637 935 4687 maritimae
971 4637 1025 4685 in
1065 4650 1161 4685 ora
1196 4636 1372 4685 Asiae.
2079 4644 2086 4649 '
