3267 5259
634 435 717 497 66
1302 448 1418 489 nist.
1447 448 1550 489 Rev.
1578 449 1670 490 (liv.
1699 449 1754 491 N.
1783 448 1832 490 Τ.
1863 448 2032 491 Ροτίοιὶ.
2061 450 2096 491 Ι.
2117 459 2214 500 cap.
2241 450 2441 500 primum.

631 642 765 684 non
810 621 946 684 sine
992 619 1440 703 admiratione,
1488 620 1663 686 unde
1709 621 2008 707 populari
2055 632 2122 687 et
2165 622 2335 687 fabri
2363 622 2494 687 filio
2546 621 2717 687 haec
2761 624 3087 709 sapientia?

632 731 799 796 adeo
844 740 917 795 ut
962 733 1155 796 etiam
1198 731 1307 795 illa
1350 732 1860 797 offenderentur.
1931 733 2224 798 Cernens
2261 734 2330 800 id
2368 735 2584 817 Jesus,
2644 736 2924 799 occurrit
2961 736 3087 799 huic.

631 842 939 908 scandalo
962 844 1269 908 incusans
1301 846 1591 929 ipsorum
1614 845 2154 911 incredulitatem.
2203 846 2457 926 Quibus
2481 846 2718 911 auditis
2741 848 2915 933 impii
2939 850 3088 911 cives

634 967 905 1021 cruenta
957 958 1054 1020 ira
1114 958 1413 1021 succensi
1468 980 1619 1022 eum
1691 958 1958 1023 ductum
2013 980 2210 1045 super
2265 968 2586 1041 montem,
2644 962 2750 1025 cui
2801 958 2952 1023 urbs
2990 963 3086 1023 im-

629 1070 843 1154 posita
873 1054 1012 1133 erat
1031 1072 1069 1151 ¹,
1096 1070 1527 1155 praecipitare
1551 1069 1916 1135 voluerunt.
1953 1069 2148 1150 Quod
2180 1081 2370 1135 atrox
2394 1070 2736 1137 consilium
2765 1072 3086 1157 pervidens

634 1181 948 1265 Christus,
972 1181 1157 1246 vultu
1192 1182 1277 1245 ad
1306 1184 1696 1267 gravitatem
1731 1184 2112 1268 compositO,
2144 1182 2461 1269 simulque
2492 1183 2890 1248 liberrimam
2919 1186 3086 1249 animi

632 1296 1063 1359 constantiam
1109 1296 1577 1380 scientiamque
1630 1296 1928 1359 intentati
1991 1295 2254 1359 sceleris
2299 1318 2458 1381 prae
2505 1318 2575 1361 se
2622 1295 2896 1378 ferente,
2937 1298 3085 1359 viam

628 1406 753 1471 alio
816 1429 1085 1471 securus
1146 1408 1244 1471 sui
1305 1406 1603 1491 deflexit3
1673 1407 1906 1472 urbem
1963 1430 2316 1493 numquam
2363 1431 2818 1493 regressuruS,
2871 1408 3084 1489 addito,

626 1518 848 1583 nullibi
882 1540 1079 1603 quam
1108 1520 1175 1582 in
1206 1522 1416 1605 patria
1460 1542 1579 1585 sua
1620 1522 1854 1585 minori
1895 1522 2104 1606 pretio
2151 1519 2376 1586 haberi
2421 1520 2778 1607 prophetas
2793 1523 2835 1583 ².
2881 1522 3085 1605 Itaque

628 1631 672 1695 J
676 1654 823 1695 esus
857 1630 1213 1695 detestatus
1248 1633 1481 1696 civium
1516 1655 1782 1697 suorum
1815 1636 2294 1697 contumaciam
2325 1632 2410 1697 ad
2441 1633 2568 1697 alia
2596 1632 2748 1697 loca
2779 1632 3086 1697 Galilaeae

626 1766 697 1807 se
746 1742 1033 1807 contulit.
1094 1743 1219 1807 Ast
1262 1743 1505 1830 ubique
1552 1744 1740 1808 simul
1786 1744 2016 1809 adesse
2064 1769 2197 1811 non
2250 1755 2525 1831 poterat,
2571 1744 2855 1830 ideoque
2901 1747 3085 1810 consi-

623 1854 783 1920 lium
830 1858 1004 1941 cepit
1044 1855 1367 1942 dissipatis
1432 1860 1617 1941 quasi
1665 1856 1896 1949 ovibus
1941 1882 2074 1923 non
2118 1857 2508 1923 habentibus
2553 1868 2916 1945 pastorem,
2959 1880 3086 1943 pro-

624 1968 882 2051 videre3
928 1970 1137 2032 missis
1182 1968 1268 2033 ad
1312 1970 1826 2055 praedicandum
1875 1981 1940 2036 et
1983 1970 2346 2036 sanandum
2375 1970 2732 2057 Apostolis,
2781 1994 2926 2035 cum
2965 1973 3086 2055 ipse

626 2080 782 2143 alias
826 2082 1126 2165 regiones
1172 2092 1552 2167 peragraret
1570 2085 1613 2146 ³.
1659 2082 1822 2147 Mox
1864 2081 2168 2168 Apostoli
2213 2093 2441 2148 euntes
2487 2092 2552 2147 et
2583 2103 3086 2169 quaquaversum

626 2191 861 2257 Christi
921 2191 1283 2257 doctrinam
1336 2195 1756 2278 nunciantes,
1811 2194 1898 2258 ad
1941 2218 2196 2260 morum
2243 2194 2766 2260 emendationem
2810 2194 3082 2259 homines

622 2303 1068 2387 hortabantur,
1132 2304 1250 2369 sed
1296 2316 1361 2369 et
1405 2305 1762 2371 daemones
1808 2309 2161 2390 eiecerunt,
2207 2306 2576 2393 multosque
2623 2315 2932 2391 aegrotos·
2968 2328 3083 2369 ma-

620 2420 797 2483 ximo
846 2440 995 2481 cum
1037 2416 1371 2482 hominum
1414 2428 1680 2504 stupore
1735 2427 2044 2483 curarunt
2060 2421 2104 2481 ⁴.
2170 2418 2338 2483 Cum
2381 2416 2682 2504 Apostoli
2731 2416 3080 2504 spargendo

620 2532 975 2615 praeconio
1023 2540 1431 2616 occupantur
1474 2539 1541 2594 et
1584 2528 1803 2595 divina
1849 2533 2088 2595 virtute
2142 2529 2434 2595 diversas
2489 2532 2794 2615 regiones
2839 2530 3082 2609 obeunt,

620 2643 913 2707 Joannes
972 2642 1048 2706 Β.
1122 2641 1205 2706 ab
1264 2642 1533 2708 Herode
1599 2645 1813 2730 capite
1866 2652 2220 2707 truncatur.
2309 2643 2460 2707 Non
2517 2652 2740 2707 tamen
2807 2666 2878 2707 os
2943 2639 3082 2705 illud

552 2742 557 2749 ¹
620 2778 889 2819 aureum
921 2778 1254 2839 exsangue
1287 2756 1623 2839 conticuit3
1654 2758 1784 2821 imo
1819 2766 1884 2819 et
1911 2766 2062 2842 post
2085 2764 2362 2821 mortem
2390 2754 2695 2841 loquitur,
2731 2757 2840 2841 qui
2867 2756 2936 2819 in
2969 2754 3082 2817 vita

620 2889 753 2931 non
782 2866 971 2931 siluit.
1003 2867 1305 2933 Herodes
1329 2869 1656 2933 Joannem
1686 2870 1755 2932 in
1785 2868 2040 2933 Christo
2073 2871 2388 2933 revixisse
2418 2878 2596 2933 ratus
2628 2870 2767 2932 eius
2799 2866 3082 2954 operibus

618 2988 916 3063 terretur,
965 2980 1299 3066 creditgue
1346 2981 1411 3045 in
1460 3003 1536 3046 eo
1586 2982 1961 3064 circumire,
2019 3003 2216 3067 quem
2261 2980 2602 3045 saltatricis
2647 2991 2884 3066 rogatu
2925 2979 3080 3042 ferro

619 3090 992 3157 abstulerat.
1038 3092 1227 3157 Adeo
1274 3116 1555 3179 peccare
1604 3094 1932 3176 miserum,
1975 3116 2126 3157 cum
2165 3117 2358 3158 nemo
2405 3096 2672 3180 impune
2707 3092 3030 3178 delinquat
3045 3094 3079 3151 ⁵.

616 3204 891 3269 Munere
936 3229 1052 3269 suo
1114 3205 1323 3269 functi
1376 3205 1676 3291 Apostoli
1723 3205 1809 3269 ad
1868 3205 2235 3270 Christum⁶
2277 3205 2574 3287 redeunt,
2631 3208 2968 3270 certiorem
3011 3202 3082 3265 de

619 3316 917 3381 omnibus
959 3317 1137 3381 illum
1184 3318 1421 3381 facturi
1468 3339 1920 3403 quaecumque
1966 3328 2258 3402 egerunt.
2315 3318 2510 3382 Jesus
2551 3326 2772 3381 autem
2827 3324 3080 3399 accepto

618 3430 699 3494 de
746 3440 953 3495 morte
984 3430 1029 3495 J
1032 3432 1258 3495 oannis
1282 3432 1505 3495 nuntio
1531 3432 1598 3495 in
1618 3430 2013 3495 Bethsaidae
2049 3430 2376 3494 desertum
2399 3428 2738 3516 Apostolis
2763 3426 3082 3493 comitibus

616 3545 886 3607 secessit
902 3547 945 3607 ⁷.

828 3770 865 3833 ¹)
904 3770 965 3819 V.
992 3770 1113 3819 Not.
1140 3785 1318 3834 geogr.
1342 3786 1395 3834 p.
1420 3769 1511 3817 LI.
1574 3766 1614 3835 2)
1655 3768 1734 3818 cf.
1759 3766 2008 3833 Deyling‚
2037 3766 2166 3817 Obs.
2191 3767 2243 3829 1,
2271 3770 2353 3817 30.
2379 3784 2431 3833 p.
2461 3768 2576 3819 118.
2625 3766 2816 3817 Matth.
2845 3769 2922 3817 13.
2947 3768 3022 3815 54.
3045 3780 3080 3812 s.

614 3857 779 3906 Marc.
814 3858 871 3919 6,
912 3859 958 3906 1.
993 3870 1035 3905 s.
1086 3856 1215 3905 Luc.
1250 3858 1308 3918 4,
1345 3856 1425 3905 16.
1460 3870 1502 3903 s.
1568 3853 1608 3920 ³)
1646 3856 1864 3904 Mittens
1911 3856 2056 3919 ipsos
2103 3853 2253 3904 nulla
2295 3870 2471 3903 rerum·
2515 3854 2888 3920 temporalium
2927 3852 3076 3901 voluit

612 3942 968 3993 sollicitudine
1003 3944 1230 4006 gravari,
1268 3940 1537 4006 multaque
1576 3940 1708 3990 dixit
1745 3956 1882 4006 quae
1931 3941 2218 3991 observare
2257 3940 2530 3991 deberent.
2579 3940 2654 3990 Ut
2679 3942 2780 3990 rite
2807 3955 2870 3989 ac
2893 3940 3080 3989 sortiter

613 4030 864 4079 dimicent
887 4046 1025 4079 neve
1050 4042 1284 4094 pugnam
1306 4033 1571 4092 metuant3
1612 4027 1894 4094 displicere
1920 4027 2132 4092 quidem
2165 4027 2467 4077 hominibus
2493 4028 2775 4076 veritatem
2800 4026 3080 4083 coelestem,

612 4122 773 4182 atque
798 4118 972 4166 Deum
1011 4130 1129 4163 cum
1167 4114 1459 4164 occultaret
1492 4113 1930 4179 intelligentibus,
1958 4128 2096 4179 quae
2125 4112 2455 4179 patefaceret
2489 4113 2804 4175 infantibus,
2833 4113 3082 4177 sapienter

614 4204 801 4268 egisse.
864 4202 903 4267 ⁴)
941 4200 1128 4251 Matth.
1166 4202 1213 4263 9,
1249 4202 1331 4249 26.
1368 4215 1407 4249 s.
1456 4202 1621 4249 Marc.
1659 4202 1706 4263 6,
1745 4202 1790 4249 7.
1827 4214 1869 4249 s.
1919 4200 2051 4248 Luc.
2087 4200 2134 4261 9,
2173 4202 2218 4248 1.
2255 4214 2296 4248 s.
2359 4198 2400 4265 ⁵)
2437 4199 2624 4248 Matth.
2659 4201 2742 4262 14,
2769 4202 2819 4249 6.
2845 4214 2887 4248 s.
2933 4198 3080 4246 Marc.

612 4290 661 4352 6,
688 4292 769 4339 21.
798 4304 840 4337 s.
884 4289 1016 4337 Luc.
1044 4290 1091 4351 6,
1120 4290 1164 4337 7.
1226 4286 1266 4353 ⁶)
1306 4285 1770 4352 Caphar-naamam
1810 4292 1906 4335 aut
1928 4287 1982 4334 in
2019 4286 2166 4335 aliud
2203 4286 2420 4350 aliquod
2459 4285 2715 4350 oppidum
2749 4285 2892 4335 lacui
2927 4283 3080 4333 Gene-

613 4375 793 4425 zareth
830 4376 1082 4425 vicinum.
1146 4374 1186 4441 7)
1222 4374 1386 4424 Marc.
1414 4377 1463 4437 6,
1490 4377 1574 4424 32.
