3267 5259
1176 413 1357 455 Nomina
1382 414 1491 456 Jesu
1518 414 1701 456 Christi.
2561 403 2683 467 199

217 595 369 650 etiam
410 592 605 650 LXX.
654 592 721 649 τὸ
766 599 895 667 m
949 598 1281 651 constanter
1333 593 1704 652 transtulere.
1775 595 2066 671 Exempla
2108 596 2274 653 dabit
2314 594 2680 668 Schleusner‚

216 718 329 755 nov.
358 696 521 755 Thae.
555 697 629 768 V,
670 700 821 755 541.
886 697 1054 756 Unde
1099 697 1308 755 Suidas
1352 694 1591 773 ,χριστὸς
1638 695 1666 753 ὁ
1711 696 1893 775 κύριος
1935 694 2028 755 καὶ
2073 694 2218 767 Θεὸς
2260 696 2420 771 ἡμῶν
2465 694 2528 754 δὲ
2565 696 2592 754 5
2627 696 2684 753 ἐν

216 798 363 876 ἐλαίῳ
389 798 797 877 ιιεχρισιιένος.ι
844 801 991 860 Lex.
1022 823 1067 859 s,
1100 822 1159 859 v.
1192 799 1443 879 Χριστὸς,
1475 802 1563 859 ed.
1596 802 1744 861 God.
1775 802 2140 879 Bernhardy.
2189 802 2328 861 Hal.
2370 807 2554 859 1853.
2588 802 2676 873 ΙΙ,

221 909 377 963 16Ἱ3.
408 908 467 962 4.
502 909 561 961 6.
626 904 765 963 Hoc
806 910 1045 981 etymon
1082 905 1203 963 iam
1233 906 1457 982 priscus
1486 909 1736 982 scriptor
1765 906 2126 977 Lactantius,
2158 909 2296 964 inst.
2322 906 2443 964 div.
2476 906 2585 978 IV,
2625 910 2678 965 7.

217 1028 261 1082 p.
294 1012 419 1064 179.
464 1013 525 1065 et
568 1010 799 1083 optime
846 1029 893 1065 s.
926 1010 1325 1083 Augustinus,
1380 1011 1446 1075 in
1481 1010 1692 1068 Joann.
1725 1012 1836 1069 Ev.
1870 1030 1918 1069 c.
1961 1014 2019 1082 4,
2055 1015 2154 1068 25.
2196 1015 2364 1068 tract.
2395 1008 2532 1080 XV,
2579 1014 2676 1068 27.

216 1130 261 1185 p.
290 1116 419 1169 416.
450 1113 743 1185 signavit.
807 1113 1067 1183 ,Messias
1110 1117 1307 1171 autem
1337 1112 1564 1172 Unctus
1612 1118 1734 1185 est;
1780 1118 1990 1173 unctus
2035 1133 2236 1189 graece
2264 1114 2531 1172 Christus
2561 1120 2677 1184 est;

220 1215 454 1273 hebraice
484 1217 737 1275 Messias
766 1222 883 1285 est-3
922 1218 1077 1275 unde
1107 1222 1167 1273 et
1196 1217 1424 1293 punice,
1458 1238 1636 1276 messe
1666 1220 1884 1277 dicitur
1913 1238 2085 1293 unge.
2148 1218 2436 1293 Cognatas
2465 1220 2682 1296 quippe

213 1324 329 1376 sunt
346 1319 581 1395 linguae
606 1321 759 1379 istae
782 1326 843 1379 ct
863 1322 1113 1391 vicinae,
1138 1321 1425 1393 hebraica,
1454 1323 1672 1398 punica
1692 1328 1752 1379 et
1771 1326 1948 1399 syra.‘
1987 1324 2224 1381 Dicitur
2245 1342 2384 1381 vero
2403 1322 2676 1381 Salvator

214 1424 393 1481 Noster
420 1425 485 1481 in
512 1426 755 1485 saecula
784 1426 1123 1483 benedictus
1162 1424 1531 1483 Christus
1561 1459 1645 1467 —
1677 1445 1852 1504 quem
1881 1429 1988 1485 sub
2017 1428 2260 1485 Messias
2301 1429 2343 1484 i.
2377 1446 2426 1485 c.
2459 1426 2680 1483 Christi

212 1530 415 1587 nominc
471 1529 631 1587 Dan.
693 1535 729 1587 9
744 1574 761 1600 ,
820 1533 921 1587 23.
982 1532 1257 1587 universa
1312 1529 1349 1586 J
1350 1530 1666 1587 udaeorum
1725 1550 1866 1604 gens
1925 1533 2299 1606 exspectabat
2336 1563 2419 1571 —
2451 1532 2680 1589 ratione

214 1633 439 1691 muneris
465 1634 559 1691 sui
590 1632 1069 1691 sacerdotalis
1109 1638 1181 1691 ot
1208 1634 1413 1707 regii.
1468 1634 1714 1691 Factum
1745 1634 1882 1692 inde
1912 1640 1998 1693 est
2027 1640 2096 1693 ut
2124 1636 2290 1693 Jesus
2319 1632 2440 1691 κατ’
2476 1627 2678 1710 ἐξοχὴν

212 1754 309 1791 ιιοιι
334 1738 495 1795 modo
524 1742 977 1813 nuncuparetur
1004 1736 1172 1795 Jesus
1201 1735 1469 1795 Christus
1487 1758 1501 1807 ;
1548 1740 1646 1795 sed
1691 1739 1870 1795 etiam
1915 1737 2245 1795 Christus
2287 1738 2672 1813 simpliciter:

212 1839 357 1917 idque
398 1846 605 1899 contra
648 1841 688 1899 J
692 1842 1013 1899 udaeorum
1050 1840 1355 1917 perfidiam
1372 1886 1387 1913 ,
1434 1840 1540 1919 qui
1570 1840 1869 1900 Christum
1899 1842 1958 1899 h.
1993 1860 2042 1898 e.
2074 1842 2347 1899 Messiam
2384 1843 2674 1919 quendam

210 1950 599 2018 exspectantes,
627 1945 666 2002 J
668 1965 835 2003 esum
857 1945 1032 2005 illum
1055 1944 1357 2003 Christum
1386 1947 1511 2003 sive
1532 1946 1806 2003 Messiam
1830 1965 1948 2003 esse
1971 1948 2385 2021 pernegabant.
2431 1946 2676 2020 Epithe-

212 2057 293 2105 ton
318 2049 419 2107 hoc
454 2050 861 2115 vetustissimo
890 2049 1287 2123 inaugurandi
1318 2050 1443 2107 ritu
1471 2068 1676 2123 regum
1707 2052 1766 2107 et
1793 2050 2157 2108 sacerdotum
2187 2053 2264 2107 A.
2282 2050 2350 2107 F.
2381 2049 2534 2107 Filio
2566 2050 2676 2107 Dei

212 2153 481 2211 incarnato
500 2154 1037 2223 accommodatum3
1070 2172 1203 2211 cum
1222 2152 1259 2209 J
1260 2172 1423 2210 esum
1454 2157 1736 2230 tanquam
1759 2153 1977 2228 Regem
2001 2158 2059 2211 et
2082 2152 2425 2211 Pontificem
2451 2154 2678 2211 tamdiu

211 2256 569 2316 desideratum
592 2258 903 2317 advenisse
924 2258 1104 2315 dicit:
1138 2262 1267 2315 tum
1296 2261 1571 2315 naturam
1592 2257 1820 2315 indicat
1847 2276 1968 2315 non
1999 2277 2178 2316 unam
2205 2258 2548 2332 simplicem,
2575 2258 2672 2314 sed

211 2358 441 2419 divinam
468 2368 651 2439 atque
682 2362 1007 2419 humanam
1030 2362 1095 2419 in
1118 2361 1318 2418 eadem
1346 2380 1593 2436 persona
1620 2364 1682 2417 et
1711 2362 2011 2438 hypostasi
2040 2362 2429 2419 coniunctam.
2467 2362 2674 2417 Enim-

210 2483 323 2522 vero
344 2464 557 2525 Christi
594 2465 935 2541 adpellatio,
964 2484 1149 2543 neque
1178 2465 1285 2523 soli
1317 2465 1441 2525 Deo
1474 2464 1525 2517 V
1541 2484 1618 2522 er
1634 2466 1746 2535 bo,
1781 2484 1968 2543 neque
1997 2464 2108 2521 soli
2137 2464 2363 2522 homini
2395 2470 2676 2542 tanquam

210 2566 371 2625 Verbo
398 2570 731 2639 disiuncto3
763 2570 861 2627 sod
895 2569 1121 2628 Verbo
1159 2572 1563 2639 incarnatO,
1610 2570 1736 2627 sive
1765 2568 1958 2627 Verbo
1995 2569 2312 2627 secundum
2355 2572 2674 2627 assumtam

208 2671 429 2731 hominis
458 2680 742 2733 naturam
770 2675 1141 2733 attribuitur.
1201 2675 1483 2731 Monuere
1525 2674 1635 2731 hoc
1664 2672 1810 2731 olim
1839 2675 1960 2731 iam
1990 2674 2046 2730 d.
2080 2672 2338 2749 Cyrillus
2367 2674 2564 2744 Alex„
2600 2674 2668 2731 de

208 2781 339 2833 recta
376 2776 489 2835 fide
536 2780 615 2837 ad
667 2798 789 2853 reg.
836 2798 897 2836 ιι.
955 2783 1051 2836 12.
1100 2778 1207 2854 Op.
1256 2777 1386 2849 IX,
1441 2782 1625 2836 1219.
1675 2777 1894 2855 aliique
1938 2799 1982 2835 s.
2015 2778 2237 2835 Patres.
2315 2776 2481 2841 Quod
2534 2797 2672 2836 vero

208 2882 515 2941 unctionem
560 2885 781 2941 attinet
814 2916 898 2925 —
928 2902 1045 2960 quo
1072 2881 1356 2941 vocabulo
1386 2883 1642 2956 gratiam
1681 2886 1742 2938 et
1775 2884 2150 2939 sanctitatem
2179 2882 2546 2953 adumbrari,
2582 2901 2674 2939 res

210 2991 278 3040 est
304 2992 433 3043 nota
462 3006 567 3062 per
596 3006 723 3044 sese
747 3019 829 3027 —
856 2988 1009 3045 hanc
1037 2987 1102 3043 in
1132 2987 1369 3043 homine
1414 2986 1648 3043 Christo
1679 2984 1734 3041 D
1752 2987 1866 3043 ivi
1886 2987 1964 3041 ni
1983 2974 2220 3043 tatem
2259 2987 2444 3061 ipsam
2473 2986 2669 3058 fuisse,

208 3106 267 3143 ex
288 3088 555 3149 Veterum
592 3090 947 3155 testimoniis
976 3091 1249 3166 probavit
1279 3093 1353 3147 A.
1380 3089 1667 3163 Agellius,
1695 3088 1914 3147 Comm.
1940 3090 2006 3147 in
2028 3088 2124 3147 Ps.
2155 3094 2254 3161 44,
2288 3095 2341 3147 7.
2369 3110 2424 3165 p.
2463 3096 2604 3147 205.
2624 3110 2669 3149 s.

209 3188 515 3268 Complures
558 3214 705 3251 vero
750 3196 1087 3251 unct-ionem
1134 3194 1383 3264 Christi,
1440 3195 1631 3269 ipsum
1686 3193 1988 3251 affirmant
2031 3194 2322 3269 Spiritum
2369 3194 2667 3265 Sanctum,

208 3314 303 3370 quo
340 3306 547 3356 unctus
596 3305 684 3355 est.
728 3302 875 3357 teste
919 3318 963 3355 s.
997 3298 1190 3355 Petro,
1254 3301 1387 3355 Act.
1439 3303 1535 3368 10,
1588 3302 1688 3355 38.
1751 3296 1884 3359 Qua
1933 3299 2278 3355 auctoritate
2329 3297 2466 3355 freti
2519 3298 2672 3355 hanc

210 3418 293 3471 per
342 3401 632 3477 Spiritum
692 3402 973 3460 Sanctum
1037 3402 1313 3459 Christi
1374 3403 1688 3459 hominis
1747 3403 2084 3459 unctionem
2103 3446 2117 3471 ,
2179 3402 2670 3459 inhabitationem

206 3504 427 3563 eiusdem
450 3506 717 3582 Spiritus
746 3508 811 3563 in
841 3507 985 3581 ipso,
1019 3512 1079 3563 et
1108 3506 1343 3583 quidem
1374 3505 1790 3580 plenissimam,
1827 3525 1894 3563 ac
1923 3508 2332 3581 possessionem
2365 3506 2666 3563 interdum

208 3616 403 3667 vocant.
482 3612 564 3667 Et.
595 3611 659 3667 id
688 3610 925 3687 quidem
968 3611 1097 3667 ideo
1142 3609 1460 3679 affirmant,
1510 3611 1654 3687 quia
1697 3611 1955 3684 operatio
1999 3609 2123 3680 illa,
2171 3629 2290 3688 qua
2317 3611 2429 3668 Dei
2473 3611 2665 3671 Filius

208 3708 491 3771 humanam
520 3713 639 3771 sibi
669 3719 945 3775 naturam
976 3714 1269 3783 adiunxit,
1318 3715 1426 3770 etsi
1460 3716 1718 3789 personis
1758 3715 1948 3789 reipsa
1979 3714 2170 3772 tribus
2198 3714 2278 3771 sit
2309 3716 2662 3782 communis3

212 3814 561 3875 nihilominus
585 3818 839 3893 Spiritui
870 3824 1067 3875 sancto
1090 3818 1322 3893 proprie
1344 3817 1489 3875 solet
1518 3817 1936 3875 accommodari
1959 3839 1972 3875 ε
2005 3818 2159 3875 unde
2183 3823 2241 3874 ot
2271 3823 2576 3893 conceptus
2607 3824 2666 3875 et

210 3925 351 3975 natus
376 3922 443 3979 de
470 3922 705 3997 Spiritu
734 3922 949 3979 Sancto
986 3922 1223 3981 dicitur.
1285 3921 1431 3979 Cum
1476 3922 1665 3995 igit-ur
1692 3922 2052 3997 susceptione
2081 3921 2435 3978 Divinitatis
2455 3966 2468 3991 ,
2514 3942 2662 3998 quae

211 4028 276 4075 est
320 4025 603 4083 naturalis
654 4026 965 4096 sanctitas,
1028 4026 1201 4083 homo
1254 4024 1521 4083 Christus
1580 4024 1976 4083 sanctificatus
2035 4026 2146 4094 sit3
2209 4027 2418 4081 merito
2478 4024 2662 4081 eidem

210 4129 397 4185 auctori
425 4130 689 4205 Spiritus
720 4132 939 4199 unctiO‚
971 4131 1013 4186 i.
1047 4150 1097 4187 e.
1131 4131 1323 4203 gratia
1352 4137 1411 4186 et
1442 4130 1722 4187 sanctitas
1749 4130 2039 4186 humanae
2077 4134 2322 4185 naturae
2353 4127 2659 4198 tribuitur,

210 4232 291 4303 qui
328 4252 449 4289 eam
498 4234 778 4291 formasse
822 4236 887 4291 in
932 4238 1097 4291 utero
1146 4233 1408 4307 Virginis
1454 4238 1513 4291 et
1557 4252 1691 4289 cum
1733 4233 1922 4290 Verbo
1960 4233 2024 4289 in
2071 4232 2312 4289 eandem
2359 4250 2660 4306 personam

210 4332 434 4393 iunxisse
462 4338 743 4395 creditur.
806 4336 1157 4395 Unctionem
1186 4337 1345 4393 enim
1375 4337 1670 4394 humanae
1701 4337 2012 4395 convenire
2049 4340 2294 4393 naturae
2339 4338 2662 4393 communis

210 4439 547 4516 antiquorum
592 4448 679 4499 est
722 4460 941 4499 sensus.
1002 4442 1163 4499 Hinc
1206 4441 1363 4498 clara
1405 4439 1561 4497 fiunt
1606 4440 1822 4513 Angeli
1869 4440 2048 4497 verba
2077 4444 2253 4496 noctu
2283 4440 2356 4497 ad
2401 4444 2660 4515 pastores

212 4546 511 4611 perterritos
540 4544 721 4605 delati
753 4545 897 4603 Luc.
935 4549 991 4613 2,
1032 4552 1057 4602 1
1076 4552 1128 4602 1.
1152 4566 1167 4613 ;
1202 4545 1341 4601 hinc
1365 4548 1526 4619 patet
1556 4544 1843 4601 Simeonis
1873 4562 2211 4619 responsum
2234 4544 2388 4621 quod
2419 4545 2658 4619 accepit.
