3267 5259
555 416 683 481 366
1283 433 1398 473 inst.
1430 435 1533 475 sev.
1563 434 1653 475 aiv.
1684 434 1852 475 rei-1001.
1882 435 1938 475 11.
1962 448 2059 485 cap.
2088 436 2283 487 primum.

557 610 790 669 Nuncio
807 612 876 669 de
895 612 1227 671 conditione
1245 612 1538 671 Ecclesiae
1556 614 2084 674 Thessalonicensis
2106 635 2305 673 recens
2328 616 2596 673 conditae
2612 616 2727 691 ipsi
2748 616 2935 675 allato
2951 637 3057 693 per

556 715 736 773 socios
767 715 1000 774 itineris
1030 716 1248 775 Beroea
1279 717 1546 775 Athenas
1575 718 1891 793 profectos;
1938 718 2309 778 Timotheum
2340 740 2479 779 mox
2521 722 2756 778 remisit
2786 721 3059 780 fidelibus

558 820 920 879 consolandis
951 827 1012 878 et
1039 820 1470 881 confirmandis.
1507 822 1558 880 Ι.
1584 822 1785 881 Thess.
1814 828 1870 896 3,
1904 828 2089 881 1—5.
2122 825 2324 903 Neque
2358 830 2553 883 tamen
2584 826 2691 882 diu
2714 831 2850 901 post
2876 827 3057 883 Athe-

557 927 650 982 nis
679 925 956 997 discessit,
1019 926 1123 984 ubi
1173 931 1440 984 cerneret
1482 926 1548 984 iu
1599 928 1711 985 hac
1762 930 1907 986 urbe
1958 948 2136 1005 quam
2187 928 2561 1003 graecanicae
2611 929 3055 1005 superstitionis

557 1034 861 1105 parentem
891 1031 1084 1106 prisca
1111 1036 1271 1089 aetas
1301 1032 1571 1105 agnovit,
1619 1032 1885 1091 coelestis
1931 1034 2201 1091 veritatis
2240 1034 2745 1110 praedicationem
2774 1054 2898 1092 non
2930 1054 3057 1109 pro-

556 1134 744 1192 ficere.
779 1132 1168 1193 Corinthum¹
1201 1138 1488 1211 perrexit;
1521 1156 1640 1214 qua
1668 1138 1906 1215 quidem
1938 1137 2001 1195 in
2034 1138 2275 1195 civitate
2304 1143 2701 1197 commoratus
2724 1146 2819 1196 est
2839 1158 3057 1197 annum

557 1244 617 1296 et
658 1239 987 1297 dimidium.
1037 1239 1355 1298 Habitavit
1401 1241 1558 1315 apud
1607 1242 1889 1320 Aquilam
1935 1241 2223 1299 Judaeum
2270 1247 2329 1299 et
2374 1241 2715 1300 Priscillam
2764 1246 3055 1317 coniuges,

555 1344 659 1420 qui
713 1364 900 1419 nuper
945 1343 1177 1402 Claudii
1222 1345 1410 1402 edicto
1455 1345 1639 1403 Italia
1682 1345 1917 1421 profugi
1963 1365 2029 1403 eo
2066 1353 2489 1422 pervenerant:
2538 1348 3057 1406 tabernaculorum

555 1447 788 1524 opificio
819 1450 1082 1506 intentus
1111 1449 1446 1524 prudenter,
1495 1450 1651 1526 quod
1682 1449 2153 1525 Pseudoapostoli
2182 1450 2367 1525 gratis
2397 1451 2679 1509 docerent
2696 1447 2742 1507 ².
2794 1452 2911 1509 Sed
2942 1472 3053 1510 non

555 1552 828 1627 impediit
857 1570 926 1611 ea
956 1552 1020 1609 in
1053 1554 1391 1611 mechanica
1418 1558 1546 1610 arte
1576 1553 1858 1611 sedulitas
1872 1598 1886 1623 ,
1937 1556 2247 1631 quominus
2278 1556 2709 1629 praedicationi
2740 1556 3053 1631 Evangelii

562 1657 929 1733 impenderet
959 1656 1328 1733 potissimum
1359 1677 1614 1733 operam.
1662 1658 1817 1715 Nam
1847 1658 2181 1717 vehementi
2212 1658 2334 1717 zelo
2382 1660 2635 1734 singulis
2681 1662 2951 1719 sabbatis
2995 1663 3055 1717 in

553 1761 867 1837 synagogis
915 1761 1116 1820 docuit
1157 1766 1218 1819 et
1245 1763 1310 1819 in
1341 1764 1683 1840 obsequium
1714 1762 1935 1821 Christi
1964 1762 2213 1821 Judaeos
2242 1765 2466 1839 pariter
2510 1784 2580 1821 ac
2624 1752 2885 1823 Graecos
2930 1784 3055 1841 per-

557 1868 747 1923 traxit
760 1862 803 1923 3.
836 1866 1006 1924 Inter
1027 1868 1132 1924 hos
1155 1867 1511 1942 Stephanam
1543 1886 1676 1924 cum
1706 1865 2117 1938 familiaribus,
2154 1872 2434 1944 tanquam
2464 1868 2733 1926 Achaiae
2758 1870 3055 1945 primitias

556 1970 680 2028 Deo
711 1976 980 2042 sacratas,
1016 1970 1290 2047 Crispum
1321 1970 1872 2049 Archisynagogum
1902 1976 1962 2029 et
1990 1970 2199 2029 Caium
2230 1992 2409 2029 manu
2439 1974 2687 2049 propria
2716 1993 2885 2032 sacro
2914 1976 3055 2050 bap-

556 2075 790 2133 tismate
820 2073 1012 2134 abluit
1029 2072 1072 2133 ⁴.
1120 2076 1459 2134 Timotheus
1473 2122 1488 2147 ,
1535 2096 1709 2155 quem
1741 2076 1959 2134 Paulus
1990 2078 2243 2134 Athenis
2273 2077 2514 2135 miserat
2554 2077 3051 2149 Thessalonicam,

559 2256 630 2265 μ...-

902 2260 968 2267 ——q

765 2353 801 2416 ¹)
839 2352 1091 2403 Romanis
1130 2351 1411 2403 Graeciam
1459 2352 1849 2419 occupantibus
1899 2352 2037 2401 duae
2075 2358 2229 2403 erant
2262 2354 2492 2403 maiores
2530 2352 2803 2405 Graeciae
2842 2362 3051 2421 partes:

552 2438 897 2503 Macedonia,
945 2455 1084 2505 quae
1121 2440 1545 2505 amplectebatur
1580 2440 1755 2506 ipsam
1789 2440 2187 2502 Macedoniam,
2234 2440 2459 2505 Epirum
2496 2447 2550 2490 et
2586 2441 2958 2504 Thessaliam,
3002 2450 3051 2492 et

553 2527 771 2589 Achaia,
801 2541 908 2593 qua
927 2527 1301 2577 continebatur
1321 2526 1549 2577 Graecia
1567 2528 1786 2593 propria
1804 2526 1961 2590 dicta,
1985 2526 2390 2592 Peloponnesus
2412 2533 2466 2577 et
2482 2528 2698 2579 insulae
2720 2529 3051 2579 adiacentes.

549 2613 786 2663 Achaiae
836 2618 1000 2680 caput
1045 2614 1221 2664 fuerat
1258 2609 1558 2680 ,,Κόρινθος“
1603 2612 1982 2674 Corinthus,
2028 2614 2245 2664 condita
2286 2614 2356 2663 ad
2399 2614 2609 2664 radices
2644 2618 2847 2667 montis
2884 2616 3045 2667 Acro-

552 2700 806 2764 Corinthi,
846 2700 985 2750 inter
1010 2700 1115 2752 duo
1141 2701 1334 2751 maria:
1359 2701 1610 2751 ,Ionicum
1639 2706 1691 2750 et
1708 2701 1943 2766 Aegeum
1964 2702 2018 2750 in
2038 2700 2235 2750 Isthmo
2258 2702 2413 2767 quasi
2439 2702 2756 2767 spectaculo
2782 2706 3047 2769 exposita.

552 2788 805 2848 Quamvis
825 2803 858 2837 a
878 2788 936 2838 C.
960 2789 1073 2837 146.
1102 2802 1135 2837 a
1152 2788 1406 2837 Romanis
1426 2787 1542 2837 solo
1563 2792 1903 2853 aequaretur,
1931 2792 2080 2838 tanto
2108 2794 2285 2838 tamen
2305 2787 2591 2853 splendore
2614 2788 2849 2839 Colonia
2872 2790 3051 2851 „Julia

552 2872 822 2924 Corinthi“
864 2878 1054 2936 postea
1079 2890 1108 2923 e
1136 2873 1417 2925 ruderibus
1453 2875 1753 2924 instaurata
1784 2874 1900 2936 fuit,
1938 2881 1999 2923 ut
2023 2874 2179 2924 Pauli
2216 2880 2394 2925 aetate
2435 2876 2743 2935 „civitatem
2780 2892 3046 2943 magnam,

551 2960 747 3011 divitiis
774 2966 826 3011 et
851 2962 1115 3027 sapientia
1144 2960 1456 3022 mirabilem,
1497 2960 1864 3027 Graeciaeque
1902 2962 2276 3027 praecipuam“
2318 2962 2508 3010 dixerit
2542 2978 2584 3011 s.
2614 2961 3047 3026 chrysostomus,

550 3062 751 3113 argum.
792 3064 874 3113 ep.
915 3064 990 3113 pr.
1031 3048 1100 3097 ad
1138 3047 1259 3097 Cor.
1299 3048 1363 3108 X,
1391 3050 1438 3096 2.
1497 3046 1641 3097 Situs
1677 3048 1863 3097 urbem
1900 3052 2231 3097 mercaturae
2269 3049 2597 3113 aptissimam
2636 3048 2888 3110 reddidit,
2926 3050 3047 3099 hinc

551 3135 810 3185 Graeciae
847 3136 1018 3185 forum
1055 3134 1368 3196 habebatur,
1415 3135 1470 3183 in
1509 3150 1613 3200 quo
1652 3139 1797 3184 terra
1831 3136 2069 3200 marique
2107 3136 2480 3184 commercium
2522 3140 2794 3201 ageretur.
2858 3138 3045 3187 Evasit

551 3222 675 3273 item
711 3222 872 3273 Asiae
911 3228 963 3271 et
998 3224 1250 3287 Europae
1287 3223 1604 3287 emporium,
1643 3221 1785 3287 quod
1841 3219 2139 3270 Orientales
2174 3249 2239 3256 —
2272 3222 2325 3270 in
2364 3222 2445 3271 his
2482 3222 2683 3271 Judaei
2722 3225 2817 3289 qui
2856 3226 3041 3289 patriis

549 3311 690 3361 arvis
717 3309 914 3359 relictis
941 3324 1033 3359 eas
1060 3309 1387 3375 appetebant
1421 3308 1682 3373 regiones,
1720 3308 1812 3357 ubi
1839 3313 2169 3357 mercaturae
2192 3308 2382 3358 studiis
2412 3308 2691 3373 indulgere
2729 3316 2959 3376 possent
2986 3340 3043 3347 —-

551 3412 662 3447 non
703 3397 878 3447 minus
917 3410 1076 3462 quam
1114 3394 1488 3445 occidentales
1525 3396 1751 3445 maxime
1788 3394 1911 3444 Itali
1949 3394 2219 3460 Siculique
2256 3396 2688 3461 frequentabant.
2753 3397 3045 3463 opulentia

549 3485 744 3533 civium
780 3500 843 3533 ex
877 3484 1310 3533 commerciorum
1347 3482 1649 3547 frequentia
1682 3482 2017 3547 proveniens,
2049 3497 2222 3531 mores
2260 3498 2443 3532 eorum
2480 3480 2548 3531 ad
2585 3482 2807 3545 fastum,
2844 3483 3041 3544 luxum,

547 3569 823 3632 libidines,
880 3570 1097 3619 nimium
1148 3574 1406 3634 quantum
1455 3573 1782 3634 corruperat.
1856 3568 2017 3618 Clara
2063 3570 2243 3634 itaque
2299 3575 2355 3619 at
2406 3569 2695 3620 libidinosa
2754 3570 3041 3621 Corinthus

547 3657 745 3708 divitiis
780 3686 845 3695 —
885 3656 1078 3723 quibus
1120 3655 1190 3706 ad
1227 3656 1497 3721 fastigium
1543 3672 1697 3706 suum
1734 3656 1977 3721 pervenit
2010 3684 2074 3691 —
2114 3662 2168 3705 et
2212 3646 2425 3706 luxuria
2457 3656 2697 3706 Athenas
2736 3660 3039 3724 superas-in

548 3750 734 3795 contra
789 3746 1035 3795 doctrina
1087 3750 1140 3794 et
1193 3744 1523 3794 humanitate
1573 3744 1641 3793 ab
1696 3743 1883 3793 iisdem
1942 3743 2270 3793 vincebatur.
2342 3744 2423 3793 De
2472 3745 2591 3809 ipsa
2638 3744 2774 3794 urbe
2826 3752 2883 3795 et
2930 3747 3039 3795 eius

547 3832 705 3883 rebus
742 3832 1176 3883 memorabilibus
1214 3836 1424 3897 praeter
1461 3830 1796 3897 geographos
1834 3835 2042 3879 veteres
2072 3830 2394 3880 Pausaniam
2421 3832 2473 3879 iu
2498 3830 2752 3882 Achaicis
2788 3832 2864 3894 11,
2894 3835 3039 3881 1—6.

547 3924 601 3969 et
637 3918 968 3980 Strabonem,
1007 3933 1184 3983 geogr.
1211 3918 1357 3967 VIII.
1387 3918 1433 3979 7,
1461 3920 1508 3967 3.
1547 3915 1781 3967 adeundi
1818 3917 1887 3965 Η.
1925 3916 2184 3980 VVilkens,
2222 3933 2365 3982 spec.
2393 3918 2553 3982 antiq.
2582 3917 2825 3969 Corinth.
2853 3919 3035 3969 select.

547 4005 614 4055 ad
652 4005 840 4056 illustr.
875 4010 978 4054 utr.
1015 4022 1096 4069 ep.
1133 4005 1191 4053 P.
1227 4004 1398 4053 Brem.
1440 4006 1589 4054 1747.
1639 4004 1691 4053 J.
1726 4004 1790 4053 Ε.
1827 4003 2034 4065 Walch,
2070 4005 2235 4069 antiq.
2273 4003 2397 4053 Cor.
2424 4004 2573 4053 1761.
2626 4004 2690 4054 G.
2720 4004 2846 4055 Chr.
2877 4006 3035 4056 Storr.

546 4098 653 4142 not.
681 4092 800 4143 hist.
829 4109 910 4158 ep.
937 4090 1092 4141 Pauli
1119 4090 1188 4141 ad
1215 4091 1334 4141 Cer.
1361 4092 1579 4157 interpr.
1607 4093 1801 4142 inserv.
1828 4090 1962 4140 Tub.
1995 4092 2144 4140 1788.
2186 4090 2243 4139 C.
2270 4090 2533 4153 Mannert,
2561 4090 2760 4157 Geogr.
2790 4093 2843 4141 d.
2874 4093 3035 4143 nordl.

547 4178 953 4229 Griechenland.
1004 4178 1188 4245 Leipz.
1237 4180 1386 4229 1822.
1435 4195 1484 4243 p.
1530 4180 1649 4228 355.
1693 4194 1733 4229 s.
1796 4178 2057 4243 Wagner,
2104 4193 2203 4227 rer.
2246 4177 2365 4227 Cor.
2404 4193 2547 4243 spec.
2598 4178 2841 4229 Darmst.
2892 4181 3034 4229 1823.

545 4265 614 4315 H.
649 4265 698 4315 J.
737 4264 1068 4331 Roayaards,
1109 4266 1174 4315 de
1210 4265 1382 4315 altera
1416 4263 1571 4314 Pauli
1608 4264 1678 4313 ad
1717 4264 1837 4314 Cor.
1875 4280 1958 4331 ep.
1993 4282 2044 4330 p.
2072 4266 2120 4313 2.
2149 4280 2191 4313 s.
2240 4251 2423 4327 B'artb,
2462 4264 2865 4317 Corinthiorum
2902 4282 3035 4316 com·

545 4354 727 4401 mercii
764 4358 819 4402 et
852 4352 1456 4411 mercaturaehistoria.
1495 4351 1673 4401 Berol.
1711 4354 1861 4402 1844.
1908 4352 1960 4401 J.
1994 4352 2060 4400 Ε.
2098 4350 2380 4413 Osiander,
2420 4350 2622 4401 Comm-
2660 4357 2713 4402 ii.
2740 4354 2792 4402 d.
2820 4370 2867 4403 e.
2892 4353 2950 4402 B.
2980 4353 3033 4401 1‘.

546 4453 613 4488 an
653 4438 738 4488 die
775 4440 902 4490 Kor.
942 4438 1131 4504 Stuttg.
1171 4439 1322 4489 1847.
1368 4438 1511 4487 Einl.
1547 4455 1598 4504 p.
1640 4442 1686 4489 1.
1722 4454 1763 4488 s.
1838 4439 1879 4503 2)
1926 4437 2041 4487 Act.
2080 4440 2160 4500 18,
2200 4440 2350 4489 1—3.
2389 4438 2511 4488 coll.
2544 4438 2587 4487 I.
2625 4438 2751 4489 Cor.
2790 4442 2840 4501 9,
2882 4442 2959 4489 18.
2994 4456 3033 4489 s.

543 4526 614 4575 11.
641 4525 827 4576 Thess.
853 4528 902 4587 3,
930 4529 977 4575 8.
1005 4528 1052 4575 9.
1116 4526 1156 4591 3)
1183 4527 1418 4576 Monitus
1457 4526 1727 4587 divinitus,
1766 4541 1832 4575 ne
1859 4527 2041 4575 timeat
2072 4526 2385 4590 praedicare
2412 4526 2789 4591 Evangelium.
2852 4529 2893 4589 ⁴)
2920 4528 3031 4575 Act.

551 4614 629 4674 18,
657 4615 704 4661 4.
757 4614 797 4662 1.
826 4614 944 4662 Cor.
975 4617 1022 4674 1,
1051 4616 1130 4663 14.
1161 4616 1239 4663 16.
1283 4616 1361 4675 16,
1393 4616 1473 4663 16.
