3267 5259
1220 472 1420 515 chriam
1446 474 1656 515 mortuus.
2575 459 2696 525 153

422 647 639 713 Oratio
675 647 935 731 Christi,
983 671 1113 735 qua
1156 672 1275 736 pro
1325 648 1856 734 crucifigentibus
1891 650 2169 733 rogavit,
2200 670 2350 712 suas
2382 647 2699 712 velociter

249 764 427 827 exerit
466 764 655 826 vires.
705 760 895 841 Quae
944 764 1116 827 enim
1160 771 1375 827 terrae
1420 771 1603 826 motu
1649 761 1920 847 aliisque
1981 763 2182 847 signis
2239 758 2698 825 indicabantur

246 898 431 939 rerum
474 876 1037 958 commutationes,
1100 874 1333 939 eadem
1380 876 1447 939 in
1494 876 1725 939 animis
1769 874 2104 939 hominum
2147 896 2306 939 mox
2351 872 2694 960 perficiun—

246 998 343 1051 tur.
404 987 461 1051 E
520 1008 703 1052 more
766 1008 1038 1051 romano
1095 989 1306 1053 crucis
1364 987 1682 1074 supplicio
1743 988 2154 1073 praepositus
2215 988 2506 1051 centurio
2554 987 2694 1052 fuit.

246 1098 367 1165 Stat
402 1099 501 1165 ille
549 1099 975 1166 crucifixione
1021 1102 1150 1165 iam
1197 1110 1469 1187 peracta
1528 1122 1736 1187 prope
1799 1122 2082 1183 crucem,
2145 1122 2223 1164 ac
2270 1099 2498 1165 Jesum
2547 1122 2696 1164 cum

246 1213 353 1277 suis
390 1212 692 1279 militibus
738 1223 975 1278 servat.
1028 1214 1281 1279 Videns
1328 1224 1547 1279 autem
1594 1213 2122 1279 obscurationem
2168 1210 2320 1277 solis
2363 1210 2696 1278 tenebras·

246 1346 349 1411 que
390 1348 463 1391 ac
505 1335 854 1412 praeterea
907 1336 1130 1411 gestus
1190 1336 1257 1391 et
1315 1327 1523 1391 verba
1582 1326 1922 1409 Domini¹,
1991 1348 2142 1391 cum
2197 1325 2506 1390 militibus
2565 1327 2697 1389 suis

244 1440 422 1503 timuit
459 1438 673 1523 valde,
720 1438 1007 1504 divinam
1052 1449 1350 1504 metuens
1380 1440 1757 1505 vindictam.
1819 1438 2060 1523 Home,
2105 1440 2332 1526 inquit,
2379 1440 2498 1502 iste
2529 1437 2697 1503 filius

244 1550 349 1614 Dei
389 1552 548 1615 erat!
610 1550 801 1616 Idem
846 1562 913 1617 et
958 1554 1159 1617 ceteri
1204 1552 1483 1639 professi
1530 1562 1682 1617 sunt
1699 1555 1744 1618 2.
1795 1552 1962 1618 Cum
2009 1562 2227 1617 autem
2274 1554 2483 1616 esset³
2528 1550 2694 1615 feria

244 1672 421 1746 sexta,
465 1685 658 1750 quam
706 1666 1279 1750 praeparationem
1312 1662 1567 1728 sabbati
1598 1663 1826 1728 dixere
1859 1663 2175 1747 Judaei;⁴
2221 1662 2698 1750 sabbatumque

244 1798 489 1861 sequens
533 1776 865 1841 solennius
913 1776 1373 1859 celebraretur,
1421 1776 1597 1863 quod
1644 1778 1710 1841 in
1755 1776 1912 1842 illud
1956 1776 2212 1841 Pascha
2257 1775 2701 1841 transtulerint

242 1911 517 1975 proceres
561 1888 1000 1955 Judaeorum:
1048 1913 1132 1954 ne
1183 1888 1484 1977 supplicii
1529 1900 1804 1977 aspectu
1849 1890 1997 1955 festi
2042 1889 2268 1975 religio
2317 1888 2474 1976 quid
2516 1899 2697 1976 pate-

242 2012 420 2085 retur,
477 2003 639 2068 Jesu
686 2013 885 2090 atque
930 2003 1256 2069 latronum
1305 2026 1582 2090 corpora
1626 2006 1692 2068 in
1741 2026 1964 2087 cruce,
2025 2024 2412 2090 permanere
2475 2002 2698 2067 nolue-

242 2124 385 2179 runt.
438 2114 888 2199 Assentiente,
936 2138 1131 2203 quem
1178 2116 1398 2181 adiere
1446 2115 1677 2199 Pilato,
1725 2116 2103 2199 latronibus,
2163 2125 2238 2180 ut
2263 2138 2440 2180 mors
2472 2136 2698 2179 eorum

242 2226 653 2311 festinaretur,
716 2250 906 2293 crura
967 2229 1306 2293 confracta
1366 2239 1533 2293 sunt.
1613 2230 1848 2294 Christi
1910 2230 2040 2293 iam
2100 2230 2334 2294 mortui
2395 2227 2698 2293 haustum

240 2338 443 2405 lancea
488 2341 689 2423 latus,
746 2364 831 2406 ne
889 2342 1047 2427 quid
1099 2344 1167 2406 in
1223 2364 1300 2407 eo
1364 2344 1623 2429 spiritus
1697 2341 2045 2425 resideret3
2131 2342 2446 2427 sanguine
2509 2338 2698 2405 simul

244 2462 297 2515 et
358 2475 519 2539 aqua
592 2451 747 2518 inde
824 2454 1233 2520 decurrente.
1330 2454 1527 2534 Quod
1599 2454 1764 2519 vidit
1837 2464 1904 2519 et
1975 2454 2297 2535 Joannes,
2375 2455 2484 2540 qui
2558 2475 2699 2517 rem

241 2652 345 2688 ann.
366 2638 546 2691 illustr.
586 2642 733 2693 Gott.
775 2642 924 2691 1810.
962 2641 1067 2691 vol.
1106 2641 1177 2703 11,
1218 2656 1331 2691 exe.
1378 2641 1475 2690 111.
1510 2640 1710 2701 Morus,
1733 2640 1899 2706 prael.
1938 2640 1994 2689 in
2019 2638 2211 2689 Jacobi
2249 2642 2302 2687 et
2325 2638 2468 2689 Petri
2507 2654 2588 2703 ep.
2617 2637 2699 2687 ed.

242 2725 387 2776 Dona.
412 2730 557 2779 1794.
582 2746 633 2795 p.
665 2730 781 2778 150.
806 2742 850 2777 s.
875 2728 927 2777 J.
962 2728 1028 2778 L.
1062 2728 1254 2794 Konig,
1270 2728 1357 2779 die
1378 2728 1555 2777 Lehre
1579 2743 1686 2777 von
1709 2726 1904 2777 Christi
1923 2726 2278 2776 Hollenfahrt.
2303 2724 2523 2775 Franks.
2548 2726 2698 2775 1842.

240 2828 283 2875 p.
306 2815 377 2863 79.
398 2828 437 2864 s.
485 2815 687 2877 (Rider,
716 2814 893 2865 Lehre
918 2830 1023 2864 von
1050 2814 1143 2865 der
1166 2815 1541 2879 Erscheinung
1566 2814 1762 2864 Christi
1787 2818 1943 2864 unter
1969 2813 2073 2863 den
2097 2812 2322 2863 Todten.
2360 2814 2518 2861 Bern.
2546 2813 2698 2862 1853.

240 2898 403 2961 Weiss,
440 2902 531 2952 der
554 2902 882 2968 petrinische
906 2901 1255 2965 Lehrbegriff.
1291 2901 1433 2951 Berl.
1461 2902 1611 2952 1865.
1650 2918 1702 2967 p.
1729 2904 1846 2953 216.
1881 2916 1922 2950 s.
1971 2900 2036 2949 A.
2062 2900 2388 2965 Wiesinger,
2433 2899 2527 2949 der
2560 2904 2699 2949 erste

240 2984 369 3035 Brief
394 2988 481 3039 des
512 2989 699 3053 Apost.
736 2989 943 3038 Petrus.
982 2988 1240 3053 Konigsb.
1278 2990 1427 3038 1856.
1478 3004 1531 3053 p.
1557 2990 1677 3037 227.
1715 3002 1756 3036 s.
1807 2988 1968 3049 Baur,
2007 2988 2060 3036 in
2097 3002 2222 3037 ann.
2256 2985 2392 3037 Tflb.
2434 2987 2586 3036 1846.
2625 2987 2696 3045 ΙΙ,

240 3074 336 3121 215.
358 3089 396 3123 s.
440 3074 491 3125 J.
527 3074 625 3125 Ch.
661 3074 723 3124 C.
758 3075 1057 3137 Hoffmann,
1098 3074 1511 3124 Schriftbeweis.
1549 3075 1618 3124 ΙΙ.
1659 3076 1714 3135 1,
1742 3076 1860 3124 335.
1897 3089 1937 3123 s.
1989 3073 2048 3124 C.
2075 3074 2135 3123 A.
2165 3073 2227 3124 G.
2266 3073 2332 3123 de
2359 3073 2696 3133 Zezschwitz‚

238 3158 361 3209 Petri
383 3176 465 3227 ap.
490 3162 555 3212 de
582 3162 643 3213 Ο.
670 3161 741 3211 ad
766 3162 859 3211 inf.
888 3161 1031 3211 desc.
1056 3166 1189 3212 sent.
1227 3162 1377 3227 Lips.
1405 3162 1557 3212 1867.
1594 3177 1646 3226 p.
1678 3162 1758 3211 15.
1793 3178 1834 3211 s.
1885 3161 2119 3223 Huther,
2159 3160 2358 3210 Comm.
2386 3164 2437 3210 ft.
2465 3160 2514 3210 d.
2539 3160 2582 3209 Ι.
2607 3159 2696 3211 Br.

238 3244 333 3295 Pet.
358 3246 433 3297 ed.
458 3262 563 3298 sec.
602 3246 747 3297 (ἔδει.
776 3249 927 3299 1859.
964 3264 1016 3313 p.
1045 3250 1162 3299 133.
1188 3264 1229 3297 s.

422 3336 457 3397 ¹)
493 3336 597 3397 Qui
634 3340 849 3401 praeter
885 3350 1081 3384 morem
1118 3335 1265 3385 lenta
1300 3340 1469 3385 morte
1506 3336 1842 3400 pereuntium
1879 3337 1936 3384 in
1972 3350 2147 3396 cruce,
2186 3348 2386 3399 quosve
2425 3334 2493 3383 ad
2530 3339 2699 3385 extre·

239 3434 361 3469 mum
392 3423 507 3487 ipsa
540 3438 673 3483 vox,
728 3421 925 3471 nedum
971 3422 1171 3472 clamor
1234 3421 1488 3485 destituit,
1546 3436 1742 3487 magna
1785 3438 1918 3472 voce
1969 3422 2275 3473 exclamans
2311 3422 2700 3471 sanctissimam

238 3508 433 3557 animam
486 3510 679 3574 posuit.
740 3508 785 3573 ²)
834 3508 1021 3559 Jesum
1075 3509 1225 3558 velut
1274 3510 1493 3559 arbitrio
1547 3525 1646 3559 suo
1686 3511 2043 3575 exspirantem
2079 3508 2332 3559 viderunt
2369 3524 2567 3569 omnes,
2607 3510 2698 3575 qui

238 3592 295 3641 ad
326 3593 419 3643 hoc
452 3595 817 3661 spectaculum
864 3600 1242 3645 convenerant.
1297 3596 1511 3646 Turbae
1560 3596 1762 3661 pariter
1808 3613 1836 3646 e
1885 3596 2169 3646 calvariae
2213 3596 2333 3646 loco
2373 3595 2697 3657 recedentes,

240 3688 401 3741 pectus
432 3698 585 3733 suum
621 3684 677 3732 in
716 3682 915 3733 doloris
954 3688 1323 3747 argumentum
1357 3683 1730 3749 percutiebant
1771 3698 1900 3748 prae
1938 3684 2394 3747 consternationer,
2447 3684 2698 3748 quoniam

240 3780 307 3825 ea,
338 3782 465 3833 quae
498 3770 767 3831 viderunt,
806 3770 961 3834 signa
994 3769 1281 3821 manifesta
1326 3776 1478 3820 erant
1526 3770 1957 3836 clarissimaque,
2007 3770 2182 3819 Deum
2218 3770 2427 3820 facinus
2465 3770 2700 3819 aversari

240 3859 327 3901 tam
358 3854 695 3918 horrendum,
751 3860 912 3921 atque
948 3856 1083 3907 Jesu
1119 3857 1459 3907 innocentiae
1512 3858 1870 3907 testimonium
1905 3858 2166 3923 praebere
2202 3857 2697 3907 luculentissimum.

240 3936 364 3991 Haec
396 3958 521 3993 vera
556 3960 677 3993 esse
712 3944 905 3993 testari
939 3948 1229 4008 potuerunt
1265 3944 1379 4006 isti,
1435 3944 1531 3993 sed
1580 3950 1633 3994 et
1683 3946 1908 3993 maxime
1958 3945 2050 4009 qui
2089 3946 2268 3995 omnia
2301 3960 2397 4009 pro
2435 3958 2533 3993 suo
2571 3957 2700 4007 erga

240 4024 395 4077 Jesum
432 4029 623 4080 affectu
662 4036 974 4095 spectarunt
1010 4029 1316 4095 diligenter:
1364 4032 1501 4093 noti,
1554 4031 1939 4096 consanguinei
1994 4032 2257 4096 amicique
2305 4030 2491 4079 intimi.
2552 4030 2699 4079 Inter

240 4110 317 4162 hos
349 4117 609 4167 eminebat
644 4116 821 4167 Maria
856 4122 1026 4166 mater
1060 4117 1195 4167 Jesu
1232 4122 1287 4167 et
1322 4134 1364 4167 s.
1401 4118 1667 4181 Joannes3
1725 4118 1974 4168 mulieres
2030 4145 2095 4153 —-
2149 4117 2324 4167 Maria
2357 4115 2696 4180 Mag-dalens,

240 4196 381 4251 Maria
412 4203 621 4265 Jacobi,
662 4202 875 4253 Salome
902 4220 1035 4253 uxor
1058 4203 1325 4253 Zebedaei
1350 4208 1511 4269 atque
1538 4204 1711 4254 Maria
1736 4204 2023 4269 cleophae.
2061 4204 2127 4252 D.
2155 4220 2199 4268 q.
2231 4220 2282 4253 V.
2310 4203 2442 4267 disq.
2471 4230 2536 4239 —
2557 4216 2695 4267 quae

244 4294 423 4339 secutae
472 4290 687 4341 fuerant
731 4290 919 4341 Jesum
966 4306 999 4340 a
1046 4290 1293 4341 Galilaea
1336 4292 1485 4356 piae,
1542 4296 1706 4356 atque
1761 4290 2004 4341 doctrina
2058 4290 2252 4339 Christi
2321 4288 2698 4356 miraculisque

244 4383 413 4439 motae,
468 4377 619 4427 illum
654 4382 719 4427 ut
754 4379 1061 4443 magistrum
1106 4392 1259 4427 suum
1296 4378 1694 4428 venerabantur
1731 4381 1785 4427 et
1819 4377 2178 4443 singularibus
2217 4377 2284 4426 ab
2325 4392 2388 4426 eo
2425 4376 2698 4427 beneficiis

246 4460 448 4525 affectae,
507 4465 573 4515 de
612 4466 771 4515 bonis
808 4467 919 4515 suis
964 4466 1065 4531 ipsi
1100 4465 1577 4516 subministrabant
1626 4465 1948 4515 necessaria.
2003 4465 2300 4514 Narrantur
2334 4462 2466 4513 haec
2509 4464 2698 4514 Matth.

244 4546 307 4602 27.
338 4552 415 4600 35.
462 4566 503 4601 s.
540 4553 711 4601 Marc.
755 4553 833 4613 15,
872 4553 955 4601 24.
994 4566 1037 4601 s.
1074 4552 1208 4601 Luc.
1246 4553 1330 4613 23,
1368 4554 1451 4601 33.
1490 4568 1532 4602 s.
1569 4550 1766 4600 Joann.
1806 4553 1886 4613 19,
1929 4553 2010 4601 18.
2037 4568 2077 4601 s.
2117 4551 2158 4612 ³)
2207 4552 2282 4600 Ut
2315 4552 2480 4600 visuri
2517 4565 2698 4599 sumus

242 4632 283 4681 in
314 4651 417 4699 pec.
452 4637 583 4704 disq.
648 4640 691 4703 ⁴)
730 4638 957 4703 Propter
994 4639 1240 4687 eximium
1274 4638 1415 4687 illius
1456 4637 1673 4687 cultum.
