3267 5259
964 424 1163 477 Epistola
1186 428 1411 470 catholico.
1438 425 1486 469 Β.
1506 426 1648 469 Jum
1677 427 1886 479 Apostoli.
2530 415 2660 481 493

160 616 263 667 per
300 602 497 651 merita
532 600 597 651 de
636 601 916 667 condigno,
955 603 1150 668 quibus
1186 603 1507 669 respondeat
1542 603 1728 669 gloria.
1767 602 1938 653 Simili
1973 609 2283 669 argumento
2317 620 2448 655 usus
2483 605 2658 668 fuerat

162 689 316 753 prior
354 686 407 738 d.
433 688 634 739 Paulus
662 689 730 739 ad
756 688 796 739 I.
824 688 945 739 Cor.
974 692 1055 751 13,
1083 692 1131 739 2.
1159 692 1207 740 3.
1252 689 1401 740 Idem
1437 706 1594 757 porro
1627 690 1681 740 S.
1707 690 1994 757 Apostolus
2019 694 2074 741 in
2102 690 2340 757 epistolis
2367 692 2436 741 ad
2460 692 2653 742 Roma·

166 790 265 824 nos
308 781 366 825 et
416 774 638 825 Galatas
676 777 965 843 praecipue
1002 778 1275 843 opponit
1312 776 1507 827 Christi
1543 778 1767 840 fidem,
1817 794 1944 827 non
1982 778 2280 839 caritati,
2320 778 2430 829 sed
2467 778 2655 844 Legi3

163 876 337 927 opera
374 862 521 911 facta
556 878 653 928 per
688 862 953 913 dictamen
987 862 1149 928 Legis
1183 864 1545 929 Evangelicae
1584 868 1638 915 et
1673 881 1767 931 per
1793 867 1931 915 vires
1960 866 2164 931 gratiae
2201 864 2253 915 J.
2279 864 2364 929 C.;
2401 866 2650 931 operibus

163 964 311 1015 quae
350 964 451 1013 per
488 949 751 1000 dictamen
798 950 959 1016 Legis
1007 952 1274 1001 mosaicae
1322 956 1418 1001 aut
1460 952 1736 1002 naturalis.
1786 953 1953 1002 Totus
2001 953 2056 1001 in
2095 968 2156 1002 eo
2197 956 2292 1013 est,
2331 957 2390 1002 nt
2424 952 2658 1001 inculcet

161 1038 229 1086 D.
256 1037 329 1087 N.
354 1036 411 1087 J.
439 1036 515 1097 0.,
546 1052 579 1086 a
604 1052 709 1103 quo
735 1053 840 1087 uno
868 1042 1063 1087 cuncta
1086 1042 1209 1088 sunt
1235 1038 1305 1087 ad
1328 1038 1553 1089 salutem
1580 1040 1898 1101 necessaria,
1927 1044 2159 1089 nostram
2184 1040 2435 1089 iustitiam
2451 1038 2654 1089 'sancti-

162 1122 473 1173 ficationem
494 1124 873 1174 redemtionem
894 1139 1027 1175 esse.
1065 1124 1107 1173 Ι.
1130 1124 1252 1174 Cor.
1295 1128 1338 1187 1,
1360 1128 1443 1175 30.
1468 1126 1619 1175 Rom.
1647 1128 1695 1188 4,
1717 1127 1765 1175 5.
1801 1126 1901 1174 His
1927 1122 2265 1177 conformiter
2289 1126 2654 1176 conciliandus

162 1226 206 1260 s.
244 1210 493 1261 Jacobus
532 1226 651 1259 cum
688 1210 736 1259 d.
776 1210 964 1273 Paulo,
1004 1227 1123 1261 cum
1160 1216 1322 1277 negat
1360 1227 1425 1261 ex
1462 1212 1712 1277 operibus
1749 1212 1912 1277 Legis
1950 1228 2250 1279 quenquam
2285 1212 2654 1276 iustificatum3

164 1296 263 1347 sed
304 1296 539 1347 affimat
586 1296 861 1347 iustificari
909 1298 1119 1362 gratis
1145 1326 1211 1334 --
1235 1299 1271 1347 i.
1310 1315 1356 1348 e.
1406 1300 1519 1348 sine
1564 1300 1764 1348 meritis
1802 1299 2244 1365 praecedentibus
2287 1298 2442 1349 fidem
2467 1328 2534 1335 —
2560 1316 2655 1365 per

162 1385 399 1449 gratiam
438 1383 661 1447 Christi,
712 1388 765 1434 et
812 1400 907 1450 per
942 1384 1098 1434 fidem
1148 1386 1262 1435 sine
1298 1385 1549 1450 operibus
1586 1385 1762 1451 Legis.
1813 1387 1996 1451 Exigit
2039 1403 2081 1437 s.
2118 1386 2154 1435 J
2167 1387 2414 1437 acobus
2453 1402 2656 1452 opera

162 1472 521 1521 meritoria
558 1486 695 1521 cum
734 1472 955 1536 gratia
990 1471 1149 1521 facta.
1198 1471 1399 1521 Paulus
1443 1472 1697 1538 intelligit
1745 1488 1975 1539 opera,
2027 1488 2196 1539 quae
2233 1474 2432 1524 fidem
2471 1488 2654 1541 prae-

164 1558 446 1620 cedant,
492 1558 733 1607 Jacobus
779 1572 943 1624 opera
990 1573 1127 1624 quae
1173 1558 1331 1607 fidem
1378 1564 1686 1625 sequuntur.
1745 1560 1908 1609 Fides
1967 1576 2092 1625 ergo
2147 1560 2348 1626 absque
2405 1561 2654 1627 operibns

164 1644 497 1710 reliquarum
536 1646 787 1695 virtutum
823 1650 1033 1695 mortua
1069 1649 1175 1708 est3
1213 1644 1347 1695 fides
1380 1662 1506 1695 vero
1546 1647 1686 1708 viva,
1727 1662 1864 1712 quae
1901 1662 2118 1713 operum
2152 1648 2380 1697 animam
2416 1653 2469 1697 et
2491 1649 2654 1697 vitam

163 1732 347 1782 habet.
402 1732 475 1781 Et
499 1732 589 1781 sic.
616 1748 659 1781 s.
686 1746 727 1781 s.
753 1731 957 1794 Patres,
997 1730 1293 1796 Scriptores
1320 1732 1434 1795 ecl„
1472 1732 1671 1798 aliique
1703 1732 1953 1783 catholici
1983 1736 2316 1799 interpreteS,
2354 1750 2462 1784 non
2500 1750 2654 1784 secus

166 1835 231 1869 ac
270 1834 315 1869 s.
356 1819 655 1869 Concilium
678 1819 1049 1868 Tridentinum
1086 1834 1216 1869 sess.
1245 1819 1335 1869 VI.
1361 1835 1407 1869 c.
1434 1822 1482 1870 8.
1511 1819 1561 1869 d.
1597 1820 1634 1869 J
1638 1820 1864 1869 acobum
1887 1820 2206 1887 intelligunt.
2232 1822 2295 1871 V.
2322 1836 2363 1870 s.
2403 1820 2650 1885 Cyrillus,
2757 1824 2760 1829 '

165 1906 376 1957 catech.
415 1908 479 1968 V,
506 1909 554 1957 5.
582 1922 623 1955 s.
648 1923 700 1971 p.
730 1908 811 1955 74.
838 1920 879 1955 s.
930 1906 982 1955 S.
1008 1906 1249 1955 Joannes
1277 1906 1702 1971 ChrysostomuS,
1741 1909 1794 1956 in
1833 1922 1949 1973 cap.
1991 1909 2035 1956 1.
2065 1907 2196 1958 Gen.
2223 1907 2359 1958 hom.
2387 1908 2456 1969 11,
2485 1910 2532 1957 5.
2559 1908 2652 1969 IV,

166 1996 247 2044 13.
304 1994 359 2043 S.
394 1994 635 2044 Joannes
671 1994 1067 2054 Damascenus,
1107 1992 1173 2042 de
1218 1992 1321 2043 fide
1372 1994 1575 2044 orthod.
1628 1996 1718 2057 IV,
1758 1998 1837 2045 10.
1877 2013 1926 2061 p.
1965 1997 2081 2046 263.
2130 1994 2182 2045 S.
2219 1995 2560 2060 Augustinu8‚
2597 1997 2653 2045 in

166 2082 255 2131 Ps.
281 2080 482 2131 XXXI.
509 2096 679 2131 enarr.
706 2080 774 2130 ΙΙ.
803 2085 838 2130 t.
867 2081 958 2143 IV,
988 2082 1101 2129 170.
1129 2095 1169 2129 s.
1207 2084 1259 2130 et
1282 2096 1411 2145 prae
1449 2081 1694 2133 omnibus
1733 2082 2091 2133 doctissimum
2131 2088 2408 2132 comment.
2446 2083 2512 2131 de
2548 2081 2652 2132 fide

164 2175 221 2217 et
258 2168 511 2234 operibus
558 2168 650 2229 VI,
698 2169 811 2217 165.
856 2184 897 2219 s.
962 2166 1014 2216 S.
1061 2168 1436 2232 Hieronymus,
1486 2174 1764 2219 comment.
1810 2170 1864 2218 in
1922 2169 2038 2219 Gal.
2077 2170 2141 2231 V,
2184 2171 2263 2219 14.
2300 2174 2337 2218 t.
2375 2170 2492 2233 VII,
2531 2170 2648 2219 498.

164 2255 219 2305 S.
258 2254 588 2313 Bernartius,
626 2255 681 2303 in
718 2253 871 2304 Cant.
910 2269 1062 2304 serm.
1100 2254 1191 2315 LI,
1218 2256 1267 2303 3.
1296 2254 1393 2316 111,
1420 2257 1536 2305 329.
1575 2272 1617 2305 s.
1656 2256 1905 2320 Thomas,
1943 2272 2048 2306 sec.
2087 2272 2193 2306 sec.
2232 2273 2280 2322 q.
2305 2257 2397 2306 IV.
2425 2262 2521 2308 art.
2548 2257 2646 2307 ΠΙ.

165 2349 221 2393 ct
244 2342 341 2391 IV.
379 2341 461 2391 ed.
501 2358 547 2390 c.
573 2340 693 2403 VII,
723 2343 836 2390 129.
865 2358 908 2391 s.
947 2343 1061 2391 132.
1101 2358 1142 2391 s.
1190 2342 1563 2405 Bellarminus,
1602 2342 1668 2392 de
1705 2343 2080 2393 iustificatione
2116 2342 2158 2405 Ι,
2197 2346 2276 2393 15.
2302 2360 2353 2409 p.
2381 2346 2463 2392 64.
2489 2358 2530 2393 s.
2556 2344 2649 2407 lv,

168 2432 249 2479 18.
278 2447 333 2494 p.
354 2431 473 2479 371.
512 2427 774 2491 Sorai-ius,
801 2444 987 2479 comm.
1013 2446 1065 2494 p.
1090 2430 1168 2479 14.
1207 2430 1260 2478 J.
1284 2430 1531 2492 Lon-inus,
1556 2431 1611 2479 in
1633 2446 1714 2497 ep.
1741 2430 1801 2479 B.
1823 2430 2018 2480 Jacobi
2044 2435 2096 2479 et
2118 2430 2310 2481 Judae.
2337 2432 2477 2497 Mog.
2500 2433 2650 2481 1622.

166 2534 219 2581 p.
247 2516 367 2565 125.
396 2533 437 2567 s.
474 2515 619 2580 Hug,
643 2516 785 2565 Eiul.
809 2515 881 2577 11,
908 2516 1023 2564 537.
1051 2515 1114 2565 A.
1138 2516 1189 2565 J.
1214 2516 1428 2581 Liagre,
1456 2517 1672 2582 interpr.
1700 2534 1781 2583 ep.
1809 2516 1961 2567 Cath.
1987 2532 2028 2567 s.
2055 2517 2249 2567 Jacobi
2274 2535 2322 2579 p.
2354 2521 2466 2568 129.
2494 2533 2534 2567 a.

453 2778 495 2857 ἓ
547 2779 689 2844 101.
737 2774 813 2838 Β.
860 2774 1106 2839 Judas
1150 2773 1585 2860 Apostolus
1634 2778 1962 2862 eiusque
2021 2776 2374 2862 epistola.

382 2966 574 3030 Initio
608 2967 942 3051 proprium
972 2988 1233 3047 nomen,
1267 2964 1503 3030 deinde
1538 2966 1976 3031 conditionem
2009 2990 2193 3032 suam
2223 2990 2337 3033 seu
2364 2968 2650 3034 officium

172 3078 466 3144 declarat
504 3102 552 3142 e.
586 3077 796 3143 Judas
824 3081 860 3142 ¹.
906 3077 1139 3164 Aperit
1167 3077 1386 3143 litera-s
1418 3089 1571 3143 voto
1606 3078 1964 3164 apostolico
2006 3080 2324 3146 uberioris
2365 3106 2648 3148 commu-

384 3318 421 3385 ¹)
458 3317 658 3369 Judam
704 3316 1017 3381 Apostolum
1070 3317 1381 3382 scriptorem
1434 3316 1623 3379 fuisse,
1681 3318 1951 3383 negabant
2003 3320 2241 3384 profecto
2295 3336 2501 3382 omnes,
2557 3323 2649 3387 qui

170 3411 435 3472 negarunt
472 3404 751 3472 epistolam
789 3405 839 3454 ei
875 3404 1192 3470 adscriptam
1232 3419 1349 3455 esse
1388 3404 1453 3454 de
1478 3420 1700 3455 numero
1738 3405 1790 3455 S.
1819 3406 2222 3472 Scripturarum.
2265 3408 2330 3457 Ε.
2355 3424 2405 3473 g.
2434 3408 2647 3471 Semler‚

174 3493 427 3559 Paraphr.
466 3494 522 3542 in
560 3508 643 3559 ep.
672 3492 742 3541 11.
780 3492 924 3541 Petri
961 3496 1015 3541 et
1052 3508 1135 3556 ep.
1172 3491 1363 3541 Judae.
1402 3492 1526 3541 Hal.
1566 3494 1714 3542 1784.
1752 3510 1802 3558 p.
1839 3496 1953 3544 168.
1987 3510 2028 3544 s.
2075 3494 2144 3545 Η.
2181 3492 2238 3543 C.
2274 3496 2334 3545 A.
2365 3496 2647 3558 Haenlein,

172 3596 252 3645 ep.
291 3580 473 3629 Judae
518 3596 595 3645 gr.
635 3594 820 3629 comm.
858 3595 929 3628 cr.
970 3584 1023 3629 et
1058 3594 1181 3629 ann.
1218 3578 1405 3628 illustr.
1452 3579 1563 3629 Erl.
1606 3582 1756 3629 1799.
1804 3598 1854 3646 p.
1893 3582 1976 3631 47.
2021 3598 2061 3631 s.
2123 3582 2324 3643 Quodsi
2371 3587 2648 3645 statuatur,
2737 3633 2744 3640 ,

172 3668 411 3733 sequitur
426 3667 769 3732 impostorem
794 3682 910 3717 esse
937 3694 1002 3702 —-
1030 3668 1098 3715 sit
1128 3668 1287 3716 venia
1308 3666 1473 3717 verbo
1494 3669 1741 3732 -quise
1759 3684 1809 3717 v.
1841 3671 1884 3716 1.
1903 3675 2064 3717 vocat
2088 3662 2330 3735 ,,οὶδελφὸν
2352 3666 2647 3735 Ἶακώβου“;

172 3769 289 3803 cum
314 3754 513 3805 Jacobi
549 3754 713 3804 frater
748 3754 887 3803 idem
926 3755 995 3803 sit
1028 3753 1333 3819 Apostolus,
1370 3754 1463 3819 qui
1500 3760 1554 3804 et
1581 3754 1738 3804 aliter
1768 3754 2089 3805 Thaddaeus
2128 3756 2246 3805 coll.
2275 3756 2460 3805 Matth.
2491 3758 2572 3817 10,
2599 3758 2646 3807 3.

174 3840 336 3890 Marc.
374 3842 425 3902 3,
452 3843 535 3891 18.
572 3842 706 3891 Luc.
733 3844 779 3904 6,
810 3844 890 3891 13.
930 3854 995 3891 ac
1030 3841 1315 3893 Lebbaeus
1352 3842 1645 3904 dicebatur,
1684 3856 1908 3907 quemve
1945 3842 2196 3893 fratribus
2235 3844 2448 3893 Domini
2484 3843 2647 3892 adnu-

174 3930 381 3976 merant
414 3926 603 3978 Matth.
634 3931 713 3991 13,
740 3930 822 3978 55.
862 3933 915 3979 et
949 3930 1114 3978 Marc.
1151 3931 1199 3991 6,
1227 3932 1273 3981 3.
1312 3930 1395 3979 De
1430 3929 1513 3979 his
1552 3929 1795 3980 omuibus
1833 3928 1867 3979 l.
1903 3930 2054 3995 Disq.
2091 3946 2144 3995 p.
2181 3932 2296 3980 194.
2331 3946 2372 3980 s.
2413 3934 2464 3979 et
2497 3930 2645 3995 Digr.

172 4030 223 4079 p.
255 4016 379 4064 485.
436 4014 573 4064 Cum
606 4032 735 4066 vero
774 4012 1039 4078 ,,δοῦλον“,
1078 4016 1113 4064 i.
1142 4031 1185 4065 e.
1224 4030 1433 4066 servum
1465 4016 1516 4066 J.
1545 4015 1603 4065 C.
1643 4032 1700 4066 se
1737 4016 1989 4077 nominat,
2014 4017 2388 4083 Apostolorum
2425 4016 2648 4066 aliorum

176 4100 475 4167 exemplum
498 4104 735 4153 imitatus
762 4108 857 4154 est.
898 4102 1033 4152 Coll.
1058 4102 1207 4153 Rom.
1236 4107 1283 4166 1,
1312 4106 1357 4152 1.
1410 4102 1527 4153 Gal.
1556 4106 1602 4165 1,
1632 4105 1715 4154 10.
1739 4104 1842 4153 Tit.
1871 4107 1917 4166 1,
1947 4107 1994 4153 1.
2041 4104 2230 4154 Jacob.
2261 4107 2306 4167 1,
2335 4108 2380 4153 1.
2406 4103 2476 4152 11.
2507 4104 2644 4153 Petr.

176 4191 220 4249 1,
259 4190 333 4252 1.;
379 4204 650 4255 quamque
686 4190 863 4239 animo
903 4194 1043 4241 esset
1078 4190 1146 4239 ab
1186 4181 1327 4240 'omni
1362 4191 1503 4241 fastu
1540 4192 1876 4256 arrogantiae
1915 4196 1968 4241 et
2001 4206 2144 4241 vana
2177 4191 2444 4241 hominum
2480 4191 2650 4255 gloria

172 4274 377 4326 alienus
425 4276 674 4328 ostendit.
746 4277 967 4327 Poterat
1010 4277 1124 4327 iure
1174 4294 1231 4328 se
1277 4276 1453 4327 dicere
1500 4278 1838 4343 Apostolum,
1885 4278 1979 4328 sed
2025 4279 2312 4329 modestiae
2362 4280 2536 4344 gratia
2579 4277 2647 4327 ab

172 4361 272 4411 hoc
308 4362 466 4413 titulo
505 4364 792 4427 abstinuit3
837 4369 897 4413 ut
933 4364 1000 4414 de
1038 4364 1151 4415 solo
1190 4364 1387 4415 Christi
1432 4365 1690 4430 obsequio
1735 4370 1941 4416 tantum
1983 4366 2313 4431 gloriaretur.
2373 4365 2453 4414 Cf.
2492 4364 2548 4413 C.
2586 4364 2648 4414 1⁴¹.

176 4450 453 4512 Hartman,
493 4466 679 4501 comm.
705 4452 763 4501 in
789 4468 871 4517 ep.
897 4450 1089 4501 Judae.
1128 4450 1382 4502 Coethen.
1410 4452 1559 4501 1793.
1596 4469 1649 4517 p.
1677 4455 1724 4503 3.
1753 4470 1792 4503 s.
1844 4452 1906 4502 G.
1932 4454 2098 4515 Elias,
2127 4453 2249 4503 diss.
2278 4454 2455 4517 inaug.
2482 4453 2540 4501 in
2567 4468 2648 4518 ep.

176 4536 365 4587 Judae.
410 4538 556 4587 Trai.
597 4537 718 4587 Bat.
766 4539 915 4588 1803.
962 4555 1012 4604 p.
1057 4540 1107 4588 3.
1152 4556 1193 4589 s.
1253 4538 1323 4587 M.
1362 4538 1423 4587 Τ.
1461 4539 1680 4605 Rampf‚
1727 4538 1820 4589 der
1860 4540 2012 4589 Brief
2040 4539 2216 4590 Judae
2253 4540 2347 4589 des
2385 4539 2648 4605 Apostcls.

179 4621 355 4675 Sulzb.
396 4624 549 4674 1854.
587 4640 639 4690 p.
677 4626 795 4674 334.
834 4639 874 4673 s.
