3267 5259
561 464 643 527 10
1008 498 1011 501 ·
1324 472 1439 515 Hist.
1470 484 1559 515 rev.
1590 473 1679 515 div.
1711 472 1878 515 Period.
1907 474 1943 515 1.
1961 484 2054 524 cap.
2077 472 2276 524 primum.

558 652 832 735 signum,
868 672 951 713 ex
992 671 1119 733 quo
1166 672 1301 713 non
1345 646 1540 712 modo
1576 648 1734 712 certi
1768 656 1986 712 essent
2014 646 2498 734 redemptorem
2527 656 2769 730 natum,
2817 670 3066 711 verum

559 787 644 828 ex
692 786 819 848 quo
880 762 1058 827 ilhun
1102 759 1463 825 indubitate
1524 770 1796 846 possent
1857 782 2283 844 cognoscere,
2333 760 2512 845 quod
2571 761 2638 824 in
2697 764 3065 847 praesepio

557 878 791 962 pannis
836 874 1195 940 involutum
1244 897 1393 939 eum
1438 875 1764 937 inventuri
1811 884 2026 938 essent
2057 878 2094 937 ¹.
2141 873 2274 937 Vix
2321 896 2400 937 ea
2446 873 2699 938 dixerat
2751 874 3068 959 angeluS,

559 1012 707 1054 cum
766 988 854 1053 illi
899 998 1171 1074 repente
1233 990 1510 1051 accessit
1567 986 1910 1051 multitudo
1973 989 2360 1052 nunciorum
2421 987 2802 1052 coelestium
2831 988 2884 1071 ⁹,
2955 989 3068 1073 qui

556 1104 790 1166 iunctis
822 1100 1095 1165 vocibus
1124 1100 1343 1165 Deum
1367 1104 1392 1143 ³
1421 1098 1721 1164 laudibus
1755 1100 2049 1165 efferunt.
2099 1098 2326 1164 Gloria
2341 1104 2396 1183 .⁴,
2430 1110 2689 1183 canunt,
2720 1102 2787 1163 in
2824 1100 3068 1164 altissi-

556 1218 676 1279 mis
700 1214 848 1279 Deo
875 1222 1067 1299 parta
1090 1222 1207 1295 est,
1234 1211 1411 1298 quod
1433 1215 1500 1275 in
1524 1223 1700 1276 terra
1723 1235 1858 1298 pax
1883 1214 1963 1277 sit
1984 1211 2352 1277 hominibus
2378 1211 2741 1295 conciliata,
2773 1214 2858 1277 iis
2897 1236 3070 1299 quos

556 1328 735 1392 bona
777 1326 963 1391 Deus
1009 1335 1394 1412 prosecutus
1442 1335 1542 1389 est
1584 1324 1956 1390 voluntate!
2001 1325 2152 1390 Non
2191 1326 2313 1389 fuit
2345 1328 2526 1390 irrita
2563 1326 2778 1411 angeli
2823 1328 3068 1391 oratio,

556 1438 1063 1503 Discedentibus
1095 1437 1344 1523 angelis
1373 1440 1483 1523 pia
1522 1437 1876 1503 admodum
1907 1437 2250 1503 sedulitate
2281 1448 2578 1524 pastores
2617 1439 3072 1504 convolarunt

558 1550 1075 1633 Bethlehemum,
1122 1552 1347 1617 videre
1388 1551 1716 1616 cunabula
1746 1553 1906 1615 tanti
1953 1552 2236 1615 infantis.
2279 1551 2514 1637 Neque
2561 1552 2824 1633 frustra,
2876 1554 3074 1616 iuxta

558 1688 638 1729 ac
668 1664 925 1728 dixerat
959 1665 1228 1749 angelus
1260 1688 1535 1751 puerum
1566 1668 1958 1730 invenerunt
1985 1667 2308 1729 iacentem
2339 1667 2406 1728 in
2435 1666 2804 1751 praesepio,
2841 1665 2974 1729 sed
3007 1676 3074 1729 et

558 1788 852 1861 matrem,
888 1800 1055 1864 quae
1082 1778 1372 1844 divinum
1402 1781 1658 1865 peperit
1686 1779 1909 1863 filium,
1934 1781 2000 1843 in
2033 1802 2164 1865 qua
2191 1802 2318 1843 nec
2333 1780 2766 1863 virginitatem
2804 1788 3070 1865 partus,

557 1900 683 1955 ne'c
708 1890 1219 1956 foecunditatem
1250 1891 1503 1956 sustulit
1532 1892 1886 1976 virginitas,
1911 1902 1978 1955 et
2007 1891 2194 1955 simul
2225 1916 2273 1955 s.
2300 1890 2344 1956 J
2346 1891 2682 1977 osephum,
2709 1890 3070 1956 custodem

556 2004 735 2089 prius
778 2003 1099 2087 VirginiS,
1146 2026 1322 2067 nunc
1386 2006 1579 2067 etiam
1641 2004 1924 2068 infantis.
2000 2003 2306 2069 Pastores
2349 2004 2597 2067 Mariae
2644 2012 2709 2067 et
2751 2002 3070 2090 Josepho

557 2127 921 2199 narrarunt,
963 2139 1129 2203 quae
1167 2128 1564 2203 acceperant
1603 2117 1819 2203 angeli
1863 2120 2112 2201 nuntio,
2154 2127 2220 2181 et
2262 2117 2588 2203 quomodo
2629 2117 2748 2181 sibi
2793 2120 3074 2203 spiritus

560 2229 879 2294 coelestes
912 2232 1384 2316 apparuissent.
1439 2231 1711 2295 Pietatis
1743 2253 1900 2295 suae
1935 2230 2152 2295 officio
2185 2231 2352 2294 iuste
2382 2229 2713 2316 persoluto
2745 2230 3073 2295 redibant

558 2343 644 2407 ad
701 2367 919 2408 curam
976 2366 1252 2427 gregum
1308 2368 1592 2426 suorum,
1639 2343 1757 2409 sed
1801 2344 2127 2409 mentibus
2173 2366 2398 2408 eorum
2443 2344 2646 2407 infixa
2689 2342 3075 2409 haerebant

557 2460 884 2541 mysteria,
917 2466 1188 2543 propter
1220 2480 1387 2543 quae
1418 2458 1647 2523 laudes
1678 2457 2054 2522 tribuebant
2081 2458 2252 2539 De0,
2285 2456 2461 2543 quod
2500 2479 2724 2549 eorum
2759 2459 3070 2521 omnium

560 2592 727 2655 quae
775 2570 1135 2653 audierant,
1167 2572 1511 2635 veritatem
1543 2571 1745 2635 oculis
1775 2570 2105 2635 vidissent.
2159 2570 2317 2655 Ipsa
2345 2579 2563 2634 autem
2601 2569 2730 2632 Dei
2767 2572 3071 2653 genitrix

560 2681 903 2767 diligenter
947 2706 1171 2747 secum
1219 2683 1533 2769 expendit
1578 2706 1806 2748 omnes
1852 2706 1976 2767 ree,
2026 2705 2194 2769 quae
2239 2684 2306 2747 in
2351 2682 2586 2747 Christi
2631 2682 2855 2745 Natali
2917 2706 3072 2747 eve-

558 2806 831 2875 nerunt3
887 2818 1097 2880 eaque
1137 2798 1299 2881 ipsa,
1343 2820 1511 2882 quae
1544 2820 1584 2860 a
1620 2797 1907 2861 Domino
1957 2818 2178 2860 secum
2227 2806 2412 2859 erant
2455 2806 2624 2879 acta,
2666 2795 3076 2860 conferebat

560 2930 709 2970 cum
753 2906 871 2989 his,
928 2929 1097 2993 quae
1146 2932 1185 2971 a
1229 2909 1565 2994 prophetis
1617 2918 1804 2973 erant
1846 2908 2185 2995 praedicta
2209 2913 2249 2971 ⁵.
2327 2908 2528 2972 Filius
2573 2918 2890 2972 aeternus
2939 2909 3074 2972 Dei

560 3022 1022 3106 omnipotentis
1058 3024 1151 3084 sic
1194 3020 1387 3085 homo
1438 3044 1581 3085 esse
1629 3024 1848 3108 coepit
1887 3044 1972 3085 ex
2013 3022 2372 3085 castissima
2427 3022 2722 3105 Virgine,
2753 3030 2830 3083 ut
2875 3021 3074 3085 simul

560 3134 752 3196 etiam
794 3135 1114 3219 inceperit
1152 3156 1294 3197 esse
1336 3133 1454 3198 sub
1498 3134 1684 3219 Lege
1705 3138 1747 3198 ⁶.
1812 3134 2102 3199 Octavos
2140 3133 2427 3220 iquidem
2469 3157 2508 3197 a
2543 3133 2742 3197 natali
2783 3157 2913 3199 suo
2967 3134 3074 3197 die

560 3246 1042 3309 circumciditur
1088 3246 1129 3310 J
1142 3268 1313 3329 esu,
1384 3247 1561 3332 quod
1632 3246 1935 3311 Salvator
1980 3247 2232 3329 dicitur,
2279 3257 2564 3311 assumto
2612 3248 2887 3309 nomine
2923 3250 2967 3309 ⁷.

770 3449 805 3515 ¹)
856 3448 1123 3499 Credibile
1168 3454 1249 3499 est
1290 3449 1539 3513 angelum
1582 3451 1742 3498 etiam
1785 3448 1960 3497 locum
2004 3449 2336 3511 designasse,
2381 3453 2434 3498 et
2475 3448 2875 3514 quodammodo
2923 3470 3076 3502 mon·

560 3541 772 3585 strasse.
836 3535 944 3585 Sed
984 3536 1335 3602 Evangelista
1377 3538 1467 3600 qui
1510 3535 1615 3585 loci
1659 3538 1910 3597 meminit,
1949 3537 2078 3585 satis
2103 3535 2291 3584 habuit
2333 3535 2468 3585 haec
2509 3535 2628 3585 sola
2667 3538 2844 3586 verba
2889 3541 3078 3605 ang-eli

560 3622 772 3671 referre.
835 3621 875 3688 2)
920 3623 997 3671 Ne
1034 3624 1171 3671 enim
1204 3624 1359 3688 parvi
1382 3622 1534 3672 fieret
1556 3624 1717 3672 unius
1747 3623 1924 3687 angeli
1959 3624 2267 3685 auctorita-s,
2295 3622 2553 3672 exultatio
2587 3624 3080 3675 innumerabilium

560 3710 798 3773 iungitur
822 3708 1146 3774 angelorum,
1172 3716 1231 3759 ut
1257 3709 1604 3759 excellentius
1628 3708 1782 3758 fieret
1806 3711 2180 3771 testimonium,
2209 3710 2296 3758 cui
2323 3710 2378 3759 in
2411 3709 2662 3759 honorem
2697 3711 2807 3759 Dei
2843 3713 3080 3763 militiae

562 3795 809 3845 coelestis
851 3797 1193 3845 concinneret
1235 3796 1531 3846 multitudo.
1596 3795 1636 3860 ³)
1689 3794 1821 3845 Cum
1863 3796 2150 3845 vehemens
2189 3796 2401 3846 illorum
2445 3796 2766 3845 desiderium
2813 3800 3082 3865 impletur

558 3882 601 3931 I.
637 3883 752 3932 Pet.
792 3887 837 3945 1,
875 3885 954 3933 12.
990 3882 1083 3931 ubi
1128 3882 1382 3932 Servatur
1423 3882 1786 3947 libera-torque
1829 3882 2047 3932 humani
2081 3884 2290 3948 generis
2333 3885 2587 3932 nascitur.
2650 3884 2691 3948 ⁴)
2737 3884 2896 3935 Nihil
2935 3890 3080 3937 enim

562 3970 708 4019 aliud
736 3974 817 4019 est
840 3968 1033 4035 gloria,
1070 3984 1227 4034 quam
1270 3970 1419 4019 clara
1458 3970 1716 4018 bonitatis
1758 3985 1878 4018 cum
1920 3969 2080 4018 laude
2115 3970 2330 4030 notitia,
2367 3984 2508 4033 quae
2541 3970 2768 4019 maxime
2805 3988 2914 4036 per
2949 3974 3082 4024 Filii

558 4059 892 4129 nativitatem
918 4061 1002 4105 est
1024 4056 1185 4105 facta.
1236 4056 1275 4121 ³)
1302 4058 1432 4105 Luc.
1456 4058 1503 4118 2,
1526 4058 1713 4105 2-20,
1756 4056 1868 4105 Nos
1891 4072 2020 4105 vero
2047 4056 2190 4120 quod
2215 4058 2406 4105 attinet
2435 4058 2615 4105 mirari
2651 4072 2759 4106 non
2787 4057 3082 4121 debemus,

562 4144 705 4209 quod
729 4145 785 4192 in
811 4144 1093 4193 nativitate
1120 4141 1315 4192 Christi
1339 4158 1483 4192 nova
1505 4143 1652 4192 facta
1675 4143 1784 4192 sint
1808 4144 2010 4205 omnia,
2037 4158 2156 4191 cum
2181 4158 2378 4192 novum
2404 4142 2564 4193 fuerit
2587 4143 2690 4193 hoc
2715 4145 2902 4209 ipsum
2931 4148 3083 4213 quod

556 4230 721 4295 Virgo
740 4231 980 4296 peperit.
1032 4229 1111 4279 cf.
1138 4230 1206 4278 D.
1234 4228 1475 4292 Stemler,
1503 4230 1627 4278 diss.
1656 4229 1722 4279 de
1758 4230 1847 4291 iis,
1875 4244 2013 4294 quae
2047 4234 2172 4279 sunt
2203 4231 2260 4278 in
2295 4230 2529 4279 adventu
2563 4229 2606 4279 Ι.
2634 4230 2694 4280 C.
2717 4230 2790 4280 D.
2815 4231 2892 4281 N.
2917 4248 3081 4299 para—

562 4316 715 4366 doxa.
767 4317 915 4381 Lips.
954 4318 1103 4367 1758.
1140 4333 1189 4381 p.
1228 4318 1273 4365 5.
1311 4330 1352 4365 s.
1415 4314 1455 4381 ὓ)
1502 4316 1619 4365 Gal.
1655 4318 1704 4377 4,
1739 4318 1788 4364 4.
1850 4316 1888 4381 ⁷)
1937 4316 2000 4365 In
2036 4316 2308 4380 spelunca,
2343 4322 2405 4366 ut
2437 4316 2605 4365 credit
2639 4332 2680 4365 ι.
2705 4316 3080 4383 Epiphanius,

562 4402 708 4451 haer.
734 4403 851 4465 XX,
882 4406 926 4451 1.
960 4420 1009 4467 p.
1048 4404 1149 4463 47„
1184 4418 1360 4467 neque
1394 4404 1533 4452 enim
1572 4403 1756 4467 aliqua
1790 4402 1908 4468 lege
1943 4402 2415 4467 adstringebantur
2446 4403 2658 4465 Judaei,
2693 4409 2755 4453 ut
2789 4406 3081 4456 circmnci—

566 4488 797 4538 dendum
838 4504 1059 4553 puerum
1110 4489 1375 4539 deferrent
1418 4490 1485 4538 ad
1535 4489 1804 4555 templum.
1866 4489 1930 4538 In
1980 4490 2384 4540 circumcisione
2427 4490 2568 4555 quod
2619 4491 2776 4540 iussit
2824 4493 3080 4558 angeluS,

578 4590 773 4625 nomen
809 4577 1033 4640 acce-pit.
1081 4577 1214 4625 Luc.
1248 4580 1297 4637 ⁴2,
1324 4578 1407 4625 21.
1458 4576 1535 4625 Cf.
1572 4577 1634 4625 A.
1677 4576 1900 4641 Bynaei,
1943 4577 2088 4625 Dies.
2133 4576 2198 4625 de
2239 4576 2372 4626 Jesu
2417 4576 2612 4625 Christi
2657 4577 3082 4629 circumcisione

558 4662 779 4712 Amstel.
809 4662 958 4711 1689.
984 4662 1045 4711 A.
1072 4661 1331 4725 Sandinii,
1359 4663 1653 4713 Historiam
1679 4662 1940 4713 Familiae
1975 4662 2188 4713 Sacrae.
2225 4662 2438 4713 Patavii
2468 4662 2619 4712 1764.
2644 4680 2697 4729 p.
2724 4664 2810 4713 23.
2836 4680 2879 4713 s.
