3267 5259
558 383 687 445 504
1296 394 1412 435 met.
1442 394 1548 435 Rev.
1578 393 1666 434 div.
1697 392 1864 433 Period.
1895 391 1952 433 11.
1975 404 2071 444 cap.
2101 394 2301 434 alterum.

562 568 859 633 Inculcat
902 568 1352 633 vehementius
1396 591 1445 632 s.
1493 566 1790 632 Joannes
1835 568 2221 652 gravitatem
2267 569 2528 653 peccati
2577 568 2664 632 ad
2709 582 2990 632 mortem
3013 572 3051 631 ¹.

564 680 889 761 Quoniam
937 680 1221 766 denique
1266 682 1477 745 omnis
1524 680 1690 744 falsa
1735 690 1964 745 contra
2009 680 2226 764 fidem,
2279 682 2572 745 maxime
2621 691 2856 745 contra
2901 680 3059 744 divi-

561 796 828 859 nitatem
892 794 974 858 D.
1020 794 1100 858 N.
1148 793 1210 859 J.
1268 794 1364 877 O„
1412 794 1749 870 doctrina,
1815 796 2068 859 censeri
2133 806 2350 881 potest
2396 794 2736 880 quoddam
2791 796 3058 875 §.emko-,3

564 918 930 993 opportune
1000 906 1319 972 conclusit
1386 906 1728 994 epistolam
1805 907 2281 972 admonitione:
2359 917 2432 972 ut
2501 908 3059 987 communionem,

564 1043 732 1106 quae
780 1022 1023 1085 renatis
1069 1042 1217 1084 cum
1260 1022 1457 1084 Patre
1504 1020 1590 1084 D.
1636 1020 1717 1084 N.
1765 1019 1827 1085 J.
1871 1020 1950 1106 C.
2001 1030 2100 1085 est
2143 1030 2522 1103 servarent3
2573 1018 2952 1084 custodiant
2990 1042 3058 1083 se

562 1156 603 1197 a
632 1133 1193 1221 phantasmatibus
1228 1132 1589 1217 doctorum,
1638 1136 1748 1220 qui
1789 1144 2037 1219 negant
2067 1132 2396 1198 Christum
2429 1132 3058 1199 consubstantialem

564 1269 707 1311 esse
754 1246 901 1311 Deo
948 1247 1184 1310 Patri².

772 1358 1199 1425 Intellexerat
1228 1384 1277 1424 s.
1306 1360 1347 1424 J
1352 1383 1597 1425 oannes
1630 1360 2052 1425 deterrimum
2083 1359 2418 1425 hominum
2449 1382 2685 1446 genus,
2721 1362 2830 1445 qui
2863 1382 3060 1444 nega-

562 1472 723 1537 bant
755 1473 837 1536 D.
864 1473 942 1537 N.
968 1473 1029 1539 J.
1057 1473 1130 1537 C.
1163 1476 1420 1538 venisse
1450 1476 1517 1537 in
1550 1496 1834 1557 carnem,
1871 1475 2376 1559 circumvagarir,
2413 1496 2734 1559 spargere
2765 1472 3058 1537 ubicum-

565 1608 692 1671 que
724 1587 989 1651 veniant
1018 1609 1171 1651 suos
1206 1610 1489 1671 errores3
1522 1588 1838 1652 seducere
1871 1590 2166 1651 incautos
2197 1596 2264 1651 et
2293 1586 2662 1673 simplices3
2695 1585 3058 1673 periculum

566 1721 709 1763 esse
740 1721 823 1763 ne
858 1708 923 1762 et
954 1722 1099 1763 eam
1130 1699 1393 1764 turbent
1422 1699 1810 1782 Ecclesiam,
1845 1701 2026 1764 cuius
2057 1699 2266 1764 fidelis
2297 1710 2439 1764 erat
2466 1702 2666 1783 Κυρία,
2699 1700 3058 1780 Domina³;

564 1967 646 2015 ius
685 1965 753 2014 ad
790 1964 1014 2015 salutem
1060 1970 1347 2015 aeternam.
1387 1966 1435 2027 5,
1474 1966 1661 2014 6—11.
1711 1964 1869 2013 Hanc
1904 1965 2068 2014 vitam
2105 1966 2160 2014 in
2197 1963 2302 2015 fide
2341 1970 2395 2015 et
2433 1964 2722 2015 dilectione
2767 1965 2898 2014 Filii
2945 1966 3060 2014 eius

563 2054 789 2119 positam
828 2067 945 2103 esse
981 2052 1167 2104 voluit.
1206 2053 1310 2113 Qui
1334 2051 1499 2103 habet
1520 2051 1718 2101 Filium
1749 2052 1853 2101 Dei
1889 2052 1994 2101 fide
2031 2058 2084 2102 et
2120 2052 2424 2114 dilectione,
2463 2052 2628 2103 habet
2663 2069 2880 2118 quoque
2913 2054 3057 2101 vitae

564 2140 958 2190 inchoationem
994 2144 1261 2189 aeternae.
1298 2139 1460 2189 Fides
1492 2156 1618 2189 vero
1657 2140 1824 2204 gignit
1857 2156 2023 2205 spem,
2055 2138 2272 2204 quidvis
2309 2139 2630 2205 impetrandi
2667 2155 2702 2191 a
2737 2141 2876 2201 Deo,
2913 2139 3058 2205 quod

564 2227 806 2277 conferat
852 2226 1029 2276 saluti.
1084 2228 1262 2276 Etiam
1311 2227 1535 2276 fratrum
1582 2227 1920 2292 peccantium
1977 2227 2378 2277 conversionem
2434 2227 2502 2277 ad
2555 2228 2748 2289 Deum,
2805 2227 3056 2294 precibus

564 2318 760 2367 nostris
798 2332 1018 2366 exorare
1055 2315 1311 2365 valemus.
1366 2316 1441 2365 Iis
1475 2332 1621 2381 vem,
1661 2317 1750 2381 qui
1785 2317 2064 2365 veritatem
2112 2318 2378 2381 cognitam
2429 2316 2672 2367 volentes
2717 2318 3056 2382 scientesque

565 2410 845 2469 negarunt,
884 2408 945 2453 ut
981 2402 1350 2453 condonentur
1384 2408 1624 2469 peccata,
1664 2418 1772 2452 non
1807 2404 2066 2469 promittit
2088 2403 2394 2469 Apostolus.
2434 2404 2660 2466 Quidem
2683 2404 2830 2454 haud
2869 2408 3056 2470 megan

569 2492 698 2558 quin
735 2492 894 2541 etiam
930 2491 1213 2556 permittit:
1250 2496 1310 2539 ut
1336 2492 1453 2556 quis
1480 2496 1595 2540 oret
1618 2506 1716 2556 pro
1741 2492 1888 2555 ipsis,
1925 2496 2104 2540 tamen
2142 2506 2253 2540 rem
2279 2490 2409 2541 dicit
2445 2493 2732 2558 impetratu
2765 2491 3054 2541 difficilem.

569 2580 647 2629 cf.
674 2578 841 2627 Hebr.
868 2579 915 2641 6,
944 2580 991 2626 4.
1031 2578 1092 2627 V.
1119 2578 1185 2626 H.
1212 2578 1277 2627 N.
1303 2578 1365 2627 T.
1391 2594 1440 2643 p.
1472 2579 1591 2627 466.

780 2666 818 2729 ¹)
854 2666 1043 2730 Longe
1080 2665 1278 2715 absunt
1314 2680 1349 2714 a
1384 2666 1572 2730 quovis
1608 2664 1818 2714 mortali
1856 2670 2096 2731 peccate,
2137 2667 2228 2731 qui
2267 2682 2332 2715 ex
2357 2667 2476 2716 Deo
2511 2668 2620 2717 nati
2659 2672 2796 2727 sunt,
2837 2674 3054 2733 propter

568 2753 673 2801 vim
720 2754 1080 2817 generationis
1132 2752 1373 2816 divinae3
1420 2752 1548 2802 licet
1594 2754 1650 2802 in
1694 2752 1892 2803 mundo
1931 2758 2222 2815 versentur,
2273 2753 2617 2804 nihilominus
2666 2770 2772 2804 non
2821 2762 3050 2817 proster-

568 2844 767 2889 nuntur
793 2854 827 2888 a
851 2839 1082 2902 diabolo,
1110 2841 1201 2905 qui
1225 2844 1373 2889 tenet
1396 2840 1634 2905 alioquin
1658 2840 1928 2889 mundum.
1959 2840 2023 2890 V.
2049 2857 2101 2906 p.
2122 2842 2240 2891 374.
2279 2840 2568 2891 Abstinent
2590 2857 2624 2890 a
2647 2843 2900 2907 peccatis,
2927 2844 3050 2906 quia

572 2926 640 2975 D.
666 2926 729 2975 N.
756 2926 807 2975 J.
836 2926 913 2987 C„
951 2928 1042 2991 qui
1068 2942 1175 2977 non
1202 2932 1283 2976 est
1306 2927 1479 2977 minus
1504 2927 1672 2989 Deus,
1710 2941 1868 2992 quam
1904 2942 2064 2976 verus
2101 2926 2286 2992 hom03
2325 2944 2424 2978 suo
2461 2928 2618 2977 nobis
2655 2928 2886 2978 adventu
2924 2944 3046 2977 con-

570 3014 693 3063 tulit
714 3012 871 3064 simul
900 3014 1104 3077 gratiae
1130 3013 1309 3063 lumen
1333 3013 1401 3063 ad
1428 3014 1724 3064 cavendum
1750 3028 1783 3063 a
1806 3014 2056 3079 maligno.
2113 3013 2153 3081 ²)
2181 3018 2227 3076 5,
2255 3018 2476 3065 12—21.
2507 3015 2728 3076 „Addit-⁶
2755 3015 2922 3065 Amen
2945 3018 2980 3063 i.
3001 3033 3046 3063 e.

569 3100 831 3150 veraciter
878 3104 933 3149 et
966 3100 1331 3150 infallibiliter.
1390 3100 1581 3151 Omisit
1626 3099 1679 3149 S.
1717 3101 1958 3151 Joannes
2007 3100 2382 3151 salutationem
2433 3103 2486 3150 in
2536 3104 2794 3167 principio
2843 3110 2898 3151 et
2939 3102 3042 3151 fine

570 3188 826 3253 epistolae
864 3188 1044 3237 volens
1072 3203 1153 3249 eo,
1190 3188 1235 3237 si
1260 3186 1371 3236 fieri
1398 3188 1569 3252 possit
1594 3189 1978 3237 communiores
2015 3187 2258 3253 pluribus
2289 3204 2404 3237 esse
2431 3188 2634 3239 literas.
2683 3188 2956 3254 Colligitur
2977 3206 3040 3237 ex

571 3274 726 3325 dictis
762 3276 990 3340 pretium
1016 3274 1289 3340 epistolae,
1328 3290 1467 3339 quae
1494 3291 1696 3335 summo
1725 3290 1991 3325 consensu
2017 3289 2081 3325 ac
2108 3277 2450 3325 veneratione
2478 3277 2546 3325 ab
2577 3278 2815 3326 omnibus
2839 3292 3039 3341 semper

570 3361 863 3426 legebatur.
927 3362 968 3426 ³)
1006 3361 1147 3423 Quid
1192 3362 1467 3426 inscriptio
1514 3357 1749 3429 ,,ἐκλεκτῇ
1797 3358 1973 3428 κυρίῳ*
2019 3360 2172 3423 velit,
2223 3362 2540 3428 interpretes
2590 3379 2697 3412 non
2741 3380 2844 3412 uno
2887 3362 3032 3411 modo

572 3448 857 3514 explicant.
896 3447 948 3497 S.
986 3448 1358 3512 Hieronymus,
1398 3463 1481 3513 ep.
1522 3451 1638 3498 123.
1677 3448 1744 3497 ad
1782 3448 2138 3513 Ageruchiam
2174 3466 2225 3499 n.
2263 3452 2343 3499 13.
2371 3466 2422 3515 p.
2449 3452 2568 3499 909.
2605 3450 2897 3500 Ecclesiam
2929 3448 3032 3497 chr.

573 3528 911 3603 ἄλληγορικῶς
960 3534 1223 3599 intelligit.
1278 3534 1549 3596 Serarius,
1600 3535 1732 3601 prol.
1769 3536 1838 3585 ΙΙ.
1877 3540 1932 3585 et
1965 3536 2066 3585 111.
2103 3538 2156 3586 in
2195 3553 2277 3603 ep.
2315 3537 2512 3587 Joann.
2552 3538 2622 3586 11.
2671 3556 2722 3603 p.
2761 3539 2838 3587 73.
2883 3538 3030 3586 sumit

571 3624 785 3672 missam
822 3622 893 3672 ad
927 3622 1225 3672 Ecclesiam
1264 3621 1609 3685 Corinthiam,
1649 3622 1741 3672 ubi
1777 3624 1880 3672 fuit
1917 3624 2078 3674 Caius
2125 3624 2176 3673 S.
2203 3624 2357 3674 Pauli
2393 3624 2610 3690 hospes.
2657 3626 2804 3674 Rom.
2842 3627 2915 3681 16,
2947 3626 3026 3671 23.

573 3710 635 3759 G.
677 3708 864 3759 Secchi
903 3710 955 3759 S.
993 3710 1045 3759 J.
1080 3738 1146 3746 —
1182 3709 1308 3759 diss.
1346 3711 1640 3774 argomenti
1679 3710 1861 3759 biblici
1899 3711 1985 3775 pel
2019 3712 2246 3776 primato
2285 3712 2536 3761 cattolico
2575 3728 2604 3761 e
2641 3729 2734 3778 per
2769 3712 2819 3761 la
2851 3710 3024 3760 infalli-

574 3794 727 3847 bilita
764 3797 1049 3847 dottrinale
1076 3796 1217 3847 della
1244 3796 1439 3846 Chiesa
1462 3796 1706 3848 Romana
1743 3799 1889 3847 tratti
1923 3796 2064 3847 dalle
2101 3799 2266 3863 prime
2305 3798 2408 3848 due
2445 3798 2634 3849 lettere
2659 3799 2780 3849 dell'
2805 3796 3024 3863 apostolo

573 3898 668 3934 san
708 3884 989 3946 (florantii,
1028 3884 1361 3934 confrontate
1398 3900 1501 3933 con
1523 3884 1575 3933 le
1600 3884 1705 3934 due
1743 3883 1863 3933 dell’
1891 3884 2134 3950 apostolo
2171 3900 2269 3935 san
2305 3886 2502 3935 Pietro.
2553 3886 2702 3935 Rom.
2743 3888 2880 3935 1846.
2911 3886 3022 3932 item

572 3971 627 4021 la
666 3976 790 4022 catt.
828 3971 998 4022 Aless.
1038 3971 1090 4020 di
1130 3970 1183 4021 S.
1209 3972 1409 4021 Marco.
1458 3987 1510 4036 p.
1549 3974 1667 4022 213.
1705 3974 1822 4021 214.
1879 3970 1960 4021 Cf.
2000 3988 2045 4021 e.
2089 3972 2281 4021 Annali
2335 3971 2476 4022 delle
2531 3972 2754 4023 Scienze
2804 3972 3022 4037 religiose

573 4074 744 4123 comp.
770 4059 820 4108 d.
850 4058 913 4108 G.
940 4057 1165 4124 Arrighi.
1192 4058 1343 4107 Rom.
1372 4059 1523 4108 1846.
1560 4058 1658 4108 111.
1685 4061 1732 4119 8,
1759 4060 1878 4108 250.
1903 4074 1945 4108 s.
1975 4088 2040 4094 —
2067 4059 2413 4109 Romanam
2447 4060 2702 4126 intelligit
2723 4060 3020 4115 Ecclesiam;

575 4162 638 4195 eo
677 4145 817 4211 quod
857 4145 1297 4211 quemadmodum
1336 4160 1377 4194 s.
1416 4147 1609 4195 Petrus
1645 4146 1688 4194 I.
1725 4147 1774 4206 5,
1815 4148 1895 4196 13.
1943 4146 2166 4195 electam
2203 4147 2362 4196 Asiae
2408 4146 2608 4197 salutet
2655 4149 2858 4197 nomine
2891 4144 2944 4207 ,αἱ
2977 4140 3020 4191 ἐν

576 4229 833 4298 Βαβυλῶνι
885 4228 1236 4295 usvahst->2⁴⁴2
1291 4232 1368 4282 ita
1416 4232 1466 4282 d.
1504 4233 1744 4283 Joannes
1792 4233 1861 4282 ΙΙ.
1898 4250 1949 4283 v.
1990 4238 2036 4283 1.
2091 4233 2482 4283 resalutatur-us
2537 4235 2827 4285 Romanam
2875 4234 3018 4281 utitur

574 4322 911 4385 expressione
948 4316 1181 4389 ,,ἐκλεκτῇ
1220 4315 1414 4385 κυρίᾳ.“
1450 4320 1571 4369 Hoc
1605 4320 1779 4386 ipsum
1816 4320 2043 4384 probare
2089 4322 2263 4386 pergit
2306 4324 2627 4371 auctoritate
2653 4320 2922 4371 Clementis
2943 4316 3016 4365 Al.

576 4410 630 4455 et
678 4406 730 4456 S.
769 4407 1097 4471 Hieronymi.
1154 4406 1497 4457 communius
1554 4412 1788 4457 attamen
1842 4406 2052 4457 dicunt:
2109 4407 2161 4456 S.
2198 4408 2464 4458 Joannem
2522 4422 2642 4457 cum
2697 4408 2930 4457 scriberet
2965 4405 3018 4469 τῇ

579 4488 776 4561 ἐκλεκτῇ
814 4490 971 4560 κυρίᾳ,
1010 4493 1151 4559 piam
1187 4494 1427 4543 innuisse
1462 4498 1778 4557 matronam,
1816 4495 2029 4543 nomine
2056 4494 2265 4560 Cyriae.
2305 4495 2416 4545 Nec
2441 4494 2644 4561 aliquid
2672 4495 2790 4544 huic
2814 4490 3018 4559 opinioni

578 4578 789 4629 obstare
826 4579 1107 4630 affirmant.
1164 4580 1321 4642 Quod
1356 4582 1495 4629 enim
1534 4581 1797 4643 obiicitur,
1842 4581 2180 4631 omissionem
2218 4580 2427 4631 articuli
2461 4582 2733 4647 impedire,
2770 4580 3020 4647 quominus
