3267 5259
1064 460 1289 501 Ecclesiae
1316 460 1538 501 nascentis
1566 460 1812 511 primordia.
2559 450 2686 515 325

241 632 505 697 dentibus
532 635 601 697 in
628 634 843 697 virum
888 632 1272 716 stridebant,
1321 635 1431 718 qui
1477 636 1726 698 interea
1771 632 2040 698 elevatis
2087 634 2172 698 ad
2211 635 2430 701 coelos
2482 636 2684 701 oculis

237 746 445 831 gloriae
474 745 601 809 Dei
648 745 967 831 simulque
1000 746 1163 811 Jesu
1200 746 1435 811 Christi
1468 745 1554 810 ad
1595 746 1938 811 dexteram
1983 746 2116 815 Dei
2159 749 2387 813 stantis
2432 750 2683 813 visione

236 867 526 923 recreatus
568 866 684 921 est.
751 858 1048 923 Tandem
1095 862 1412 923 maiorum
1460 882 1725 923 suorum
1758 861 2042 945 pessima
2089 859 2392 945 exempla
2436 862 2682 943 imitati,

236 971 459 1034 minime
526 980 912 1057 exspectata
978 970 1281 1056 Synedrii
1349 974 1700 1049 sententia,
1775 981 1962 1037 extra
2029 970 2260 1035 urbem
2336 972 2682 1037 diaconum

236 1104 475 1167 rapuere
539 1082 865 1169 lapidibus
934 1083 1363 1148 obruendum.
1466 1084 1615 1164 Quo
1685 1093 1904 1149 autem
1971 1085 2286 1149 iaciendis
2357 1085 2682 1170 lapidibus

238 1195 633 1279 expeditiores
680 1206 929 1280 essent,
984 1200 1227 1261 testes¹
1273 1199 1664 1261 vestimenta
1709 1219 1828 1261 sua
1873 1197 1960 1261 ad
2003 1196 2208 1283 pedes
2255 1196 2432 1261 Sauli
2481 1198 2680 1283 depo-

235 1317 465 1371 suerunt
516 1308 944 1373 custodienda
961 1310 1007 1372 ².
1085 1308 1253 1373 Cum
1299 1308 1689 1394 supplicium
1735 1312 1980 1395 patitur
2025 1308 2427 1395 Stephanus,
2483 1309 2681 1375 coelis

236 1418 414 1483 subito
458 1423 699 1505 apertis
734 1420 1028 1485 Christus
1074 1420 1430 1485 videndum
1477 1444 1547 1485 se
1596 1420 1864 1485 exhibet
1881 1426 1923 1485 ³.
1993 1422 2263 1485 Interim
2311 1420 2682 1507 Stephanus

235 1542 505 1618 tanquam
566 1555 797 1597 sensus
857 1556 1095 1619 expers
1156 1532 1511 1598 Salvatoris
1574 1538 1670 1598 sui
1731 1536 2020 1619 vestigiis
2081 1534 2388 1617 haerens,
2449 1556 2681 1619 preces

234 1644 329 1707 sub
368 1648 581 1710 mortis
612 1648 815 1710 ictum
846 1670 965 1732 pro
996 1647 1530 1732 persecutoribus
1576 1648 1764 1731 fudit,
1811 1650 2018 1733 iisque
2063 1649 2345 1732 ignoscit
2375 1671 2415 1711 a
2447 1647 2680 1733 quibus

234 1756 651 1843 occidebatur3
707 1760 1026 1845 simulque
1074 1761 1359 1825 animam
1407 1760 1700 1825 Creatori
1757 1760 2040 1825 reddidit
2093 1764 2339 1846 primus
2395 1763 2680 1825 omnium

240 1869 487 1933 fidelium
546 1872 665 1935 sub
729 1872 920 1937 Novo
978 1873 1401 1937 Testamento
1464 1876 1782 1956 sanguine
1843 1896 1960 1938 suo
2024 1874 2260 1938 Christi
2321 1874 2680 1937 doctrinam

237 1980 569 2066 obsignans,
614 1984 1166 2071 Protomartyr
1212 1985 1297 2049 ob
1344 1986 1410 2049 id
1441 1988 1672 2049 merito
1721 2009 1761 2049 a
1790 1996 1978 2070 grata
2021 1988 2400 2071 posteritate
2447 1984 2677 2049 dictus.

236 2093 510 2159 Defuneti
559 2120 798 2182 corpus
844 2097 1125 2181 religiosi
1176 2098 1439 2183 quidam
1486 2101 1605 2163 viri
1656 2122 1802 2163 cum
1848 2099 2130 2163 lacrimis
2178 2096 2499 2162 curabant
2515 2102 2559 2162 ⁴.

232 2392 373 2440 usque
405 2378 469 2427 ad
504 2376 859 2441 Salomonem,
898 2396 1003 2444 quo
1040 2386 1298 2443 regnante
1340 2380 1468 2429 nihil
1506 2382 1609 2429 iam
1649 2380 1718 2429 ad
1755 2379 2041 2429 firmandas
2079 2380 2262 2444 populi
2303 2380 2456 2429 sedes
2495 2396 2677 2446 super-

232 2466 359 2512 esset.
412 2464 481 2514 In
523 2464 749 2531 Moyse
797 2464 1126 2515 Christum
1165 2466 1461 2515 adumbrat.
1524 2466 1597 2516 Ut
1641 2467 1766 2515 olim
1803 2466 1870 2515 ab
1910 2466 2126 2515 exordio
2163 2466 2402 2515 Hebraei
2436 2468 2678 2531 Moysem

229 2550 486 2613 reiecering
512 2552 715 2617 Legem
740 2568 950 2617 quoque
977 2554 1091 2601 eius
1116 2554 1407 2601 ministerio
1434 2553 1613 2615 latam,
1642 2566 1676 2601 a
1700 2567 1808 2617 qua
1833 2553 2124 2601 defecerint
2147 2568 2241 2617 per
2271 2550 2678 2621 μοσχολατρείαν,

232 2637 489 2700 pendentes
526 2638 725 2687 cultum
764 2639 913 2689 salsis
950 2638 1272 2700 numinibus,
1310 2640 1387 2689 ita
1410 2656 1569 2707 nunc·
1590 2654 1710 2689 cum
1733 2640 1962 2689 Messias
1997 2640 2053 2688 in
2075 2639 2210 2689 Jesu
2243 2641 2676 2701 annunciztretur,

228 2723 412 2773 eosdem
459 2740 515 2775 se
554 2725 813 2776 adversus
852 2724 1119 2775 Christum
1166 2741 1365 2791 gerere.
1426 2726 1676 2775 Debebat
1723 2731 1928 2787 orator,
1979 2731 2036 2775 ut
2071 2726 2294 2777 ulterius
2343 2728 2680 2776 continuaret

228 2813 449 2861 sermonis
484 2818 867 2877 argumentum,
902 2812 972 2861 ad
1008 2812 1377 2878 Prophetas
1414 2815 1668 2876 transire3
1708 2814 1994 2878 petitisque
2023 2814 2090 2862 ab
2117 2814 2194 2863 eis
2221 2812 2476 2878 exemplis
2503 2819 2676 2863 osten—

230 2895 356 2946 dere:
400 2912 553 2964 quam
598 2900 812 2949 inanem
857 2899 937 2948 illi
982 2902 1084 2949 viri
1134 2899 1387 2950 divinitus
1438 2900 1605 2949 afflati
1655 2900 1918 2949 Hebraeis
1974 2900 2278 2950 erudiendis
2327 2901 2680 2965 impenderint

230 2998 429 3046 operam.
490 2986 597 3037 Sed
634 3001 757 3035 cum
792 2986 1255 3037 animadvertisset
1300 2986 1627 3052 Stephanus,
1667 2986 1810 3052 quod
1849 2988 2118 3037 obstinata
2152 2987 2525 3037 incredulitate
2563 2990 2678 3039 eius

229 3072 485 3123 orationem
530 3079 869 3139 spernerent3
916 3074 1089 3123 tristia
1137 3078 1191 3123 et
1235 3076 1468 3136 atrocia,
1517 3089 1656 3140 quae
1703 3075 2038 3139 sequentium
2083 3079 2378 3149 temporum
2425 3078 2679 3125 memoria

228 3156 431 3208 exhibuit
462 3162 517 3209 in
552 3176 717 3210 unum
755 3160 1025 3210 cumulata
1068 3162 1243 3210 animo
1282 3160 1589 3223 revolvens,
1638 3160 1808 3211 libero
1845 3162 2042 3226 impetu
2082 3177 2172 3211 eos
2210 3177 2330 3210 reos
2367 3176 2526 3226 agere
2569 3179 2677 3211 non

227 3241 477 3309 dubitavit,
533 3246 677 3312 quod
728 3262 849 3296 cum
900 3248 1141 3312 patribus
1186 3262 1393 3313 semper
1441 3248 1731 3297 restiterint
1788 3246 2007 3313 Spiritui
2055 3248 2108 3297 S.
2153 3266 2202 3297 v.
2245 3250 2469 3298 48—53.
2543 3248 2676 3298 Cum

226 3326 493 3396 Stephanus
529 3350 597 3383 ex
632 3338 869 3399 tempore
913 3334 1135 3396 diceret,
1188 3340 1336 3399 patet
1370 3334 1493 3383 inde
1537 3349 1696 3400 quam
1745 3334 2022 3384 familiaris
2068 3335 2229 3385 fuerit
2275 3336 2388 3384 viro
2439 3336 2674 3399 piissimo

226 3424 267 3466 et
309 3418 566 3485 eloquenti
618 3422 838 3471 istarum
875 3436 1049 3469 rerum
1084 3421 1373 3470 meditatio.
1438 3421 1518 3470 cf.
1546 3437 1591 3469 e.
1618 3421 1814 3484 Luger‚
1854 3426 1905 3471 ιι.
1941 3422 2046 3470 Zw.
2081 3421 2198 3470 Inh.
2235 3437 2284 3471 u.
2317 3421 2674 3485 Eigenthiiml.

225 3502 414 3556 d-Rede
450 3507 500 3558 d.
528 3506 849 3572 Stephanus.
895 3507 1033 3556 Lub.
1073 3510 1222 3557 1838.
1272 3508 1341 3557 H.
1379 3508 1655 3569 Thiersch,
1694 3508 1760 3557 de
1797 3508 2053 3573 Stephani
2089 3514 2397 3573 protomart.
2436 3510 2676 3558 oratione

224 3604 377 3641 comm.
422 3600 626 3659 exeget.
675 3594 845 3644 Marb.
896 3596 1047 3644 1849.
1108 3594 1173 3643 E.
1220 3595 1280 3644 C.
1323 3595 1535 3655 Rauch,
1584 3600 1636 3643 ii.
1683 3594 1732 3643 (l.
1769 3594 1852 3643 Al.
1893 3594 2195 3660 Stephanus
2234 3610 2284 3643 u.
2323 3610 2363 3644 s.
2399 3594 2572 3655 Rede,
2619 3596 2675 3643 in

222 3690 321 3726 ann.
353 3678 495 3731 Stud.
530 3697 583 3731 u.
616 3682 753 3730 Krit.
790 3682 941 3730 1867.
977 3697 1027 3745 p.
1054 3682 1173 3731 352.
1222 3682 1284 3730 F.
1310 3680 1520 3743 Nitzuh,
1550 3681 1712 3730 Beitr.
1749 3682 1804 3729 Z.
1831 3682 1980 3731 Erkl.
2021 3682 2070 3731 d.
2101 3680 2250 3731 Rede
2277 3680 2325 3732 d.
2357 3680 2674 3747 Stephanus,

224 3762 278 3810 ib.
304 3767 439 3817 1860.
476 3784 527 3832 p.
554 3769 674 3816 479.
700 3784 743 3817 s.

402 3853 438 3919 ¹)
472 3853 555 3902 Ad
594 3868 729 3918 quos
764 3854 917 3918 primi
955 3854 1273 3918 spectabant
1309 3856 1497 3903 iactus.
1558 3854 1598 3917 ²)
1638 3856 1755 3915 Quo
1795 3856 1961 3919 magis
1999 3856 2201 3904 mireris
2238 3855 2372 3904 duos
2409 3854 2507 3904 hos
2532 3856 2674 3903 viros

221 3943 311 3985 tum
342 3944 442 3988 tam
478 3939 679 4003 dispari
704 3941 881 3988 animo
921 3955 1262 4005 congressos:
1302 3940 1533 4006 „Magna
1570 3941 1753 3990 divina
1789 3941 2114 4006 spectacula,
2154 3943 2230 3990 ait
2258 3958 2299 3991 s.
2325 3941 2671 4007 Augustinus,

220 4036 349 4074 serm.
376 4028 483 4087 116,
510 4029 561 4075 8.
584 4027 641 4074 in
667 4026 870 4076 solenn.
898 4026 1153 4091 Stephan.
1178 4028 1243 4091 V,
1272 4029 1439 4091 1264„
1478 4029 1571 4093 qui
1608 4032 1724 4077 erat
1757 4030 1813 4077 in
1850 4028 2015 4077 caede
2053 4027 2308 4093 Stephani
2345 4032 2670 4092 persecutor,

220 4108 367 4159 sactus
401 4117 479 4161 est
514 4115 665 4177 regni
700 4113 969 4163 coelorum
1008 4119 1197 4179 postea
1232 4114 1584 4179 praedicator.
1659 4115 1927 4175 Quantum
1970 4114 2246 4164 saeviebat
2281 4115 2336 4163 in
2373 4113 2470 4163 illa
2505 4113 2672 4163 caede

220 4196 355 4247 vultis
388 4200 605 4249 audire?
648 4201 969 4249 vestimenta
1003 4201 1356 4265 lapidantium
1400 4202 1665 4263 servabat,
1713 4207 1773 4251 ut
1810 4202 2042 4250 onmium
2077 4201 2319 4249 manibus
2357 4200 2668 4265 lapidaret.“

222 4278 307 4331 Sed
338 4286 391 4334 in
424 4286 523 4335 hoc
560 4302 777 4351 quoque
822 4287 1107 4352 singularis
1142 4289 1261 4350 Dei,
1299 4289 1577 4338 Ecclesiae
1624 4302 1753 4337 suae
1789 4288 2076 4353 primordia
2113 4287 2454 4350 moderantis,
2493 4290 2670 4353 provi-

222 4366 375 4419 dentia
406 4374 699 4438 conspicua
732 4374 857 4423 fuit!
932 4374 975 4438 ³)
1014 4374 1180 4435 Quasi
1217 4376 1619 4439 agonotheta
1666 4375 1734 4425 ad
1772 4389 2004 4440 pugnam
2051 4375 2351 4437 accinctus,
2399 4390 2523 4423 nam
2571 4377 2672 4425 etsi

222 4453 267 4501 ἱῐι
305 4472 495 4509 summa
528 4460 785 4509 felicitate
832 4462 1153 4510 constitutus
1187 4462 1374 4523 Jews,
1422 4477 1656 4527 pugnam
1703 4478 1823 4511 cum
1870 4461 2133 4525 intrepido
2185 4461 2350 4510 milite
2399 4461 2671 4511 decertare

222 4556 309 4590 non
340 4545 537 4611 refugit,
575 4546 727 4597 velut
761 4548 817 4595 in
854 4546 1090 4611 lapidato
1128 4550 1269 4597 saxis
1308 4554 1361 4597 et
1396 4550 1511 4613 ipse
1548 4548 1905 4613 adpeteretur.
1979 4548 2020 4612 ⁴)
2056 4548 2173 4597 Act.
2203 4549 2249 4609 7,
2278 4549 2500 4598 54—-59,
2541 4549 2590 4609 8,
2621 4551 2669 4597 2.

1418 4788 1443 4817 0
