3267 5259
558 451 706 500 Lxx
1389 463 1636 512 Apparatus
1662 462 1881 503 um
1902 460 2215 502 -cm-ieu.

559 640 968 702 hebdomadum,
1005 641 1120 690 sive
1143 643 1262 689 490.
1299 653 1560 688 annorum
1585 637 1799 686 divisim
1824 652 1943 686 esse
1966 637 2313 702 capiendum3
2350 651 2447 685 seu
2482 637 2539 684 in
2576 635 2707 686 duo
2744 635 3051 684 discernen-

561 729 686 778 dum
721 726 1137 789 intervalla,
1175 725 1296 776 coll.
1336 727 1384 786 7,
1411 727 1494 774 25.
1535 727 1616 786 12,
1656 725 1706 773 7.
1754 725 1923 789 Apoc-
1964 725 2044 784 12,
2084 725 2165 772 14.
2200 725 2259 772 in
2296 738 2435 788 quae
2468 721 2841 788 Archangelum
2877 739 2930 771 v.
2966 724 3053 770 25.

559 830 816 866 summam
853 813 1122 879 dispescit.
1181 812 1360 862 Huius
1395 811 1665 860 intervalli
1702 809 2129 860 hebdomadibus
2162 815 2366 876 septem
2402 809 2695 874 prioribus3
2732 810 2768 858 i.
2807 825 2855 858 e.
2894 811 3052 858 aunis

560 905 626 952 49
655 921 716 944 =
747 903 776 950 7
799 905 862 963 ><
886 902 934 950 7.
977 900 1322 964 Jerosolyma
1355 900 1598 948 innovari
1635 905 1689 948 et
1728 899 1921 947 muniri
1954 897 2193 962 incipiet,
2228 897 2353 946 inde
2388 898 2493 945 iam
2530 901 2653 962 post
2686 895 3053 945 hebdomades

559 988 714 1038 an
733 1008 796 1032 =
819 989 885 1038 62
907 989 970 1050 ><
995 990 1039 1037 7.
1065 989 1100 1036 i.
1121 1003 1169 1036 e.
1195 1001 1366 1036 annos
1389 987 1508 1036 434.
1535 987 1925 1050 comparitums
1950 991 2033 1034 est
2054 984 2299 1034 Messias.
2341 983 2391 1032 d.
2416 983 2633 1033 Initium
2656 983 2825 1032 Lxx.
2850 982 3052 1032 hebdo-

559 1075 772 1124 madum
797 1074 1222 1124 connectendum
1245 1079 1326 1122 est
1351 1088 1471 1123 cum
1495 1079 1755 1137 tempore,
1792 1087 1899 1137 quo
1924 1073 2055 1121 exiit
2076 1071 2451 1121 mandatum
2486 1069 2561 1120 de
2598 1069 3053 1119 instauranda

559 1163 858 1213 civitate.
931 1160 1160 1222 Quando
1207 1165 1388 1210 autem
1431 1159 1741 1208 mandatum
1778 1158 1882 1208 hoc
1919 1158 2311 1224 promulgatum
2354 1158 2441 1219 sit,
2484 1158 2805 1222 interpretes
2842 1158 2893 1205 si
2930 1173 3051 1205 con·

561 1249 816 1312 sulamus,
865 1249 1172 1313 ambiguum
1207 1246 1376 1297 videri
1421 1252 1619 1311 posset.
1694 1246 1938 1307 Quatuor
1984 1247 2125 1294 enim
2162 1245 2321 1294 huius
2358 1245 2571 1310 generis
2610 1243 2831 1293 decreta
2868 1259 3053 1308 regum

560 1337 914 1401 persicorum:
953 1334 1079 1399 Cyri
1105 1339 1160 1383 et
1183 1334 1334 1384 Darii
1358 1349 1578 1396 unum3
1614 1333 1925 1382 Artaxerxis
1954 1331 2197 1397 duplex
2220 1333 2277 1382 in
2302 1331 2356 1381 S.
2382 1331 2433 1380 S.
2462 1332 2729 1380 recenseri
2753 1329 3051 1380 affirmant:

559 1438 634 1472 sc.
647 1423 691 1472 1.
705 1421 861 1472 Esdr.
883 1425 928 1483 1,
945 1424 991 1470 1.
1019 1421 1224 1471 coll.IL
1239 1421 1360 1469 Par.
1376 1422 1460 1480 36,
1477 1421 1561 1470 22.
1579 1419 1624 1470 1.
1638 1419 1797 1470 Esdr.
1810 1421 1862 1478 6,
1877 1422 1923 1469 1.
1941 1421 1987 1482 7,
2006 1423 2085 1469 11.
2110 1419 2181 1467 11.
2196 1418 2351 1468 Esdr.
2368 1422 2418 1481 2,
2434 1421 2481 1468 8.
2516 1417 2623 1468 Sed
2648 1419 2853 1484 primus
2880 1433 3053 1468 annus

565 1515 846 1574 computus
871 1508 1028 1558 huius
1051 1523 1172 1556 cum
1191 1507 1348 1556 annis
1367 1505 1494 1570 Cyri
1517 1507 1767 1571 componi
1788 1507 1999 1571 nequit3
2027 1507 2157 1571 quia
2174 1505 2241 1554 de
2262 1521 2327 1554 eo
2345 1505 2591 1570 nuspiam
2607 1503 2855 1570 legimus,
2882 1506 3053 1570 ipsum

564 1597 834 1647 decretum
879 1597 946 1646 de
991 1595 1356 1646 instaurandis
1395 1595 1787 1659 Hierosolymis
1822 1595 2071 1644 edidisse.
2140 1595 2297 1644 Fecit
2342 1595 2559 1660 quidem
2608 1595 2783 1645 edicto
2834 1596 3055 1660 publico

562 1686 772 1750 copiam
808 1683 1034 1734 Judaeis
1069 1685 1296 1749 patriam
1331 1682 1635 1748 repetendi3
1674 1683 1831 1732 iussit
1864 1684 2083 1748 insuper
2120 1687 2179 1732 ut
2214 1682 2377 1731 aedes
2414 1698 2665 1747 supremo
2692 1683 2914 1732 Numini
2948 1685 3057 1732 suis

559 1771 822 1822 sumtibus
859 1773 1280 1831 restituerentur,
1319 1769 1414 1818 sed
1451 1769 1518 1819 de
1555 1769 1703 1818 Urbe
1740 1769 2093 1818 instauranda
2128 1785 2195 1818 ne
2232 1785 2405 1819 sermo
2438 1767 2651 1835 quidem
2686 1769 2805 1818 fuit.
2854 1771 3055 1820 Darius

563 1874 688 1907 vero
728 1857 855 1922 Cyri
899 1857 1170 1908 decretum
1215 1857 1284 1906 de
1321 1855 1655 1907 aedificando
1692 1855 1931 1921 Templo,
1970 1855 2115 1920 quod
2150 1855 2329 1905 adhuc
2366 1855 2557 1906 effectu
2594 1861 2861 1919 caruerat,
2902 1873 3053 1907 reno-

559 1947 734 2008 vavit3
773 1960 880 2010 quo
919 1944 1130 1994 demum
1168 1944 1366 1994 factum
1405 1949 1502 2006 est,
1541 1949 1600 1993 ut
1638 1958 1773 2008 opus
1810 1942 2199 1993 absolveretur.
2238 1943 2425 2008 Neque
2460 1943 2663 2008 primus
2699 1956 2877 1993 annus
2916 1960 3053 1993 com-

561 2034 675 2098 puti
723 2031 1033 2082 Danielitici
1079 2030 1324 2080 connecti
1371 2034 1550 2096 potest
1593 2047 1713 2080 cum
1762 2035 1999 2095 tempore
2036 2029 2223 2091 edicti,
2274 2029 2419 2095 quod
2454 2045 2596 2079 auno
2634 2031 2863 2096 septimo
2902 2031 3053 2080 Arta-

561 2121 738 2169 xerxis
783 2118 1092 2184 evulgatum
1129 2122 1234 2182 est3
1286 2119 1415 2183 quia
1449 2117 1506 2166 in
1543 2133 1606 2168 eo
1644 2123 1883 2182 tempore
1921 2115 2127 2166 nullum
2164 2117 2475 2166 mandatum
2510 2115 2579 2166 de
2616 2117 2977 2167 restauranda
3012 2135 3054 2168 s.

563 2205 794 2255 Civitate
841 2207 1034 2256 exiisse
1080 2205 1324 2270 legimus.
1397 2205 1540 2266 Quin
1587 2205 1695 2253 imo
1742 2219 1845 2252 nec
1894 2205 2037 2253 exire
2072 2203 2209 2253 illud
2252 2204 2441 2269 potuit,
2494 2203 2638 2268 quod
2672 2204 2791 2266 ipse
2830 2209 3057 2254 eventus

559 2293 898 2358 comprobat:
937 2292 1080 2342 Urbs
1105 2290 1282 2341 adhue
1307 2292 1476 2341 ruinis
1511 2295 1643 2340 tunc
1678 2291 1951 2340 substrata
1984 2291 2101 2353 fuit,
2142 2291 2235 2340 ubi
2266 2291 2585 2340 Artaxerxes
2620 2291 2880 2340 vicesimo
2908 2293 3057 2357 regni

559 2381 643 2430 sui
681 2394 824 2430 auno
861 2378 1152 2429 Nehemiae
1188 2378 1433 2439 indulsit,
1481 2383 1542 2427 ut
1577 2377 2009 2442 Hierosolymas,
2048 2382 2213 2443 caput
2247 2378 2445 2442 gentis,
2490 2376 2749 2427 reficeret.
2812 2378 2878 2428 L.
2918 2393 2966 2427 a.
3003 2379 3053 2427 h.

563 2466 631 2515 Η.
657 2467 720 2516 R.
747 2467 814 2515 D.
839 2465 904 2516 V.
932 2465 994 2516 T.
1029 2482 1080 2530 p.
1107 2467 1224 2515 492.
1251 2467 1372 2516 495.
1397 2468 1516 2516 512.
1543 2483 1586 2515 s.
1635 2465 1793 2526 Quod
1830 2481 1957 2530 ergo
1994 2480 2169 2514 rerum
2206 2469 2475 2529 gestarum
2510 2467 2767 2515 memoria
2802 2465 3055 2516 traditum

559 2558 642 2604 est
674 2553 710 2603 1.
747 2553 916 2606 Eccli.
954 2555 1038 2615 49,
1079 2554 1328 2602 13-15,:
1387 2552 1731 2614 „Nehemias,
1782 2554 1871 2617 qui
1908 2553 2075 2602 erexit
2108 2553 2265 2604 nobis
2308 2567 2489 2601 muros
2526 2567 2767 2615 eversos,
2818 2557 2877 2602 et
2912 2559 3054 2602 stare

560 2641 687 2689 fecit
720 2645 904 2706 portas
940 2644 994 2688 et
1029 2655 1194 2700 seras,
1232 2641 1326 2706 qui
1357 2640 1525 2690 erexit
1559 2640 1747 2690 domos
1779 2643 2055 2704 nostras“3
2102 2645 2345 2690 sanctam
2380 2640 2651 2689 civitatem
2686 2639 3055 2690 Jerusalem

560 2726 641 2776 ad
689 2727 1066 2776 vicesimum
1103 2727 1278 2791 regis
1326 2727 1717 2776 Artaxerxis
1753 2741 1985 2777 annum
2022 2732 2355 2776 vastatam
2390 2728 2741 2788 mansisse,
2788 2729 2956 2777 rebus
2992 2743 3057 2778 ac

560 2813 890 2878 temporibus
939 2813 1184 2864 Danielis
1237 2814 1797 2863 convenientissimum
1850 2829 1967 2864 esse
2022 2815 2378 2880 agnoscimus.
2452 2815 2643 2880 Itaque
2691 2814 3057 2866 hebdomades

560 2899 742 2963 LXX„
791 2901 892 2950 snb
931 2901 1082 2950 cuius
1121 2899 1276 2950 finem
1323 2901 1486 2966 spatii
1521 2901 1775 2966 temporis
1812 2899 1929 2949 fiet:
1978 2906 2036 2950 ut
2072 2903 2288 2952 termius
2326 2905 2555 2967 ponatur
2592 2903 2685 2964 „rii
2724 2895 3055 2966 ὢτοστασίᾳ“,

561 2992 614 3036 et
639 2988 880 3052 expietur
903 2989 1161 3052 iniquitas
1199 2987 1306 3054 ,,τῷ
1340 2984 1510 3055 λύτρῳ
1534 2984 1805 3056 ἱλασμοῦ“,
1842 2988 1987 3052 quod
2011 2989 2128 3037 Deo
2160 2988 2353 3038 vindici
2392 2987 2803 3053 persolvendum
2843 2995 2987 3052 erat3
3026 3004 3057 3038 a

560 3074 873 3124 vicesimo
923 3075 1107 3140 regni
1156 3075 1542 3124 Artaxerxis
1591 3090 1785 3138 anno,
1834 3091 1939 3140 quo
1976 3076 2191 3124 unicum
2238 3075 2705 3126 instaurandarum
2742 3075 3055 3141 Hierosoly·

559 3175 763 3210 marum
803 3161 1072 3210 decretum
1110 3161 1309 3211 editum
1347 3167 1444 3222 est,
1483 3162 1747 3210 initium
1784 3160 2045 3211 ducunt.
2097 3161 2153 3210 Si
2192 3177 2331 3227 quae
2356 3167 2603 3228 superest
2624 3162 2726 3212 hac
2750 3164 2807 3212 in
2834 3179 2895 3213 re
2922 3163 3053 3212 disfi-

563 3247 750 3310 cultas,
781 3249 835 3296 in
858 3248 1163 3300 Artaxerxis
1190 3249 1402 3298 nomine
1426 3249 1603 3314 posita
1627 3263 1747 3299 esse
1778 3249 1997 3298 videtur.
2038 3249 2185 3298 Alter
2212 3250 2349 3298 enim
2378 3249 2697 3300 Artaxerxes
2724 3255 2845 3299 erat
2868 3251 3055 3300 Xerxis

563 3334 720 3396 filius,
759 3335 919 3400 vulgo
957 3335 1404 3401 Longimanus
1443 3334 1774 3401 adpellatus3
1814 3335 1947 3386 alter
1972 3353 2098 3387 vero
2130 3337 2285 3386 Darii
2308 3337 2378 3386 11.
2406 3353 2699 3399 successor,
2738 3339 3055 3403 cognomine

559 3422 870 3472 Mnemon.
929 3423 1156 3472 Licebat
1191 3423 1376 3488 utique
1414 3421 1567 3472 olim
1615 3437 1733 3474 esse
1780 3423 2089 3488 ancipitem,
2138 3428 2255 3472 uter
2294 3424 2562 3474 decretum
2605 3425 2914 3490 praefatum
2954 3425 3055 3474 edi-

561 3509 735 3558 derit?
779 3525 964 3559 verum
999 3526 1108 3559 non
1144 3509 1329 3572 hodie,
1379 3526 1502 3560 cum
1551 3515 1695 3560 certo
1735 3515 1944 3560 constet
1976 3510 2237 3562 Judaicos
2284 3513 2602 3577 interpretes
2643 3511 2746 3562 hoc
2784 3511 3055 3562 decretum

564 3596 842 3646 Artaxerxi
879 3597 1043 3662 priori
1080 3602 1358 3663 acceptum
1397 3597 1610 3648 referre.
1675 3596 1756 3648 cf.
1794 3599 2085 3664 Vitringae,
2125 3598 2253 3649 Obs.
2291 3598 2383 3660 VI,
2422 3601 2472 3649 2.
2512 3617 2563 3665 p.
2602 3601 2719 3649 243.
2751 3613 2793 3648 s.
2845 3600 3055 3650 Frisch-

562 3682 741 3746 muthi,
783 3683 906 3734 diss.
943 3685 979 3734 i.
1015 3684 1050 3734 l.
1099 3701 1150 3750 p.
1189 3686 1306 3735 910.
1367 3685 1687 3750 Priusquam
1726 3701 1851 3736 vero
1890 3685 1961 3734 ad
1996 3684 2211 3736 finalem
2246 3691 2543 3752 temporina
2578 3687 2805 3736 istorum
2842 3704 3055 3754 compu-

559 3769 708 3818 tandi
759 3770 1018 3820 rationem
1063 3771 1491 3837 progrediamur,
1540 3777 1800 3822 annotare
1846 3773 2056 3822 iuvabit
2098 3789 2143 3820 α.
2192 3773 2453 3838 Angelum
2500 3789 2549 3823 v.
2593 3775 2678 3824 26.
2723 3775 2779 3822 in
2830 3776 3057 3841 repetita

561 3858 818 3918 oratione,
856 3857 1152 3922 neglexisse
1199 3873 1381 3908 rursus
1419 3863 1622 3924 septem
1660 3857 2052 3908 hebdomadum
2078 3861 2398 3909 mentionem
2434 3859 2643 3924 facere3
2683 3862 2810 3926 quia
2846 3861 3055 3912 illarum

559 3945 615 3992 in
653 3945 828 3994 verbis
866 3945 1164 3993 immediate
1191 3946 1295 3994 iam
1321 3945 1769 4012 praecedentibus
1801 3947 2127 3996 meminerat.
2178 3944 2222 4012 β.
2262 3947 2507 3997 Eundem
2546 3947 2783 3997 divinum
2818 3949 3053 4014 leg-atum

559 4031 626 4082 de
663 4031 838 4081 media
875 4031 1058 4096 aliqua
1105 4030 1441 4082 hebdomada
1477 4031 1621 4097 loqui
1658 4049 1708 4080 v.
1750 4034 1833 4081 27.
1877 4027 2161 4100 ὁριστικῶς,
2206 4033 2389 4084 habito
2438 4041 2686 4100 respectu
2742 4036 2813 4085 ad
2856 4035 3053 4086 hebdo-

565 4117 776 4168 madam
823 4118 966 4167 illam
1013 4133 1199 4180 unam,
1249 4134 1356 4184 qua
1401 4119 1607 4168 dixerat
1653 4118 2071 4170 confirmandum
2115 4137 2231 4170 esse
2268 4121 2501 4170 Foedus.
2560 4139 2610 4189 γ.
2646 4121 2877 4172 Omnem
2913 4123 3055 4173 illam

559 4206 1049 4270 interpretationem
1087 4221 1204 4255 esse
1241 4206 1514 4269 vitiosam,
1567 4223 1707 4272 quae
1756 4223 1863 4256 non
1902 4209 2144 4258 consistit
2192 4209 2333 4258 intra
2381 4223 2639 4259 summam
2689 4224 2953 4260 annorum
2990 4211 3055 4260 ab

559 4292 766 4356 Angelo
793 4291 1092 4356 definitam3
1133 4294 1472 4358 perexiguam
1507 4295 1715 4343 interim
1744 4309 2002 4344 annorum
2042 4296 2371 4356 varietatem,
2409 4301 2468 4344 ut
2494 4311 2633 4360 quae
2660 4311 2829 4362 prope
2857 4297 3054 4347 nullius

559 4380 812 4428 momenti
850 4379 903 4427 in
942 4379 1296 4444 descriptione
1335 4386 1631 4445 temporum
1670 4396 1786 4430 esse
1835 4387 2010 4447 queat,
2052 4381 2401 4446 chronologis
2438 4397 2557 4434 esse
2596 4383 3052 4434 dissimulandam.

562 4463 729 4514 Sicuti
768 4465 1056 4530 prudenter
1093 4467 1297 4516 monuit
1332 4469 1436 4516 iam
1473 4467 1767 4532 Dionysius
1806 4468 2277 4518 Hallicarnasseus
2313 4469 2346 4518 1.
2375 4471 2491 4518 VH.
2516 4471 2695 4535 Antiq.
2721 4471 2950 4520 Roman.
2976 4471 3051 4520 ed.

561 4549 859 4616 Sylhnrgss,
897 4569 950 4618 p.
988 4554 1136 4602 418.:
1192 4553 1524 4614 „Ferendum
1562 4561 1703 4616 erat,
1742 4556 1786 4604 si
1825 4556 1943 4620 quis
1982 4557 2169 4620 paucis
2206 4557 2361 4605 annis
2398 4556 2671 4606 falleretur
2706 4558 2763 4606 in
2800 4565 3052 4624 supputa-

561 4639 706 4687 tione
747 4643 1057 4704 temporum‚
1101 4642 1410 4704 praesertim
1447 4641 1502 4690 in
1539 4643 1719 4706 prisca
1750 4648 1805 4692 et
1828 4640 2113 4692 multorum
2148 4656 2411 4694 annorum
2446 4642 2716 4694 historia!
2768 4644 2844 4694 Ut
2880 4649 3051 4694 tamen
