3267 5259
1175 442 1459 495 sangonam
1486 454 1521 483 a.
1542 442 1694 484 narei.
2545 430 2670 495 281

206 636 361 699 quae
406 637 457 699 s.
488 614 755 679 Marcus
798 638 967 680 unus
1010 615 1249 698 retulit,
1296 626 1409 680 aut
1454 615 1842 701 explicatius
1880 638 2078 701 quam
2109 616 2310 680 ceteri
2343 616 2674 701 exposuit3

207 748 445 811 quaeve
490 736 727 791 testem
775 726 1101 793 oculatum
1150 736 1545 813 supponunt,
1614 750 1656 791 a
1699 726 1959 793 nemine
2005 726 2234 791 melius
2281 748 2478 812 quam
2524 749 2565 790 a
2609 727 2673 791 d.

202 838 383 904 Petro
430 840 707 925 accepit.
762 839 1003 925 Aliqua
1047 839 1311 905 demum
1356 864 1408 904 s.
1452 838 1718 905 Marcus
1763 862 2028 925 prorsus
2088 840 2441 925 praeteriit,
2503 861 2674 924 quae

202 958 449 1014 narrata
492 951 563 1015 in
608 954 966 1017 maximum
1010 976 1061 1017 s.
1108 952 1286 1017 Petri
1331 954 1647 1017 honorem
1694 952 2043 1017 cessissent
2061 956 2099 1015 ¹.

314 1229 369 1307 ἕ.
416 1228 523 1293 51.
587 1227 705 1291 De
752 1230 1103 1312 αὒθεντίᾳ,
1151 1230 1339 1293 item
1383 1228 1664 1313 lingua
1707 1227 2138 1312 Evangelii
2185 1250 2235 1291 s.
2269 1228 2539 1292 Marci.

385 1420 672 1485 Quamvis
700 1423 947 1481 indubia
975 1424 1203 1482 steterit
1236 1423 1368 1495 fide,
1412 1444 1457 1481 s.
1491 1424 1678 1483 Marci
1707 1423 2100 1498 Evangelium
2129 1426 2454 1499 genuinum
2497 1428 2674 1503 atque

204 1528 601 1602 incorruptum
632 1526 705 1585 ad
735 1546 838 1585 nos
868 1528 1225 1603 pervenisse}
1270 1546 1403 1603 pars
1434 1532 1629 1585 tamen
1661 1528 1886 1585 extima
1917 1548 1963 1585 s.
1995 1527 2183 1585 Marci
2211 1526 2382 1598 XVI,
2421 1532 2672 1599 9—20.,

200 1628 443 1707 aliquam
486 1630 942 1689 dissensionibus
981 1650 1185 1689 ansam
1224 1630 1445 1689 dedisse
1482 1630 1860 1707 comperitur.
1931 1631 2016 1689 Hi
2059 1633 2333 1707 postremi
2375 1630 2676 1689 duodecim

198 1752 385 1791 versus
442 1734 689 1793 deerant
746 1734 890 1792 olim
942 1736 1005 1793 in
1059 1734 1263 1793 multis
1314 1737 1693 1811 apographis,
1755 1754 1872 1793 non
1925 1740 2122 1792 tamen
2173 1735 2240 1792 in
2288 1734 2411 1792 illis
2463 1736 2676 1813 quibus

202 1836 579 1895 vetustissimi
620 1858 665 1895 s.
690 1838 895 1897 Patres
937 1840 1027 1896 usi
1065 1846 1221 1897 sunt.
1290 1838 1473 1897 Nulla
1511 1844 1769 1897 ceterum
1811 1839 1978 1896 nobis
2019 1839 2088 1895 de
2131 1842 2256 1896 tota
2283 1837 2392 1895 illa
2425 1838 2676 1896 sectione

198 1939 443 2017 quaestio
489 1943 749 1999 vert-itur
762 1986 777 2011 ‚
822 1948 1130 2021 postquam
1158 1942 1267 2000 illa
1304 1943 1599 2001 communi
1630 1942 1918 2001 Ecclesiae
1955 1960 2236 2000 consensu
2264 1946 2494 2017 recepta
2507 1986 2520 2013 ,
2567 1960 2676 2000 nec

198 2045 255 2099 in
293 2044 511 2103 Latina
550 2043 741 2103 solum
786 2046 883 2102 sed
928 2046 1109 2104 etiam
1145 2046 1369 2104 Graeca
1411 2046 1688 2120 Liturgia
1730 2045 2052 2103 dominicae
2106 2044 2476 2103 Ascensionis
2528 2045 2675 2103 festo

198 2147 647 2223 depraedicatur.
710 2148 821 2207 Sed
867 2154 927 2207 et
972 2150 1039 2206 in
1083 2149 1377 2208 codicibus
1418 2170 1550 2207 mss.
1566 2194 1581 2219 ,
1629 2148 1997 2207 versionibus
2055 2148 2316 2227 antiquis
2361 2154 2421 2206 et
2473 2148 2676 2224 priscis

196 2250 619 2326 Evangeliariis
662 2252 932 2310 habetur.
1004 2252 1418 2311 Recentiorum
1462 2252 1739 2311 adversus
1781 2272 1908 2310 eam
1953 2252 2134 2311 dubia
2183 2258 2242 2310 et
2296 2250 2543 2310 dicteria
2602 2251 2672 2309 de

200 2353 475 2413 inanitate
518 2356 732 2413 merito
761 2355 1135 2431 postulantur
1148 2352 1191 2413 ².

381 2458 593 2517 Restat
650 2465 719 2517 ut
775 2460 1144 2537 inquiramus
1158 2504 1173 2530 ,
1228 2479 1347 2537 qua
1405 2460 1611 2533 lingua
1662 2460 1720 2517 d.
1767 2460 2002 2517 Marcus
2053 2457 2445 2533 Evangelium
2502 2479 2674 2517 suum

194 2561 511 2637 scripserit?
576 2560 729 2620 Utut
755 2562 1017 2621 Ecclesia
1060 2568 1226 2621 vetus
1254 2563 1320 2620 in
1350 2564 1703 2621 sententiam
1731 2563 2099 2621 concesserit:
2141 2562 2578 2637 Evangelistas,
2621 2562 2672 2619 si

192 2684 365 2722 unum
422 2667 797 2725 Matthaeum
855 2667 1255 2742 exceperimus
1269 2712 1283 2737 ,
1348 2685 1603 2741 graece
1663 2667 1984 2741 scripsisse;
2057 2670 2253 2723 tamen
2312 2686 2358 2724 s.
2407 2666 2674 2723 Marcum

192 2768 577 2843 Evangelium
606 2788 776 2827 suum
806 2768 1035 2828 latino
1073 2789 1387 2828 sermone
1417 2790 1491 2828 ex
1522 2789 1764 2827 munere
1795 2770 2137 2845 interpretis
2168 2770 2350 2839 Petri,
2385 2768 2671 2827 Christia-

194 2872 277 2928 nis
306 2874 406 2949 qui
440 2872 661 2931 Romae
692 2878 861 2930 erant
892 2874 1237 2949 praebuisse,
1284 2872 1613 2952 aliquorum
1645 2878 1729 2930 est
1760 2874 2095 2931 affirmatio.
2158 2874 2465 2949 Opinionis
2495 2872 2672 2930 huius

192 2984 457 3051 promunt
500 2978 643 3035 inde
687 2977 1009 3048 rationem,
1054 2978 1207 3055 quod
1238 2996 1487 3055 aequum
1518 2978 1730 3047 fuerit,
1773 2982 1842 3036 ut
1879 2996 2012 3035 cum
2051 2976 2328 3035 Romanis
2369 2978 2667 3047 scriberet,

193 3096 419 3139 romano
472 3082 657 3139 etiam
708 3086 973 3139 uteretur
1024 3079 1270 3159 eloquio.
1346 3080 1710 3155 Suffragium
1761 3082 1912 3139 ferre
1963 3082 2170 3139 dicunt
2219 3080 2672 3155 subscriptiones

192 3185 425 3259 syriaci,
472 3186 696 3243 arabici
727 3189 787 3241 et
817 3186 1026 3261 persici
1059 3189 1288 3254 textus3
1336 3184 1481 3263 quin
1522 3189 1584 3242 et
1626 3185 1892 3260 plurium
1939 3186 2118 3243 etiam
2163 3204 2297 3241 mss.
2329 3202 2671 3259 graecorum

192 3291 245 3343 et
272 3288 511 3364 quidem
540 3288 906 3346 venerandae
936 3288 1312 3365 antiquitatis
1330 3286 1374 3346 ³.
1434 3288 1546 3345 Sed
1576 3308 1607 3345 e
1639 3288 2032 3346 communiore
2072 3307 2275 3358 sensu,
2320 3288 2670 3345 testimoniis

192 3395 245 3447 et
274 3392 593 3450 traditione
623 3411 910 3467 expresse,
945 3392 1337 3467 Evangelium
1359 3393 1676 3449 secundum
1700 3398 1853 3449 recte
1875 3393 2111 3469 quidem
2141 3392 2395 3466 lingua
2425 3410 2673 3465 graeca

124 3518 132 3524 ·
188 3513 219 3549 a
245 3516 287 3551 s.
318 3496 521 3554 Marco
553 3502 859 3553 exaratum
902 3516 1019 3553 esse
1060 3498 1333 3553 sumitur.
1394 3496 1613 3554 Eadem
1651 3496 1857 3571 lingua
1885 3500 2028 3553 tunc
2057 3486 2334 3571 temporis
2365 3500 2487 3553 toto
2518 3494 2672 3552 Orbe

567 3650 595 3657 -ο

392 3716 429 3782 ¹)
467 3716 553 3767 cf.
590 3719 637 3778 1,
676 3698 757 3767 19'.
792 3720 875 3767 20.
912 3719 995 3767 36.
1042 3720 1091 3778 5,
1130 3719 1214 3767 37.
1250 3720 1332 3768 38.
1383 3719 1431 3781 s,
1470 3720 1694 3767 22—26.
1757 3719 1848 3780 ιι,
1890 3719 2110 3767 12-14.
2147 3718 2366 3767 19—26.
2407 3718 2497 3779 13,
2535 3720 2585 3767 3.
2621 3718 2671 3767 4.

191 3802 277 3861 14,
313 3804 396 3851 37.
434 3804 523 3851 51.
562 3804 644 3852 52.
704 3805 793 3864 16,
833 3805 879 3853 7.
936 3803 1085 3853 Vidit
1128 3803 1183 3852 id
1230 3803 1355 3853 olim
1398 3805 1505 3853 iam
1550 3804 1846 3865 Eusebius,
1893 3804 2195 3853 Demonstr.
2242 3818 2325 3853 ev.
2375 3802 2482 3864 ΙΠ,
2527 3804 2576 3853 5.
2619 3819 2668 3868 p.

194 3888 300 3936 120.
324 3903 367 3937 s.
416 3888 586 3938 Plura
622 3890 953 3938 enumeravit
986 3888 1197 3950 Willcs,
1229 3889 1264 3939 1.
1303 3906 1348 3939 c.
1383 3907 1433 3955 p.
1470 3892 1589 3939 203.
1622 3906 1665 3941 s.
1739 3889 1780 3953 ²)
1817 3890 1902 3939 De
1927 3885 2148 3954 αὐθεντίᾳ
2181 3888 2338 3939 huius
2375 3888 2674 3954 particulae

188 3973 441 4025 vindicias
490 3975 671 4025 ibant:
708 3974 879 4036 wolf,
918 3989 1029 4025 cur.
1066 3975 1195 4041 phil.
1233 3976 1291 4025 in
1324 3976 1425 4026 Ev.
1462 3976 1631 4025 Marci
1669 3992 1721 4041 p.
1760 3977 1877 4026 540.
1939 3974 2111 4036 Storr,
2149 3974 2206 4023 in
2241 3988 2392 4039 opus.
2430 3973 2671 4023 academ.

187 4058 275 4119 111,
299 4062 382 4109 50.
412 4062 533 4110 124.
582 4060 829 4123 Kuinocl,
856 4076 1042 4111 comm.
1069 4078 1121 4126 p.
1151 4063 1266 4111 197.
1302 4062 1444 4127 Hug,
1471 4060 1613 4111 Einl.
1640 4061 1712 4123 ΙΙ,
1739 4062 1857 4111 282.
1885 4076 1928 4111 s.
1978 4060 2180 4123 Schott,
2215 4059 2494 4109 vindiciae
2526 4059 2670 4109 auth.

188 4150 314 4208 part.
349 4152 489 4211 post.
526 4147 651 4197 Jen.
692 4148 839 4197 1813.
890 4146 1091 4212 Opusc.
1130 4148 1282 4197 1818.
1318 4147 1399 4209 11,
1431 4148 1544 4197 131.
1571 4160 1613 4196 s.
1655 4146 1708 4195 J.
1733 4146 1797 4195 L.
1829 4145 2041 4211 Himly,
2089 4144 2156 4195 de
2190 4146 2326 4195 Jesu
2368 4146 2424 4195 in
2462 4144 2672 4195 coelum

188 4244 405 4283 ascensu
440 4232 661 4299 Argent-
702 4234 853 4283 1811.
918 4232 1238 4294 Olshausen,
1275 4220 1463 4282 Kchth.
1500 4232 1549 4281 d.
1574 4248 1625 4281 v.
1659 4232 1724 4281 K.
1759 4232 1858 4280 Ev.
1885 4248 1938 4297 p.
1963 4232 2082 4281 348.
2119 4230 2461 4294 Kirchhofer‚
2507 4231 2668 4293 Quel-

188 4314 472 4369 lensamml.
520 4337 572 4385 p.
613 4320 729 4369 131.
780 4317 1038 4380 Guefike,
1088 4318 1539 4384 Gesammtgesch.
1576 4334 1627 4384 p.
1669 4319 1784 4368 160.
1822 4330 1863 4366 s.
1912 4316 2141 4378 Ebrard,
2179 4318 2316 4367 wiss.
2359 4318 2492 4367 Krit.
2536 4318 2586 4367 d.
2625 4334 2672 4368 e.

189 4400 247 4452 G.
272 4419 321 4467 p.
349 4404 466 4454 798.
494 4420 536 4455 s.
586 4404 747 4467 Rink,
782 4403 1081 4454 lucubratio
1117 4404 1231 4453 crit.
1258 4405 1314 4453 in
1345 4405 1483 4454 Acta
1514 4404 1614 4469 Ap.
1649 4407 1704 4453 et
1737 4418 1819 4468 cp.
1847 4401 1987 4452 cath.
2013 4402 2177 4454 Basil.
2213 4405 2363 4455 1833.
2397 4420 2449 4466 p.
2485 4406 2602 4455 311.
2629 4422 2672 4455 s.

188 4486 418 4557 Bisping,
444 4490 599 4540 Erkl.
624 4490 677 4540 d.
702 4491 911 4555 Evang.
937 4506 990 4540 n.
1016 4488 1181 4541 Marc.
1208 4506 1259 4556 p.
1289 4492 1405 4541 123.
1430 4504 1472 4539 s.
1516 4490 1788 4551 Demaret,
1815 4487 1882 4538 dc
1908 4489 2111 4555 origine
2131 4488 2390 4556 Evangel.
2411 4506 2464 4557 p.
2484 4492 2603 4542 229.
2629 4508 2672 4541 s.

190 4572 227 4638 ³)
264 4574 343 4625 Ct'.
367 4576 669 4639 Assemaui,
706 4576 846 4627 Bibl.
873 4576 1073 4627 Orient.
1103 4576 1203 4627 111.
1232 4578 1278 4639 1,
1306 4578 1353 4626 9.
1404 4574 1613 4637 Scholz,
1641 4576 1706 4625 N.
1731 4574 1794 4625 Τ.
1819 4573 1862 4637 1,
1889 4576 1972 4625 30.
