3267 5259
626 465 657 528 1
670 463 749 528 16
1291 475 1407 517 nist.
1436 476 1541 517 nov.
1570 475 1660 517 cuv.
1689 475 1742 518 s.
1771 475 1818 517 τ.
1849 473 2015 518 period.
2045 476 2080 518 1.
2101 489 2194 528 αι».
2224 475 2423 518 altorum.

621 651 831 714 titulus,
886 651 975 700 the
1010 651 1313 701 Evidences
1350 652 1411 701 of
1442 650 1802 716 Christianity.
1858 651 1918 700 P.
1951 651 2022 714 Π,
2059 654 2105 701 3.
2143 650 2224 701 ed.
2250 651 2545 717 Edi'nburg.
2581 653 2738 702 1817.
2775 652 2846 713 11,
2889 654 2974 702 90.
3015 651 3096 701 me

622 737 779 787 docte
817 741 1199 787 commentatus
1236 739 1292 786 in
1328 741 1642 802 argumenta
1675 738 1886 787 interna
1931 753 2028 802 pro
2077 739 2300 787 veritate
2349 743 2402 787 et
2449 739 2761 788 sinceritate
2811 739 3096 804 Hagiogra-

622 823 845 886 phorum
880 825 946 873 N.
984 824 1063 885 T.,
1100 825 1239 873 inter
1274 823 1383 873 alia
1416 822 1552 872 illud
1586 823 1808 888 protulit
1841 824 1899 872 in
1935 823 2196 887 medium3
2257 823 2399 888 quod
2438 825 2606 873 oritur
2644 840 2710 872 ex
2749 823 3095 890 simplicitate.

622 925 729 974 qua
761 909 1135 966 Eucharistiae
1170 909 1429 958 institutio
1465 914 1741 971 narratur,
1789 909 2042 974 additque
2079 908 2459 973 difficultatem,
2498 925 2638 975 qnae
2677 912 2848 960 oritus¹
2891 926 2958 960 ex
2993 911 3093 958 bre-

620 999 785 1046 vitate
822 997 1080 1046 sermonis
1118 995 1338 1057 Christi,
1376 997 1597 1045 vitatam
1632 995 1748 1045 fore
1784 996 1840 1045 in
1878 994 2116 1046 confictis
2151 995 2402 1045 historiis.
2443 997 2670 1055 „Nullus
2694 999 2953 1063 scriptor,
2991 997 3094 1044 sub-

619 1085 807 1148 iungit,
847 1083 1143 1133 arbitrarie-
1172 1087 1227 1132 et
1271 1082 1473 1147 absque
1510 1083 1828 1131 necessitate
1865 1081 2050 1131 lectori
2088 1080 2454 1132 difficultatem
2501 1083 2818 1144 obiecisset,
2867 1099 3012 1148 quae
3049 1092 3095 1130 ut

620 1171 833 1220 minime
863 1169 1043 1218 dicam
1090 1183 1263 1217 acrem
1306 1169 1772 1233 investigationem
1817 1173 1870 1217 et
1915 1168 2265 1218 eruditionem
2304 1169 2538 1233 requirit,
2589 1185 2696 1233 quo
2743 1175 3094 1219 amoveatur.-

621 1256 829 1318 Quibus
864 1255 1058 1316 verbis,
1096 1255 1350 1304 observat
1384 1269 1481 1304 em.
1522 1253 1580 1304 C.
1608 1254 1896 1315 Wiseman‚
1933 1254 1966 1302 l.
1995 1269 2038 1302 c.
2065 1271 2117 1318 p.
2143 1255 2226 1303 67.
2263 1253 2396 1308 nihil
2433 1255 2594 1305 credo
2631 1255 2836 1306 clarius
2873 1256 3095 1322 profem

620 1343 906 1408 potuisset,
960 1347 1021 1390 ut
1054 1341 1335 1402 fater-emt,
1394 1340 1802 1405 explicationem
1837 1339 2277 1402 Protestantium,
2331 1339 2482 1390 nulla
2527 1342 2734 1390 ratione
2773 1357 2840 1391 ex
2879 1341 3094 1391 naturali

620 1429 902 1478 verborum
940 1429 1061 1490 situ,
1098 1425 1185 1476 vel
1222 1442 1287 1476 ex
1324 1427 1735 1477 circumstantiis
1771 1425 2120 1491 prolationem
2159 1441 2340 1476 earum
2385 1429 2766 1478 comitantibus
2813 1429 2962 1478 oriri.
3007 1427 3094 1476 sed

620 1515 691 1564 ad
742 1517 927 1564 nostra
970 1514 1138 1563 verba
1180 1512 1477 1563 redeamus.
1524 1511 1766 1563 Christus
1811 1512 2061 1562 mandato
2109 1528 2206 1562 suo
2243 1512 2310 1562 de
2357 1513 2590 1564 bibendo
2627 1514 2782 1564 addit
2831 1516 3094 1563 rationem.

622 1601 759 1663 „Hic
796 1606 879 1650 est
914 1600 1052 1650 calix
1086 1600 1297 1649 Novum
1331 1601 1730 1649 Testamentum
1764 1599 1820 1648 in
1855 1599 2114 1663 sanguine
2151 1615 2290 1660 mee,
2337 1601 2426 1664 qui
2473 1615 2570 1664 pro
2609 1601 2766 1650 vobis
2803 1601 3094 1649 fundetur?

619 1687 750 1736 Luc.
790 1689 873 1749 22,
910 1689 994 1736 20.
1027 1686 1070 1735 Ι.
1106 1701 1153 1735 e.
1190 1686 1342 1734 dicit:
1387 1685 1491 1736 hoc
1528 1687 1668 1734 enim
1705 1684 1846 1750 quod
1883 1685 1938 1734 in
1975 1685 2166 1746 calice,
2222 1690 2277 1734 et
2311 1701 2376 1734 ex
2416 1685 2584 1734 calice
2621 1687 2924 1736 bibendum
2961 1688 3097 1735 vobis

620 1773 813 1835 offero,
862 1777 943 1823 est
980 1773 1199 1838 sanguis
1237 1787 1413 1834 meus,
1450 1773 1669 1836 inquam
1705 1770 1796 1820 ille
1831 1771 1970 1820 Novi
2006 1771 2350 1820 Testamenti.
2409 1772 2531 1822 Hoc
2567 1789 2760 1838 nempe
2799 1781 3096 1824 contentum

617 1861 673 1909 in
712 1860 904 1922 calice,
968 1858 1110 1924 quod
1154 1858 1307 1908 vobis
1343 1859 1569 1924 propino
1607 1873 1716 1907 non
1753 1862 1834 1906 est
1867 1858 2048 1906 vinum
2083 1857 2330 1922 vulgare,
2393 1857 2489 1906 sed
2536 1863 2618 1907 est
2661 1886 2732 1894 —
2777 1860 2882 1908 snb
2935 1861 3097 1926 specie

620 1947 732 1996 vini
778 1973 845 1982 ——
882 1960 1040 1996 verus
1078 1950 1132 1995 et
1166 1944 1325 1995 realis
1362 1959 1427 1993 ac
1462 1944 1708 2010 proprius
1745 1957 1893 1992 meus
1929 1945 2162 2008 sanguis,
2198 1945 2256 1992 in
2291 1959 2446 2009 quem
2483 1943 2665 1995 divina
2702 1947 2954 2010 potentia
2989 1946 3096 1994 sub-

620 2035 819 2083 stantia
852 2033 965 2082 vini
1002 2037 1083 2082 est
1118 2045 1377 2081 conversa
1412 2046 1508 2095 per
1543 2031 1712 2080 verba
1747 2030 2178 2080 consecrationis.
2213 2029 2450 2094 Apponit
2487 2032 2570 2092 26,
2598 2033 2680 2080 28.
2719 2047 2760 2080 s.
2799 2031 3097 2082 Matthaeus

619 2119 940 2185 particulam
978 2119 1176 2180 „enim,
1212 2113 1358 2186 γάρ“,
1395 2118 1428 2166 i.
1470 2133 1515 2167 e.
1555 2115 1798 2166 Christus
1831 2117 2024 2166 invitat
2059 2117 2350 2182 discipulos
2389 2117 2458 2166 ad
2494 2118 2814 2181 bibendum,
2863 2121 2998 2185 quia
3030 2127 3098 2168 est

620 2206 839 2272 sanguis
877 2206 1005 2254 eius.
1044 2205 1207 2265 Queis
1243 2203 1421 2253 verbis
1460 2203 1606 2253 clare
1643 2202 1824 2252 docuit
1859 2201 2118 2265 Christus,
2155 2219 2263 2253 non
2299 2205 2356 2252 in
2393 2206 2634 2270 typico,
2674 2207 2852 2255 sicut
2887 2207 3094 2266 Vetus,

620 2293 717 2342 sed
760 2308 887 2342 vero
944 2296 997 2340 et
1044 2292 1317 2357 proprio
1371 2291 1631 2356 sang-uine
1685 2290 1896 2339 Novum
1950 2291 2144 2339 sanciri
2193 2290 2609 2340 Testamentum.
2667 2291 3098 2358 Cor-respondens

584 2395 812 2430 -nomen
865 2392 1115 2444 graecum
1164 2375 1458 2440 „smmum
1516 2376 1659 2441 quod
1715 2377 2003 2426 innumeris
2047 2378 2103 2424 in
2160 2376 2292 2426 locis
2339 2377 2483 2443 apud
2527 2377 2696 2427 Lxx,
2743 2380 2969 2444 ponitur
3011 2395 3094 2444 pro

617 2465 821 2526 1²³3?—
855 2466 918 2514 V.
958 2463 1300 2524 Schlenmer,
1345 2464 1481 2512 Nov.
1518 2462 1678 2512 Thes.
1716 2463 1786 2523 Π,
1824 2464 1919 2525 89,
1957 2490 2024 2498 -
2068 2464 2280 2528 proprie
2319 2479 2471 2514 omne
2509 2463 2774 2528 significat
2812 2466 2960 2530 quod
2997 2481 3094 2514 cer·

616 2557 730 2601 tum
766 2557 819 2602 et
856 2551 1199 2600 constitutum
1237 2554 1332 2611 est,
1370 2551 1425 2598 in
1462 2550 1641 2614 specie
1677 2548 1892 2613 foedus;
1930 2550 2082 2598 cuius
2118 2551 2324 2613 species
2359 2564 2469 2599 una
2494 2553 2606 2599 est:
2643 2552 2860 2600 testatio
2885 2552 3092 2601 ultimae

616 2637 927 2688 voluntatis.
971 2635 1128 2700 Apud
1166 2652 1207 2684 s.
1245 2636 1449 2684 Lucam
1486 2634 1656 2685 oratio
1695 2635 1811 2684 sine
1847 2635 2010 2684 verbo
2049 2640 2146 2696 est,
2184 2636 2367 2700 itaque
2403 2633 2678 2685 dubitatur
2713 2637 2810 2685 ubi
2847 2638 3092 2686 subintel·

618 2724 886 2788 ligendum
912 2724 995 2783 sit,
1034 2737 1103 2770 an
1126 2727 1249 2786 post
1270 2737 1564 2786 pronomen
1604 2714 1690 2780 „rb
1725 2720 1861 2782 hic“‚
1899 2725 1992 2769 aut
2026 2725 2148 2785 post
2183 2721 2574 2770 substantivum
2615 2720 2876 2789 ,ποτήριον
2911 2723 3092 2773 calis.

620 2809 753 2858 Cum
790 2824 831 2859 s.
868 2807 1174 2857 Matthaeus
1211 2812 1265 2857 et
1298 2821 1340 2857 s.
1386 2808 1602 2856 Marcus
1648 2806 1699 2856 h.
1737 2806 1771 2855 l.
1819 2821 1926 2855 non
1971 2805 2142 2855 solum
2187 2809 2529 2870 sententiam,
2585 2808 2680 2858 sed
2729 2810 2890 2858 etiam
2937 2811 3094 2859 verba

620 2893 815 2943 Christi
850 2893 1208 2954 recitaverint,
1248 2895 1375 2958 quia
1408 2893 1578 2958 magis
1616 2893 1916 2958 exprimunt
1951 2892 2094 2957 quod
2133 2892 2375 2942 Christus
2412 2894 2634 2958 agebat,
2673 2910 2739 2943 ex
2773 2895 2882 2944 illis
2917 2895 3090 2944 Lucae

618 2980 785 3029 verba
819 2995 929 3029 non
964 2978 1137 3028 solum
1171 2979 1547 3044 intelligenda,
1602 2979 1698 3029 sed
1745 2979 1902 3028 etiam
1939 2979 2238 3028 ordinanda
2271 2984 2412 3029 sunt.
2449 2980 2788 3046 Propositum
2826 2987 2940 3031 erat
2975 2987 3088 3031 tune

620 3065 830 3116 Christo
865 3081 975 3114 non
1010 3069 1073 3113 ut
1107 3065 1315 3114 Novum
1350 3066 1779 3127 Testamentum,
1835 3065 1931 3116 sed
1982 3069 2042 3114 ut
2085 3067 2398 3130 sanguinem
2441 3083 2596 3116 suum
2631 3067 2885 3118 traderet.
2945 3068 3088 3118 Unde

622 3153 710 3213 „in
744 3152 1006 3217 sanguine
1042 3167 1160 3202 meo
1189 3148 1236 3200 ἐν
1260 3153 1333 3218 τῷ
1370 3147 1537 3218 αἵματί
1572 3155 1698 3219 μου“
1737 3167 1789 3200 v.
1825 3154 1909 3201 20.
1948 3151 2090 3216 apud
2127 3165 2169 3200 s.
2207 3151 2410 3202 Lucam
2435 3153 2788 3203 Hebraismus
2813 3160 2910 3217 est,
2937 3159 3088 3219 atque

617 3238 883 3304 particula
918 3234 1087 3314 3⁹:3²2
1128 3238 1248 3288 coll.
1274 3238 1361 3288 Ps.
1390 3239 1471 3300 75,
1510 3242 1555 3287 1.
1590 3238 1758 3288 Hebr.
1795 3240 1842 3299 1,
1881 3241 1929 3288 1.
1966 3253 2104 3303 quae
2141 3237 2407 3303 significat
2441 3241 2656 3304 proprie
2695 3241 2835 3302 „in“,
2879 3243 3088 3289 sumitur

620 3326 777 3374 etiam
813 3323 932 3375 loco
970 3341 1101 3389 per.
1140 3323 1339 3374 Sensus
1377 3329 1459 3374 est
1496 3325 1737 3385 „Novum
1774 3325 2172 3374 Testamentum
2209 3340 2305 3390 per
2339 3341 2514 3374 meum
2548 3327 2912 3390 sanguinem.⁸
2953 3325 3082 3375 Sole-

618 3410 751 3460 bant
785 3425 967 3460 omnes
1004 3411 1114 3459 fere
1150 3415 1335 3475 gentes
1370 3409 1590 3460 foedera
1624 3411 1835 3460 sancire
1869 3411 2200 3460 victimarum
2227 3411 2502 3475 sang-uine.
2541 3411 2708 3460 Vetus
2734 3428 2946 3478 quoqne
2971 3413 3084 3462 Tes-

617 3500 907 3546 tamentum
943 3496 1065 3546 coll.
1102 3496 1274 3546 Exod.
1312 3499 1395 3558 24,
1422 3497 1471 3546 8.
1508 3497 1850 3546 sanciebatur
1886 3498 2194 3562 aspersione
2233 3498 2525 3561 sanguinis.
2573 3499 2722 3548 Idem
2755 3499 2888 3548 fecit
2921 3499 3082 3548 Chris-

616 3585 703 3630 tus
741 3582 865 3632 dato
905 3582 974 3632 ad
1010 3582 1297 3633 bibendum
1334 3581 1605 3648 Apostolis
1643 3583 1904 3648 sanguine
1939 3597 2036 3632 suo
2081 3584 2219 3632 Novi
2265 3584 2623 3646 Testamenti3
2671 3601 2781 3634 non
2825 3585 2934 3634 iam
2979 3601 3083 3634 cum

615 3667 865 3729 Judaeis,
916 3668 1010 3717 sed
1048 3685 1163 3718 cum
1203 3670 1446 3718 omnibus
1483 3670 1748 3734 gentibus,
1788 3683 1926 3735 quae
1962 3669 2315 3734 Evangelium
2353 3671 2654 3734 reciperent
2675 3671 2867 3721 foedus
2891 3673 3084 3720 sancire

616 3752 818 3804 volens.
880 3754 1176 3804 Duodecim
1214 3757 1378 3817 enim,
1434 3757 1525 3820 qui
1580 3756 1806 3805 aderant
1856 3755 2126 3820 Apostoli,
2181 3757 2352 3806 omnis
2386 3755 2686 3820 Ecclesiae,
2724 3772 2956 3822 quaeum
2991 3758 3083 3805 foe-

618 3839 716 3889 dus
751 3840 939 3902 inibat,
978 3856 1261 3906 personam
1298 3841 1790 3908 repraesentabant.
1827 3841 1983 3892 Unde
2034 3848 2086 3891 et
2132 3841 2265 3891 illud
2314 3856 2497 3891 rursus
2543 3841 2842 3907 colligitur:
2889 3859 2934 3892 α.
2979 3857 3084 3891 eum

618 3931 743 3976 tunc
782 3925 1213 3977 Sacrificium
1252 3928 1607 3990 obtulisse,
1647 3929 1762 3978 sine
1801 3943 1905 3993 quo
1943 3928 2161 3978 foedera
2195 3929 2316 3977 iniri
2353 3945 2463 3978 non
2499 3933 2762 3994 poterant.
2801 3929 2936 3979 Cum
2973 3945 3083 3992 ergo

616 4014 927 4076 sanguinem
952 4027 1107 4062 suum
1130 4013 1399 4078 Apostolis
1424 4014 1587 4064 tradit
1610 4015 1820 4064 dicens:
1861 4014 1998 4074 „Hic
2035 4020 2116 4064 est
2139 4016 2356 4080 sanguis
2379 4031 2530 4065 meus
2557 4017 2694 4065 Novi
2717 4017 3082 4074 Testamenti,-

617 4113 806 4147 revera
827 4098 1115 4164 Apostolos
1140 4101 1195 4149 in
1222 4103 1615 4165 possessionem
1641 4101 1781 4150 Novi
1805 4100 2061 4151 Foederis
2086 4102 2271 4163 mittit3
2309 4103 2552 4166 seqnitur
2575 4099 2619 4167 β.
2647 4103 2808 4152 etiam
2833 4101 3084 4152 Christum

616 4188 742 4232 tunc
778 4199 963 4234 verum
999 4201 1155 4236 suum
1191 4188 1505 4251 sanguinem
1550 4185 1778 4236 dedisse.
1837 4186 2078 4253 Opponit
2113 4188 2252 4236 enim
2301 4189 2614 4252 sanguinem
2649 4203 2806 4238 suum
2851 4187 3084 4252 sanguini

614 4268 925 4332 vitulorum,
986 4275 1260 4336 tamquam
1295 4271 1497 4337 figurae
1532 4273 1827 4321 veritatem.
1884 4271 1936 4321 S.
1973 4271 2280 4322 Matthaeus
2327 4277 2381 4322 et
2425 4289 2467 4322 s.
2503 4274 2721 4323 Marcus
2759 4277 3085 4325 continuant:

618 4345 705 4414 ,τὸ
738 4351 847 4420 περὶ
879 4353 1080 4404 πολλῶν
1117 4358 1207 4421 qui
1244 4372 1340 4422 pro
1376 4356 1608 4419 multis“,
1655 4372 1697 4407 s.
1746 4357 1926 4407 Lucas
1963 4362 2138 4407 autem
2179 4351 2265 4418 „rb
2301 4355 2416 4425 ὑπὲρ
2453 4355 2592 4426 ὑμῶν
2631 4361 2723 4425 qui
2761 4375 2859 4424 pro
2895 4361 3085 4408 vobir.

617 4437 939 4489 Coniectura
992 4441 1135 4492 ducti
1180 4441 1447 4508 probabili
1492 4442 1720 4493 dicimus
1767 4457 1833 4492 ex
1877 4444 2055 4493 verbis
2102 4459 2143 4493 ι.
2189 4443 2374 4494 Lucae
2419 4451 2474 4494 et
2517 4458 2557 4493 s.
2623 4445 2782 4494 Pauli
2831 4439 2918 4505 ,τὸ
2952 4439 3088 4510 σῶμ-ἑ

620 4539 713 4588 μου
749 4519 805 4572 τὸ
840 4521 959 4592 ὑπὲρ
996 4523 1185 4593 ὑμῶν“,
1222 4528 1479 4578 Matthaei
1519 4543 1560 4577 ι.
1590 4533 1644 4578 et
1687 4529 1854 4579 Marci
1891 4529 2188 4579 locutiones
2235 4530 2579 4595 exponendas
2626 4545 2763 4580 esse.
2801 4532 2937 4581 Tum
2971 4533 3086 4596 quia

616 4621 735 4656 cum
772 4609 901 4660 solis
935 4611 1206 4676 Apostolis
1243 4614 1591 4678 loquebatur3
1629 4619 1740 4664 tum
1778 4616 1907 4680 quia
1941 4631 2131 4665 munus
2167 4614 2274 4666 illis
2311 4617 2722 4667 commendabat
2747 4617 3082 4676 sacerdotale,
