3267 5259
600 418 729 483 212
1352 430 1543 471 nodeca
1571 429 1932 481 nuqua-monum
1959 430 2312 479 nonime-nm.

600 610 945 668 mortalibus
986 609 1084 667 vel
1126 629 1287 667 secus
1305 654 1319 680 ,
1370 609 1866 685 comparabimus3
1913 628 2140 685 semper
2185 614 2384 667 tamen
2435 608 2608 667 illum
2655 630 2728 667 ex
2779 609 3044 667 hominum

598 714 775 787 vulgo
821 718 1213 787 segregantes,
1262 718 1463 789 utpote
1506 714 1609 791 qui
1659 714 1978 773 humanam
2030 714 2194 772 illius
2245 718 2520 772 naturam
2573 733 2707 771 cum
2753 713 3046 771 Divinitate

598 819 641 873 h
658 838 697 893 y
714 837 842 893 pos
860 822 885 875 t
903 817 1110 875 atice
1170 817 1338 891 iungi
1398 818 1615 893 optime
1673 817 2028 875 noverimus,
2120 816 2337 880 Quodsi
2403 818 2570 875 velut
2637 836 2887 891 expanso
2943 816 3046 873 velo

598 921 863 979 divinam
906 920 1071 979 illius
1118 927 1391 979 naturam
1436 922 1603 979 brevi
1653 940 1818 979 mora
1861 940 1980 979 non
2025 923 2360 990 intuemur;
2407 921 2468 978 id
2515 920 2690 997 plane
2733 940 2797 977 eo
2843 921 3046 977 consilio

596 1025 839 1097 agimus,
872 1044 987 1103 quo
1016 1026 1323 1083 certiorem
1345 1027 1616 1083 obtutum
1640 1026 1706 1083 in
1727 1024 1852 1083 eius
1875 1023 2455 1095 Humanitatem‚
2489 1031 2712 1083 remoto
2733 1024 3045 1081 Divinitatis

595 1127 841 1201 fulgore,
882 1128 1148 1202 figamus.

803 1231 957 1295 Quid
988 1232 1067 1289 sit
1094 1234 1155 1289 id
1186 1234 1337 1309 quod
1369 1232 1998 1308 pulchritudinem
2029 1232 2351 1304 constituit,
2383 1232 2522 1290 licet
2551 1232 2712 1289 inter
2741 1252 2928 1290 omnes
2954 1252 3042 1289 non

594 1338 736 1394 satis
765 1342 988 1393 constet
1016 1335 1229 1411 passim
1260 1341 1457 1395 tamen
1478 1337 1651 1394 iuxta
1677 1356 1724 1393 s.
1750 1334 2004 1393 Thomae
2033 1335 2371 1413 Aquinatis‚
2403 1337 2470 1393 in
2499 1336 2596 1393 Ps.
2627 1340 2729 1393 44.
2753 1336 2858 1411 Op.
2881 1334 3038 1401 XIII,

606 1446 705 1497 56.
740 1438 1189 1515 probabiliorem
1218 1440 1587 1511 sententiam,
1620 1439 1878 1497 sumitur
1907 1440 2220 1497 consistere
2250 1439 2314 1496 in
2348 1440 2845 1515 proportione,
2878 1458 3043 1495 mem-

596 1546 890 1601 brorum
936 1547 1003 1600 et
1046 1543 1379 1601 colorum.
1440 1544 1575 1601 Jam
1612 1544 1766 1601 cirea
1794 1542 2190 1620 quaestionem
2221 1543 2291 1599 de
2320 1542 2765 1618 pulchritudine
2801 1562 2865 1601 ac
2891 1542 3046 1617 speeie

597 1648 853 1722 corporis
876 1646 1095 1703 Christi
1120 1648 1425 1704 observare
1448 1646 1736 1704 nonnulla
1758 1649 1994 1721 praevie
2017 1647 2323 1722 oportebit.
2365 1646 2483 1704 Ubi
2508 1648 2702 1704 adhuc
2722 1650 3044 1722 superessent

594 1752 908 1808 traditione
958 1748 1303 1807 confirmata
1354 1752 1743 1822 monimenta,
1797 1750 1986 1808 veluti
2037 1754 2264 1807 statuae
2311 1756 2370 1807 et
2421 1752 2710 1825 imagines
2755 1770 2788 1807 e
2830 1752 2957 1808 vivo
2995 1753 3044 1805 ut

593 1854 941 1930 perhibetur
962 1854 1165 1925 factae,
1190 1886 1273 1894 —-—
1291 1854 1363 1911 V.
1382 1874 1439 1928 p.
1462 1858 1563 1910 50.
1582 1874 1643 1910 n.
1667 1858 1698 1911 ’ἲ
1707 1898 1722 1911 .
1737 1886 1822 1895 --
1835 1872 2112 1928 gemmae,
2139 1853 2494 1911 numismata
2509 1887 2594 1895 ——
2611 1874 2858 1932 quornm
2879 1858 3046 1911 tamen

594 1957 745 2015 nihil
792 1959 989 2015 minus
1032 1963 1135 2028 est,
1170 1977 1346 2034 quam
1385 1962 1603 2015 asserta
1630 1962 1910 2015 vetustas.
1957 1956 2028 2014 V.
2073 1956 2369 2028 Frehlioh,
2412 1960 2573 2015 Anu.
2621 1976 2805 2033 comp.
2850 1958 3044 2030 Regum

594 2062 821 2137 Syriae.
856 2060 1027 2117 vien.
1077 2064 1259 2117 1744.
1293 2080 1351 2135 p.
1388 2066 1488 2117 92.
1530 2063 1648 2118 tab.
1690 2060 1874 2118 XIX.
1909 2094 1991 2102 —
2022 2061 2253 2138 aliaque
2298 2062 2358 2117 id
2406 2080 2622 2135 genus,
2657 2061 2890 2119 Veteres
2915 2060 2969 2117 S.
2997 2060 3042 2115 S.

592 2166 793 2223 Patres
823 2169 883 2221 et
904 2164 1223 2239 Scriptores
1252 2164 1563 2221 nimirum:
1596 2164 1929 2222 s.Justinus
1957 2164 2061 2235 M„
2089 2163 2228 2222 dial.
2255 2183 2387 2222 cum
2417 2162 2644 2241 Tryph.
2671 2184 2732 2223 n.
2765 2170 2856 2222 14.
2881 2184 2933 2240 p.
2958 2167 3041 2220 53.

591 2288 653 2325 n.
710 2274 809 2326 88.
865 2287 921 2343 p.
980 2272 1122 2324 311.
1198 2266 1462 2324 Clemens
1513 2267 1710 2339 Alex„
1765 2268 2089 2342 Paedagog.
2143 2268 2277 2339 ΙΙΙ,
2333 2274 2388 2325 1.
2441 2288 2500 2344 p.
2559 2273 2706 2325 251.
2779 2268 3041 2341 Origenes,

591 2391 638 2430 c.
672 2372 901 2430 Celsum
943 2371 1052 2441 VI,
1107 2376 1205 2429 75.
1252 2371 1442 2443 XIX,
1494 2375 1639 2429 425.
1717 2371 2148 2443 Tertullianus,
2199 2372 2330 2430 adv.
2377 2372 2512 2429 Jud.
2561 2392 2622 2429 n.
2677 2376 2774 2429 14.
2821 2392 2875 2447 p.
2921 2375 3040 2427 3⁴27.

588 2497 634 2533 s.
682 2476 1041 2551 Cyprianus,
1090 2475 1131 2532 l.
1179 2475 1266 2533 ΙΙ.
1314 2480 1445 2533 test.
1492 2474 1680 2532 XIII.
1730 2496 1786 2550 p.
1837 2479 1938 2533 42.
2009 2496 2054 2533 s.
2101 2476 2504 2550 Augustinus,
2553 2495 2726 2533 serm.
2773 2475 2945 2532 XCV.
2987 2475 3043 2529 de

589 2581 783 2637 verbis
811 2580 1038 2653 Evang.
1085 2580 1270 2636 Marci
1306 2584 1362 2636 8.
1394 2599 1455 2636 n.
1498 2584 1555 2636 4.
1600 2598 1658 2653 p.
1693 2584 1837 2637 508.
1873 2584 2017 2637 509.
2079 2600 2124 2637 s.
2159 2578 2417 2655 Cyrillus
2454 2578 2575 2650 AL,
2615 2578 2958 2655 Glaphyror.
2993 2578 3044 2632 in

588 2682 775 2740 Exod.
810 2683 871 2754 I,
908 2688 966 2739 4.
998 2684 1087 2740 ed.
1120 2684 1321 2756 Migne
1352 2682 1437 2753 II,
1476 2687 1619 2739 395.
1667 2682 1976 2760 pluresque
2017 2683 2288 2759 subsequi
2331 2683 2631 2740 Christum
2671 2684 2846 2739 fuisse
2881 2682 3044 2756 specie

587 2806 703 2843 non
749 2786 1101 2844 excellenter
1142 2785 1407 2858 liberali,
1455 2785 1744 2863 vultuque
1785 2806 1902 2843 non
1949 2787 2262 2860 insigniter
2307 2786 2560 2859 eleganti
2607 2786 2880 2843 arbitrati
2907 2789 3040 2842 sunt.

590 2889 843 2967 Ideoque
881 2890 941 2946 S.
974 2890 1307 2964 Scripturas
1338 2888 1409 2945 V.
1444 2889 1509 2946 Τ.
1542 2889 1805 2959 oracula,
1855 2890 2005 2947 illud
2050 2892 2308 2947 maxime
2343 2890 2439 2947 ΡΒ.
2475 2893 2574 2960 44,
2613 2894 2672 2947 3.
2705 2923 2790 2931 -
2818 2890 2888 2947 ad
2914 2886 3042 2965 quod

586 3012 644 3050 v.
693 2992 948 3066 Agellii,
997 2993 1215 3049 Comm.
1264 2994 1330 3049 in
1349 2994 1468 3067 xPs.
1518 3012 1575 3068 p.
1626 2998 1773 3051 202.
1806 3026 1890 3034 --
1921 2994 1993 3050 ad
2046 2993 2440 3052 Divinitatem
2492 2994 2720 3068 potius,
2775 3012 2940 3071 quam
2983 2989 3042 3046 ad

586 3096 1015 3154 humanitatem
1060 3096 1407 3153 retulerunt.
1468 3096 1789 3154 Enimvero
1833 3096 1964 3172 plus
2009 3096 2130 3154 illis
2161 3098 2233 3154 ad
2263 3097 2666 3154 admirandam
2697 3104 2755 3155 et
2783 3113 3042 3154 commen-

586 3200 836 3258 dandam
878 3200 1272 3257 Divinitatem
1313 3200 1453 3257 Jesu
1498 3200 1719 3257 Christi
1764 3201 2044 3271 faciebat3
2099 3202 2254 3278 quod
2297 3200 2437 3259 vilis
2481 3200 2584 3258 ille
2637 3206 2698 3257 et
2747 3204 3042 3257 contemtus

585 3305 773 3374 home,
822 3302 977 3361 nihil
1020 3304 1239 3361 habens
1284 3303 1629 3361 adminiculi
1660 3305 1785 3361 sive
1825 3324 1898 3361 ex
1929 3306 2158 3378 generis
2197 3304 2485 3377 dignitate
2503 3347 2517 3374 ,
2565 3305 2692 3361 sive
2726 3324 2802 3361 ex
2843 3303 3040 3361 formae

586 3408 891 3476 industria,
924 3408 1199 3465 scientiae
1229 3407 1387 3464 fama
1414 3412 1473 3464 et
1502 3408 1726 3481 gratia:
1766 3414 1963 3465 tamen
1993 3409 2060 3464 in
2091 3413 2326 3465 tantum
2355 3406 2546 3465 nihilo
2575 3410 2762 3465 secius
2789 3405 3035 3471 valuerit,

584 3516 652 3568 ut
694 3513 1038 3567 immensam
1076 3512 1189 3567 sibi
1229 3512 1533 3568 hominum
1572 3512 1798 3586 copiam
1838 3512 2192 3582 devinxerit,
2229 3516 2530 3588 totumque
2561 3512 2798 3568 demum
2827 3510 3040 3566 univer-

582 3632 712 3671 sum
758 3618 879 3671 tam
920 3615 1248 3689 prodigiosa
1294 3615 1706 3672 reformatione
1757 3616 2128 3673 converterit.
2205 3615 2302 3672 Sic
2347 3616 2533 3689 igitur
2579 3614 2818 3672 Veteres
2859 3612 2941 3669 illi
2981 3611 3041 3665 de

583 3718 769 3792 specie
799 3716 1017 3774 Christ-i
1048 3724 1368 3788 senserunt,
1403 3718 1519 3775 rati
1550 3719 1610 3774 id
1641 3736 1760 3775 non
1791 3718 1856 3776 in
1885 3718 2106 3776 Christ-i
2137 3718 2570 3789 contumeliam,
2601 3719 2704 3775 sed
2733 3719 2800 3775 in
2826 3717 3040 3774 divinae

584 3823 777 3895 potius
807 3820 1107 3895 religionis
1136 3827 1549 3894 argumentum
1589 3823 1806 3879 cedere.
1867 3822 2266 3896 Reperiuntur
2305 3823 2548 3879 interim
2587 3823 2799 3891 etiam,
2831 3821 2926 3897 qui
2953 3834 3044 3891 pro

582 3925 835 3999 eleganti
873 3924 911 3981 J
914 3944 1015 3983 esu
1054 3926 1239 4000 specie
1284 3930 1529 3983 externa
1566 3932 1928 4001 pugnarunt.
1987 3925 2086 3983 Ita
2121 3946 2166 3983 s.
2198 3926 2237 3981 J
2237 3944 2452 3983 oannes
2491 3925 2948 4001 ChrysostomuS,
2987 3922 3044 3975 in

582 4030 795 4087 Matth.
828 4029 983 4085 hom.
1016 4028 1285 4098 XXVII,
1325 4034 1381 4085 2.
1407 4047 1465 4102 p.
1501 4034 1645 4085 328.
1708 4050 1754 4085 s.
1779 4029 2196 4104 Hieronymus,
2231 4034 2538 4086 comment.
2573 4030 2638 4085 in
2667 4028 2878 4085 Matth.
2911 4031 2961 4092 9,
2989 4028 3042 4079 9.

581 4152 638 4207 p.
674 4140 773 4190 50.
835 4152 880 4189 s.
912 4132 1261 4201 Bernartius,
1295 4132 1363 4189 in
1390 4132 1535 4189 festo
1576 4132 1644 4189 O.
1678 4132 1743 4189 O.
1777 4132 1836 4189 S.
1867 4132 1926 4189 S.
1959 4152 2129 4189 serm.
2161 4132 2213 4203 Ι,
2259 4137 2316 4189 4.
2365 4132 2454 4190 II.
2489 4134 2543 4202 b,
2581 4137 2639 4189 3.
2703 4130 3040 4205 Nicephorus

580 4235 825 4307 Callisti,
851 4236 1007 4293 Eccl.
1034 4235 1191 4292 Hist.
1218 4235 1267 4304 I,
1297 4240 1399 4293 40.
1425 4255 1481 4310 p.
1510 4241 1631 4307 86.,
1659 4238 1804 4313 quin
1834 4242 2034 4293 tamen
2063 4237 2192 4294 ideo
2228 4236 2482 4295 laudatis
2512 4234 2688 4310 paulo
2717 4240 2886 4293 antea
2909 4232 2960 4287 S.
2985 4230 3040 4285 S.

580 4338 855 4397 Patribus
913 4344 972 4396 et
1030 4338 1423 4413 Scriptoribus
1483 4357 1810 4413 repugnare
1867 4339 2137 4396 censendi
2196 4344 2352 4396 sunt.
2441 4338 2664 4411 Fulgor
2725 4340 2880 4395 enim
2933 4333 3042 4398 ille,

580 4443 848 4499 maiestas
876 4446 937 4499 et
964 4444 1173 4515 gratia,
1210 4461 1387 4518 quam
1416 4442 1481 4499 in
1512 4442 1731 4499 Christi
1761 4443 1908 4501 facie
1939 4442 2222 4500 reluxisse
2253 4443 2474 4513 dieunt,
2521 4442 2675 4499 nihil
2704 4461 2834 4499 cum
2863 4438 3049 4496 nativa

580 4544 695 4599 oris
724 4543 1181 4618 pulchritudine,
1216 4546 1285 4601 de
1314 4565 1431 4622 qua
1460 4547 1625 4603 nobis
1655 4566 1844 4603 sermo
1874 4553 1976 4617 est,
2009 4564 2314 4604 commune
2343 4546 2539 4602 habet.
2600 4546 2899 4620 Oppositas
2925 4561 3046 4596 sen-
