3267 5259
876 465 887 489 ‚
977 426 1022 468 s,
1042 426 1230 469 σηοω
1258 426 1291 469 f.
1320 426 1374 467 n.
1402 425 1583 477 eiusque
1610 425 1841 477 opinione.
2523 412 2646 477 491

168 624 239 665 se
272 600 685 687 aegritudine
716 601 1027 687 spirituali
1061 602 1321 687 gravari
1352 602 1651 685 sentiant,
1698 610 1960 665 utantur
1998 600 2432 682 confessione,
2481 622 2648 687 quae

168 714 501 780 sacerdoti
544 714 616 779 fit
638 718 677 780 ¹.
723 714 966 779 Mutuis
998 738 1067 780 se
1100 717 1324 780 iuvent
1369 714 1768 780 orationibus
1815 713 1901 779 ad
1947 712 2220 779 salutem
2265 715 2648 800 praesertim

168 831 432 893 animae
480 827 1028 914 consequendam.
1095 827 1427 908 Quantum
1480 828 1625 893 iusti
1671 827 1890 893 valeat
1933 827 2311 914 deprecatio
2359 825 2640 909 assidua,

168 942 517 1007 confirmat
560 939 863 1026 exemplo
908 940 1095 1005 Eliae
1115 942 1158 1005 2.
1209 940 1667 1006 Gratissimum
1701 964 1864 1027 opus
1912 962 2054 1004 esse
2089 939 2256 1022 Deo,
2305 940 2644 1025 cooperari

166 1056 233 1117 in
282 1055 714 1119 conversione
776 1056 1144 1140 iniquorum
1190 1054 1274 1117 ad
1322 1076 1499 1139 eum3
1562 1054 1741 1141 quod
1801 1055 1912 1139 qui
1955 1054 2114 1117 facit
2172 1052 2648 1117 multitudinem

166 1176 594 1253 peccatorum
642 1167 933 1251 alterius,
996 1170 1177 1232 cuius
1238 1169 1521 1232 animam
1584 1166 1819 1250 salvat,
1882 1168 2091 1252 operit
2107 1169 2148 1231 3.
2218 1165 2528 1230 Ceterum
2575 1162 2642 1229 S.

166 1280 408 1345 Jacobi
469 1282 549 1344 sit
605 1280 731 1345 hoc
792 1282 1101 1366 scriptum
1163 1303 1288 1345 nec
1346 1280 1480 1345 ne‘?
1544 1303 1630 1344 ex
1693 1288 2078 1365 argumento
2142 1280 2280 1343 eius
2341 1280 2645 1363 omnique

168 1396 423 1459 ratione
482 1392 659 1457 haud
711 1394 951 1475 minus,
1014 1415 1210 1479 quam
1272 1415 1356 1456 ex
1417 1394 1704 1457 externis
1763 1391 2260 1457 auctoritatibus
2309 1390 2647 1476 colligitur.

164 1506 272 1570 De
319 1508 525 1593 ipsius
570 1507 953 1570 auctoritate
1000 1506 1276 1569 Veteres
1322 1504 1668 1570 nonnullos
1715 1504 2046 1570 dubitasse
2093 1503 2422 1591 proditum
2469 1506 2642 1585 est43

164 1618 465 1705 plerique
494 1630 717 1683 tamen
748 1642 797 1683 s.
830 1619 904 1684 P.
926 1619 1002 1683 P.
1038 1630 1101 1683 et
1133 1618 1198 1684 S.
1225 1618 1305 1684 E.
1337 1622 1506 1684 inter
1537 1618 1904 1684 Canonicas
1937 1617 2304 1704 Scripturas
2337 1616 2645 1681 adnume-

164 1742 425 1815 rarunt,
472 1754 749 1818 eamque
796 1741 867 1796 ut
912 1731 1193 1797 divinam
1239 1732 1539 1797 Ecclesia
1582 1740 1934 1796 veneratur
1952 1735 1994 1794 5.

382 1925 423 1991 ¹)
459 1926 637 1975 Dictio
684 1922 1085 1994 ,,ἐξομολογεῖσθε
1130 1920 1362 1989 ἀλλήλοις
1407 1919 1467 1975 τὰ
1508 1923 1910 1993 παραπτώματαιῑ
1956 1926 2004 1987 5,
2043 1926 2124 1974 16.
2168 1940 2276 1973 non
2322 1924 2466 1973 favet
2503 1924 2640 1972 Aca-

166 2014 381 2065 tholicis
422 2017 705 2079 propterea
736 2013 1056 2078 negantibus
1094 2013 1582 2063 confessionem
1619 2011 2197 2075 sacramentalem3
2237 2011 2488 2077 quoniam
2513 2010 2648 2059 haee

166 2118 275 2151 non
325 2100 389 2151 fit
436 2102 605 2150 cuivis
655 2101 748 2152 sed
798 2100 1061 2151 sacerdoti
1109 2101 1397 2150 dumtaxat.
1457 2100 1623 2149 Juxta
1668 2100 1963 2149 subiectam
2009 2099 2283 2147 materiam
2331 2114 2371 2147 s.
2410 2097 2648 2148 Jacobus

166 2189 409 2253 loquitur
432 2188 501 2237 ad
536 2187 737 2251 fideles,
776 2192 835 2237 ut
859 2192 1071 2238 servent
1094 2186 1399 2238 mandatum
1423 2186 1619 2236 Joann.
1647 2188 1730 2249 20,
1757 2188 1840 2235 23.
1887 2184 2240 2235 conformiter
2269 2185 2338 2234 ad
2366 2184 2414 2233 h.
2439 2184 2474 2233 l.
2512 2184 2645 2246 vult,

166 2281 225 2326 ut
250 2275 610 2325 confiteantur
644 2275 884 2326 homines
921 2275 1221 2325 hominibus
1247 2289 1320 2325 sc.
1346 2274 1466 2338 illis,
1505 2274 1698 2339 quibus
1722 2280 1978 2339 tanquam
2003 2274 2106 2322 Dei
2131 2272 2383 2322 ministris
2409 2276 2646 2335 potestas

168 2362 488 2413 absolvendi
525 2361 725 2412 collata
760 2368 854 2411 est.
892 2362 1034 2411 Huic
1070 2362 1494 2427 interpretationi
1532 2360 1677 2409 favet
1713 2360 1754 2410 Ι.
1780 2361 1924 2409 Petri
1947 2361 1995 2423 4,
2025 2361 2104 2409 10.
2141 2358 2369 2408 Perinde
2405 2362 2486 2408 est
2519 2375 2568 2424 q.
2595 2356 2645 2407 d.

168 2450 497 2501 confitemini
533 2450 672 2499 inter
708 2464 807 2499 vos
844 2448 935 2499 alii
973 2448 1092 2498 aliis
1126 2454 1185 2499 ut
1231 2449 1423 2514 cuique
1470 2448 1743 2511 convenit3
1799 2448 1874 2495 ita
1919 2452 1980 2495 ut
2028 2448 2119 2513 qui
2163 2462 2270 2495 non
2326 2449 2649 2510 acceperunt

166 2541 492 2603 potestatem
540 2534 838 2586 remittendi
888 2536 1006 2586 aliis
1054 2540 1304 2601 peccata,
1356 2536 1432 2585 eis
1469 2532 1823 2584 confiteantur
1859 2535 1950 2599 qui
1987 2538 2337 2599 aeceperunt,
2375 2536 2428 2582 et
2463 2548 2647 2583 rursus

168 2625 259 2689 qui
296 2627 627 2688 acceperunt
664 2624 740 2672 eis
777 2622 1129 2672 confiteantur
1165 2624 1257 2688 qui
1292 2623 1417 2671 item
1456 2626 1794 2687 acceperunt.
1831 2620 2004 2686 Atque
2029 2622 2107 2671 ita
2131 2620 2346 2685 exponit
2371 2618 2647 2684 Origenes,

167 2712 221 2760 in
258 2712 487 2760 Levitic.
522 2710 661 2760 hom.
699 2710 769 2773 11,
808 2712 856 2760 4.
895 2714 929 2759 t.
966 2710 1061 2772 IX,
1102 2711 1218 2760 193.
1258 2715 1311 2759 et
1348 2709 1399 2759 S.
1425 2709 1621 2759 Joann.
1651 2707 2075 2773 chrysostomus,
2116 2707 2180 2757 de
2217 2707 2514 2757 sacerdotio
2550 2706 2650 2769 111,

168 2800 217 2848 6.
256 2798 342 2847 ed.
381 2797 599 2847 Lomler
621 2814 673 2862 p.
699 2798 783 2847 24.
833 2796 874 2863 ²)
912 2798 960 2859 5,
990 2798 1209 2847 14—18.
1261 2798 1301 2861 ³)
1338 2798 1384 2858 5,
1423 2798 1504 2845 19.
1541 2798 1624 2845 20.
1662 2796 1746 2845 Ex
1783 2794 1864 2844 his
1902 2800 2126 2860 apparet
2161 2792 2214 2843 S.
2252 2793 2515 2844 Jacobum
2553 2810 2648 2859 pro

168 2901 267 2936 sua
305 2886 507 2951 pietate
544 2898 853 2949 summaque
890 2883 1265 2946 sollicitudine,
1304 2900 1399 2946 per
1434 2889 1603 2934 totum
1643 2882 1902 2947 epistolae
1939 2886 2238 2931 contextum
2276 2882 2652 2931 saluberrimas

168 2972 569 3023 adhortationes
605 2972 911 3021 inseruisse.
961 2969 1239 3021 Scribendi
1274 2986 1467 3036 genere
1505 2969 1714 3035 quidem
1754 2970 1920 3019 utitur
1956 2984 2166 3034 graeco,
2205 2968 2299 3019 sed
2335 2968 2649 3019 hebraismis

166 3060 475 3125 frequenter
522 3059 702 3120 mixt0,
757 3056 1019 3123 dictisque
1068 3057 1320 3123 imprimis
1368 3062 1420 3105 et
1456 3058 1712 3123 exemplis
1761 3073 1790 3107 e
1826 3058 1890 3106 V.
1927 3057 1989 3106 Τ.
2027 3058 2205 3123 petitis
2254 3061 2456 3106 ornate.
2513 3056 2649 3105 Prae

168 3147 361 3197 ceteris
402 3144 719 3207 Salomonis,
755 3144 931 3194 Isaiae
968 3150 1023 3195 et
1056 3144 1425 3194 Ecclesiastici
1460 3144 1736 3194 volumina
1772 3150 1894 3194 ante
1933 3143 2117 3193 oculos
2151 3142 2402 3193 habuisse
2436 3142 2646 3192 videtur

171 3233 251 3283 Cf.
290 3232 355 3283 G.
392 3246 499 3282 van
535 3232 823 3294 Leeuwen‚
862 3232 1077 3297 specim.
1116 3248 1262 3297 exeg.
1300 3231 1373 3281 th.
1413 3231 1478 3281 de
1516 3232 1728 3297 poetica
1773 3231 2006 3281 dictione
2050 3232 2107 3279 in
2143 3246 2226 3295 ep.
2264 3228 2474 3280 Jacobi.
2513 3228 2648 3278 Tiel.

171 3324 322 3373 1855.
350 3337 404 3385 p.
430 3322 478 3369 4.
506 3336 548 3369 s.
596 3319 659 3369 A.
694 3318 863 3381 Boon,
903 3318 1028 3369 diss.
1068 3335 1216 3384 exeg.
1260 3318 1331 3368 th.
1380 3319 1443 3368 de
1481 3318 1676 3369 Jacobi
1722 3318 1980 3385 epistolae
2026 3332 2144 3367 cum
2195 3315 2467 3366 Siraeidae
2511 3316 2648 3365 libro

171 3408 565 3457 convenientia.
606 3405 859 3471 Groning.
900 3407 1050 3456 1860.
1086 3423 1136 3472 p.
1166 3408 1245 3455 13.
1272 3422 1313 3456 s.
1353 3405 1606 3456 Sermone
1657 3404 1789 3470 Syro
1827 3405 2050 3457 Judaeis
2097 3410 2224 3454 tunc
2269 3405 2463 3453 usitato
2511 3404 2648 3469 epis-

168 3494 331 3545 tolam
350 3494 491 3543 hanc
511 3494 762 3559 scriptam
783 3492 946 3543 fuisse
965 3492 1193 3543 affirmat
1204 3493 1398 3555 Faber,
1426 3492 1625 3559 prolus.
1657 3494 1711 3542 in
1739 3495 1890 3555 epist.
1916 3492 2109 3542 Jacobi
2136 3507 2201 3540 ex
2226 3489 2378 3555 Syro.
2417 3490 2649 3556 Coburgi

170 3582 319 3631 1771.
360 3580 469 3630 Sed
493 3580 645 3629 nulla
668 3586 821 3645 urget
852 3581 1159 3642 auctoritas,
1186 3579 1439 3646 nullaque
1466 3580 1754 3646 persuadet
1777 3582 1928 3642 ratio,
1956 3578 2008 3629 id
2035 3579 2101 3628 de
2127 3578 2355 3643 epistola
2387 3594 2429 3628 s.
2450 3577 2644 3628 Jacobi

168 3674 419 3729 statuere,
472 3666 617 3732 quod
667 3665 733 3716 de
781 3668 1077 3731 Evangelio
1128 3666 1180 3717 S.
1217 3667 1473 3717 Matthaei
1523 3673 1576 3716 et
1624 3666 1858 3733 epistola
1907 3666 1973 3715 ad
2023 3666 2300 3715 Hebraeos
2348 3666 2646 3715 statuimus.

170 3756 329 3805 Amat
354 3753 407 3803 S.
432 3752 673 3804 «Iacobus
706 3753 959 3805 adhibere
996 3756 1252 3819 imagines
1278 3770 1407 3804 sane
1432 3754 1700 3816 sublimes,
1738 3753 1956 3803 sormam
1994 3752 2204 3802 dicendi
2231 3753 2644 3817 grammaticam,

166 3843 390 3891 iteratas
426 3842 888 3906 interrogationes,
926 3839 1268 3905 anacolutha,
1304 3848 1358 3891 et
1402 3856 1559 3907 quam
1596 3844 1794 3891 vocant
1830 3839 2201 3889 antanaclasin
2236 3840 2271 3888 i.
2297 3854 2343 3888 e.
2380 3837 2645 3904 gradatio-

166 3944 305 3979 nem.
364 3930 405 3993 ⁴)
445 3926 525 3977 cf.
563 3928 787 3977 Eusebii
820 3928 889 3977 H.
926 3929 991 3978 E.
1029 3927 1099 3990 11,
1138 3930 1219 3977 23.
1258 3945 1308 3994 p.
1347 3929 1429 3977 66.
1468 3927 1521 3977 S.
1559 3926 1898 3991 Hieronymi,
1948 3925 2014 3975 de
2051 3926 2148 3975 vir.
2186 3925 2261 3974 ill.
2301 3941 2346 3975 c.
2385 3928 2432 3976 2.
2471 3943 2521 3992 p.
2561 3928 2644 3976 23.

170 4018 209 4079 ⁵)
258 4016 412 4077 Quae
462 4019 779 4080 argumenta
824 4016 1093 4065 contraria
1141 4019 1193 4065 et
1240 4014 1563 4064 authentiam
1618 4018 1672 4062 et
1725 4014 2038 4063 canonicam
2093 4011 2404 4077 dignitatem
2458 4012 2644 4063 harum

168 4103 443 4153 literarum
480 4108 769 4153 extenuare
808 4108 861 4153 et
895 4102 1185 4153 sollicitare
1220 4102 1490 4163 videntur,
1545 4116 1635 4151 eas
1675 4102 1848 4165 exigui
1885 4100 1972 4150 vel
2010 4099 2205 4150 nullius
2243 4101 2493 4150 momenti
2531 4115 2646 4150 esse

168 4196 433 4255 putamus.
502 4189 717 4252 Theile‚
764 4189 1067 4255 Theologus
1114 4188 1466 4251 acatholicus,
1520 4188 1555 4238 l.
1594 4206 1635 4239 s.
1677 4204 1721 4238 0.
1759 4188 1891 4253 prol.
1941 4204 1992 4253 p.
2031 4188 2114 4237 52.
2152 4187 2377 4237 candide
2422 4188 2648 4251 fatetur3

172 4278 307 4339 „Qui
342 4277 471 4327 inde
496 4291 531 4325 a
556 4292 699 4326 saec.
735 4277 875 4329 XVI.
916 4276 1172 4327 adversus
1210 4276 1489 4342 epistolam
1523 4282 1760 4327 nostram
1797 4277 1966 4342 magis
2012 4276 2252 4325 minusve
2287 4279 2646 4337 surrexerunt,

168 4364 329 4414 variis
366 4365 495 4414 moti
532 4368 659 4413 sunt
695 4365 895 4427 causis,
943 4379 1081 4429 quae
1127 4378 1309 4413 omnes
1358 4368 1501 4413 certe
1546 4363 1899 4429 praeiudicati
1945 4363 2064 4413 labe
2111 4366 2467 4429 premuntur.“
2529 4363 2650 4412 Hoc

168 4458 405 4517 tempore
442 4454 658 4517 praeter
694 4450 759 4501 de
793 4450 985 4513 Wette‚
1012 4451 1151 4501 Einl.
1178 4468 1229 4517 p.
1258 4452 1375 4499 372.
1403 4452 1537 4513 373.,
1578 4452 1668 4516 qui
1706 4454 1884 4500 tamen
1918 4451 2034 4515 ipse
2069 4467 2122 4516 p.
2160 4450 2278 4499 374.
2316 4450 2393 4500 ait
2427 4449 2648 4499 authen-

170 4540 325 4588 ticam
350 4539 465 4588 fere
501 4537 571 4587 ab
612 4537 856 4587 omnibus
884 4536 1093 4601 haberi,
1132 4538 1297 4588 dubia
1332 4544 1648 4600 moventem,
1687 4544 2002 4604 praeterque
2037 4537 2418 4603 hypercriticos
2445 4538 2645 4587 Tubin-

170 4640 355 4691 genses
380 4624 704 4689 Schwegler,
730 4624 955 4691 nachap.
983 4624 1190 4676 Zeitalt.
1216 4624 1257 4687 Ι,
1284 4628 1402 4675 414.
1433 4630 1485 4674 et
1514 4625 1674 4687 Baur,
1703 4625 1864 4675 Palus
1891 4641 1940 4690 p.
1968 4626 2085 4675 677.
2111 4639 2152 4674 s.
2181 4625 2297 4675 688.
2323 4640 2383 4687 s.,
2411 4624 2646 4691 dignitas
