3267 5259
1044 464 1265 506 reanum
1290 462 1456 506 christi
1491 462 1742 504 hebdomas.
2555 446 2639 513 89

202 638 267 703 ad
304 641 685 726 propositam
733 640 1185 725 quaestionem
1240 659 1693 724 responsurus,
1767 636 2126 722 Postquam
2183 634 2472 701 oblatum
2519 634 2642 701 sibi

204 752 491 815 denarium
516 756 533 795 ¹
566 753 1038 838 conspexisset,
1064 774 1149 815 ex
1180 753 1469 837 ipsorum
1493 750 1711 814 verbis
1733 748 1878 813 illos
1911 750 2326 813 convicturus
2357 750 2639 834 quaerit:

202 866 489 927 cuiusnam
536 874 709 929 esset
752 864 921 929 haec
966 865 1181 948 imago
1231 874 1295 927 et
1325 864 1682 949 inscriptio,
1715 871 1782 925 et
1815 860 2364 947 respondentibus
2402 859 2640 925 Caesa-

202 978 296 1055 ris;
342 1000 447 1040 sua
491 975 781 1059 Caesari,
826 998 947 1040 sua
988 977 1137 1041 Deo
1182 976 1524 1041 reddenda
1576 975 2052 1061 pronuntiavit!
2130 971 2278 1053 Quo
2323 994 2639 1059 responso

203 1088 397 1153 turbati
453 1088 756 1154 abierunt
770 1091 815 1152 ².
896 1088 1369 1154 Secedentibus
1431 1110 1471 1152 a
1521 1088 1688 1153 Jesu
1745 1086 2134 1169 Pharisaeis,
2190 1109 2268 1151 eo
2329 1086 2471 1172 ipso
2535 1085 2641 1151 die

204 1200 477 1265 Christum
517 1204 994 1287 interrogatum
1034 1204 1305 1266 veniunt
1345 1200 1718 1266 Sadducaei
1761 1200 2128 1265 obiectione
2171 1208 2400 1264 contra
2429 1222 2640 1264 resur-

202 1316 506 1379 rectionem
552 1316 736 1379 facta
752 1318 799 1379 ³.
860 1314 1234 1379 Delirantes
1280 1313 1323 1378 J
1328 1338 1475 1379 esus
1504 1313 1748 1379 retudit
1793 1312 2105 1378 convulso
2139 1314 2374 1377 erroris
2412 1312 2642 1376 funda-

202 1438 378 1491 mento
396 1430 439 1491 ⁴.
512 1426 923 1491 Sadducaeis
976 1430 1077 1491 vir
1128 1428 1328 1512 Legis
1387 1426 1724 1491 consultus
1779 1428 2122 1509 successit,
2171 1426 2642 1512 quaesivitque,

204 1540 483 1622 quodnam
528 1542 894 1603 maximum
954 1539 1203 1604 diceret
1248 1538 1542 1604 Christus
1586 1541 1652 1603 in
1697 1537 1882 1623 Lege
1927 1548 2374 1624 praeceptum.
2449 1536 2492 1601 J
2496 1560 2644 1602 esus

202 1662 573 1738 praeceptum
620 1655 865 1718 amoris
894 1653 1023 1717 Dei
1054 1662 1121 1717 et
1151 1654 1433 1738 proximi
1463 1654 1706 1738 primas
1751 1661 1976 1718 tenere
2009 1660 2230 1738 partes
2273 1651 2643 1737 respondit3

202 1765 251 1825 in
273 1764 380 1829 hoc
420 1765 731 1831 mandato
782 1768 1089 1849 omnium,
1131 1788 1299 1852 quae
1330 1768 1397 1830 in
1430 1766 1511 1831 V.
1546 1765 1621 1830 T.
1657 1765 1998 1848 habentur,
2043 1765 2262 1849 legum
2312 1764 2644 1829 cardinem

202 1880 347 1941 verti.
408 1877 861 1957 Quamobrem
900 1888 1000 1943 est
1044 1878 1129 1943 ab
1176 1878 1579 1944 auditoribus
1623 1878 1946 1943 laudatus.
2017 1876 2150 1942 Sed
2197 1898 2346 1941 cum
2393 1878 2647 1942 videret

202 1988 393 2053 multos
446 1991 843 2055 Pharisaeos
903 1990 1025 2055 sibi
1072 1991 1331 2056 adstare
1354 1996 1398 2073 ⁵,
1446 1990 1530 2056 ab
1593 1991 1982 2056 adversariis
2044 1992 2175 2055 suis
2220 1991 2647 2074 interrogavit

202 2100 263 2163 de
302 2101 569 2186 Christe,
620 2104 809 2169 cuius
854 2104 1022 2168 filius
1069 2105 1290 2169 esset?
1310 2108 1336 2148 ⁶
1391 2126 1587 2190 quam
1635 2103 1720 2168 ad
1769 2105 2218 2192 quaestionem
2263 2124 2346 2167 ne
2391 2102 2644 2167 hiscere

202 2213 417 2297 quidem
460 2227 791 2303 poterant.
862 2217 1065 2283 Gravi
1113 2228 1465 2304 eapropter
1508 2217 1734 2282 addita
1765 2240 2043 2282 censura
2062 2220 2104 2299 ⁷,
2144 2216 2643 2281 Pharisaeorum

202 2346 373 2390 mores
440 2338 503 2392 et
573 2330 915 2394 doctrinae
989 2332 1205 2416 capita
1270 2332 1675 2416 perstrinxit,
1747 2352 1990 2415 eosque
2069 2350 2219 2393 cum
2287 2328 2646 2415 sepulchris

202 2437 467 2507 dealbatis
500 2444 915 2529 comparavit
933 2449 975 2507 ὃ.
1043 2444 1185 2508 Nec
1228 2443 1504 2530 amplius
1535 2444 1867 2508 Pharisaei
1900 2452 2012 2507 aut
2041 2441 2411 2507 Sadducaei
2462 2441 2643 2527 quid-

202 2570 357 2634 quam
386 2553 464 2618 ab
498 2578 577 2620 eo
613 2576 933 2641 quaerere
966 2558 1105 2621 ausi
1138 2566 1305 2621 sunt.
1382 2556 1640 2622 Eodem
1672 2566 1967 2642 tempore
2003 2578 2152 2620 cum
2184 2554 2422 2619 sedens
2454 2554 2647 2619 Jesus

202 2664 251 2725 in
270 2664 517 2753 Templo
540 2670 566 2709 9
598 2668 985 2734 observaret
1018 2692 1151 2754 eos,
1179 2672 1287 2756 qui
1318 2679 1681 2757 posuerunt
1712 2692 1823 2734 aes
1854 2672 1920 2733 in
1951 2667 2494 2755 gazophylacium
2525 2666 2642 2731 hos

198 2774 331 2841 inter
356 2780 507 2844 vidit
538 2792 605 2846 et
628 2781 898 2847 viduam
930 2804 1311 2869 pauperem,
1346 2785 1527 2848 cuius
1550 2782 1859 2870 praetulit
1888 2781 2016 2846 duo
2043 2784 2291 2845 minuta
2315 2784 2363 2825 ¹⁰
2391 2781 2646 2866 magnis

204 2961 567 2976 —um—

370 3061 407 3125 ¹)
442 3062 733 3112 Nummum
770 3068 1096 3127 argenteum,
1124 3065 1275 3114 cuius
1302 3066 1529 3129 pretium
1566 3066 1776 3115 circiter
1800 3063 1934 3114 illud
1971 3063 2254 3114 drachmae
2279 3066 2312 3113 i.
2341 3080 2386 3113 e.
2413 3065 2646 3130 quinque

201 3158 454 3203 grossorum
491 3154 627 3199 erat.
696 3150 885 3215 Neque
920 3151 966 3199 is
1002 3154 1183 3199 tamen
1218 3150 1405 3201 modus
1441 3151 1644 3214 tributi,
1687 3153 1840 3215 quasi
1875 3152 2090 3201 unicum
2127 3156 2333 3200 tantum
2372 3150 2647 3200 denarium

200 3235 517 3300 unusquisque
542 3235 807 3299 solveret3
844 3235 939 3285 sed
962 3242 1209 3285 monetae
1244 3252 1441 3302 genus,
1476 3239 1533 3286 in
1570 3252 1680 3302 qua
1714 3238 1970 3288 tributum
2007 3239 2146 3302 exigi
2183 3238 2392 3288 solebat
2417 3236 2646 3307 indicat3

202 3321 435 3377 pecuniam
494 3337 777 3372 romanam
842 3323 1161 3372 auctoritate
1233 3322 1480 3373 Caesaris
1540 3338 1725 3375 cusam
1786 3326 2008 3389 eiusque
2076 3325 2306 3389 imagine
2367 3325 2646 3388 signatam,

202 3417 307 3465 quae
348 3408 551 3471 quidem
606 3408 841 3473 Augusti
886 3422 1060 3473 aeque
1102 3422 1168 3458 ac
1212 3409 1413 3459 Tiberii
1459 3424 1577 3461 esse
1621 3412 1812 3475 potuit.
1885 3409 1968 3460 cf.
2009 3410 2061 3459 J.
2104 3410 2168 3460 N.
2213 3409 2476 3471 Schulini,
2523 3406 2647 3460 diss.

201 3486 249 3535 de
282 3495 499 3543 numism.
544 3510 695 3545 cens.
738 3494 795 3543 in
836 3494 995 3544 Thes.
1038 3495 1125 3561 ph.
1168 3495 1241 3545 th.
1280 3512 1331 3561 p.
1378 3498 1494 3547 167.
1532 3512 1572 3546 ει.
1640 3497 1690 3546 J.
1735 3496 1798 3546 L.
1841 3496 2127 3558 Mosheim,
2173 3497 2288 3547 obs.
2325 3497 2381 3545 in
2418 3496 2539 3547 hist.
2579 3496 2644 3546 de

198 3588 369 3629 nummo
402 3596 611 3632 census.
675 3580 899 3632 Helma.
947 3583 1099 3632 1725,
1170 3582 1211 3647 ²)
1248 3582 1435 3632 Matth.
1471 3585 1554 3646 22,
1595 3585 1676 3634 15.
1731 3584 1896 3633 Marc.
1937 3584 2018 3646 12,
2060 3585 2141 3633 12.
2190 3583 2324 3633 Luc.
2363 3586 2445 3645 20,
2480 3586 2562 3633 20.
2603 3600 2645 3634 s.

201 3660 217 3691 ³
257 3662 557 3723 Quaestione
588 3668 657 3718 de
684 3673 888 3733 septem
914 3670 1148 3718 virorum
1184 3683 1351 3719 uxore
1386 3672 1678 3735 proposita,
1705 3672 1858 3721 cuius
1883 3686 1947 3720 ex
1979 3670 2307 3720 absurditate
2343 3672 2650 3736 mysterium

200 3756 559 3805 resurrectionis
618 3757 833 3821 egregie
888 3756 991 3806 sibi
1046 3755 1281 3806 refutare
1335 3756 1671 3807 videbantur.
1756 3758 1797 3821 ⁴)
1850 3756 1984 3819 Cum
2035 3762 2160 3823 post
2211 3760 2648 3807 resurrectionem

202 3833 255 3882 nil
305 3842 599 3904 nuptiarum
664 3842 1090 3903 contraheretur,
1158 3841 1253 3892 sed
1317 3842 1555 3892 homines
1616 3858 1799 3893 omnes
1860 3842 1992 3892 fiant
2048 3842 2372 3908 Angelorum
2434 3843 2647 3892 similes.

200 3918 351 3987 Neque
396 3927 755 3977 obiectionem
809 3928 971 3978 solvit
1016 3928 1201 3989 modo,
1256 3928 1353 3978 sed
1406 3935 1460 3978 et
1513 3931 1832 3979 anctoritate
1884 3928 2086 3995 Moysis
2141 3931 2294 3979 cuius
2349 3930 2648 3979 testimonio

202 4006 529 4076 abutebantur,
556 4014 887 4079 impietatem
912 4014 1095 4064 evellit
1124 4016 1441 4076 errantibus,
1466 4018 1543 4065 ita
1566 4020 1626 4065 ut
1651 4016 1867 4081 quidam
1892 4031 2073 4065 eorum
2105 4015 2356 4075 dicerent,
2394 4015 2651 4079 Magister

201 4090 305 4145 bene
353 4098 559 4151 locutus
614 4116 691 4150 es.
763 4100 951 4150 Matth.
1000 4104 1093 4163 22,
1142 4103 1227 4151 23.
1298 4102 1462 4151 Marc.
1509 4103 1600 4165 12,
1647 4104 1727 4153 18.
1799 4102 1931 4151 Luc.
1981 4104 2074 4164 20,
2119 4104 2202 4151 27.
2247 4118 2286 4151 s.
2363 4102 2403 4163 ⁵)
2463 4100 2650 4151 Facile

204 4178 357 4233 Christi
391 4202 709 4252 responsum
734 4187 804 4236 ab
830 4188 896 4237 iis
918 4188 1275 4253 improbatum
1313 4189 1428 4250 suit,
1457 4190 1584 4253 quia
1608 4189 1822 4239 sabbati
1851 4188 2037 4253 legem,
2065 4193 2160 4237 aut
2192 4188 2648 4237 circumcisionem

204 4266 268 4315 vel
296 4272 547 4323 sacrificia
590 4276 785 4323 ceteris
831 4274 1223 4339 praeferebant.
1284 4274 1325 4339 θ)
1365 4276 1485 4336 Qua
1521 4276 1834 4340 quaestione
1877 4274 2138 4324 innuebat
2173 4275 2307 4325 duas
2343 4275 2398 4323 in
2437 4289 2495 4323 se
2533 4290 2650 4326 esse

202 4358 394 4407 mmm.
454 4358 495 4425 ⁷)
535 4359 671 4409 Cum
710 4376 893 4409 eorum
929 4362 1187 4411 correctio
1227 4360 1511 4427 desperata
1546 4366 1706 4411 esset.
1767 4361 1809 4423 8)
1847 4360 2036 4411 Matth.
2072 4362 2155 4423 22,
2194 4362 2277 4411 41.
2315 4376 2359 4409 s.
2405 4362 2488 4423 23,
2529 4364 2573 4411 1.
2607 4378 2650 4412 s.

206 4434 332 4491 Mare.
366 4446 443 4505 12,
477 4448 563 4496 43.
613 4445 750 4495 Luc.
787 4448 879 4508 20,
913 4448 998 4495 41.
1048 4446 1129 4496 Cf.
1154 4447 1226 4496 M.
1252 4448 1304 4497 J.
1330 4447 1391 4497 G.
1416 4447 1812 4508 Rosteuscheri‚
1850 4447 1978 4498 diss.
2010 4446 2076 4496 de
2111 4464 2221 4513 sep.
2247 4448 2398 4498 calce
2434 4448 2648 4508 notatis,

204 4522 245 4572 iu
272 4527 411 4579 Thes.
434 4531 507 4581 th.
533 4532 623 4598 ph.
656 4549 711 4597 p.
751 4534 867 4582 170.
900 4548 945 4583 s.
1005 4533 1048 4597 ⁹)
1072 4534 1137 4582 V.
1166 4534 1233 4583 H.
1259 4534 1323 4582 V.
1348 4534 1412 4582 T.
1436 4550 1487 4598 p.
1516 4535 1633 4582 498.
1701 4532 1762 4599 ¹⁰)
1800 4526 1960 4583 Αεπτὰ
1981 4531 2086 4595 δύο,
2118 4550 2226 4585 non
2254 4534 2359 4583 duo
2397 4540 2647 4584 accurate

203 4612 391 4678 minuta,
435 4618 531 4667 sed
584 4618 797 4684 aliquot
850 4618 1135 4682 duntaxat,
1184 4635 1393 4686 semper
1436 4624 1613 4669 tamen
1659 4620 1932 4669 minimum
1980 4622 2256 4685 pecuniae.
2329 4621 2430 4670 Est
2473 4625 2650 4670 tamen
