3267 5259
1130 442 1315 485 nomina
1338 444 1445 485 Jesu
1472 442 1654 484 Christi.
2501 432 2628 495 209

199 618 473 675 Joanneum
522 616 615 675 τὸν
653 616 827 693 λόγον
870 622 1184 679 discrimen
1220 622 1562 691 intercedit3
1618 627 1688 681 ut
1723 623 1774 679 si
1821 623 2133 698 Apostolus
2176 622 2394 699 placita
2436 622 2626 698 philo-

200 724 329 798 sophi
374 722 526 780 illius
576 723 775 797 iudaei
828 728 1093 797 noverit,
1142 727 1206 783 in
1259 745 1456 783 omnes
1508 730 1704 801 partes
1755 723 1984 793 θετικῶς
2035 745 2128 783 eas
2173 727 2626 802 impugnavisse,

198 828 369 883 nedum
395 826 542 885 libro
572 848 677 885 suo
714 830 1006 905 excepisse
1051 832 1367 887 censendus
1412 833 1516 887 est.
1577 831 1664 886 At
1708 829 1962 886 nominis
2007 834 2388 903 regerunt
2432 834 2630 887 manet

194 931 486 1008 aequalitas.
562 932 677 989 Sed
720 936 901 990 etiam
950 934 1062 991 ista
1106 934 1433 991 accuratius
1478 934 1833 1006 investigata
1877 935 2186 991 evanescit.
2256 934 2490 990 Scilicet
2531 932 2630 990 vel

196 1034 413 1107 neglecta
439 1036 607 1108 gravi
638 1036 749 1093 hac
779 1036 1187 1111 discrepantia,
1220 1038 1372 1114 quod
1402 1058 1447 1094 s.
1472 1037 1688 1095 Joanni
1717 1036 2066 1111 simpliciter
2096 1032 2126 1091 ὁ
2155 1033 2356 1111 λόγος;
2389 1035 2628 1093 Philoni

192 1144 359 1195 eontra
402 1136 429 1193 ό
480 1135 653 1214 λόγος
706 1137 866 1214 θεοῦ,
922 1136 951 1194 ό
1002 1137 1151 1207 θεῖος
1201 1136 1375 1215 λόγος
1432 1138 1794 1215 adpellatur:
1857 1140 1916 1196 id
1978 1145 2278 1215 praeterea
2335 1142 2629 1196 neminem

194 1242 419 1301 Philonis
460 1243 632 1319 paulo
678 1263 928 1317 gnarum
972 1243 1162 1317 fugiet
1202 1238 1281 1317 τῷ
1326 1241 1457 1320 θείῳ
1505 1240 1664 1319 λόγῳ
1708 1262 1882 1318 penes
1933 1245 2144 1319 ipsum,
2192 1248 2262 1301 ut
2303 1243 2629 1319 plurimum

192 1348 533 1411 ‚rationis‘
572 1345 673 1403 vel
711 1346 1233 1417 ‚intellectus‘
1271 1346 1760 1421 significationem
1787 1348 2035 1404 subesse.
2082 1346 2226 1404 coll.
2247 1346 2286 1403 l.
2305 1347 2374 1403 de
2398 1348 2628 1421 profug.

196 1450 233 1513 Ι,
260 1456 387 1507 556.
414 1452 483 1507 de
510 1450 664 1507 conf.
696 1449 845 1523 ling.
878 1450 930 1521 1,
968 1455 1111 1507 427.
1144 1452 1215 1507 de
1244 1452 1403 1508 Mose
1432 1451 1473 1509 l.
1508 1450 1632 1508 III.
1666 1450 1754 1521 11,
1795 1454 1935 1507 155.
1995 1450 2179 1507 Porro
2223 1470 2339 1507 non
2383 1450 2628 1507 dubium

192 1560 279 1621 est,
320 1552 453 1629 quin
500 1552 846 1629 principalis
890 1574 1088 1611 sensus
1135 1554 1247 1629 ,τοῦ
1277 1551 1421 1610 θείου
1451 1550 1644 1629 λόγους
1690 1553 1846 1627 apud
1883 1552 2191 1610 Philonem
2221 1553 2508 1611 Judaeum
2552 1554 2633 1610 sit

194 1658 519 1721 ‚rationis
574 1658 761 1714 Dei.‘
829 1656 1029 1730 Igitur
1072 1662 1134 1715 et
1178 1677 1241 1714 re
1289 1662 1369 1725 ,et
1414 1652 1650 1714 nomine
1694 1676 1730 1714 a
1773 1656 2124 1713 Philoniano
2167 1648 2244 1729 τῷ
2297 1652 2430 1731 θείῳ
2472 1652 2631 1731 λόγῳ

192 1758 439 1817 Joanneus
478 1756 507 1815 ἑ
546 1756 723 1833 λόγος
762 1760 985 1819 differt.
1046 1761 1180 1831 Re,
1229 1766 1299 1819 ut
1340 1760 1443 1839 qui
1476 1756 1536 1815 ἐν
1566 1757 1736 1838 ἀρχῇ,
1783 1760 1824 1817 i.
1858 1779 1906 1816 e.
1940 1778 2016 1816 ex
2045 1762 2307 1830 aeterno,
2357 1756 2512 1833 ,πρὸς
2539 1756 2632 1814 τὸν

194 1858 309 1915 ‘isba‘
335 1896 413 1905 —-
440 1868 498 1920 et
541 1864 780 1940 quidem
810 1865 885 1921 ab
918 1884 981 1921 eo
1013 1865 1322 1922 distinctus
1339 1908 1354 1935 ,
1402 1865 1499 1921 sed
1544 1884 1664 1921 non
1709 1862 2070 1933 Divinitate,
2119 1865 2259 1939 quia
2303 1862 2460 1919 Deus
2505 1867 2634 1919 erat

194 1966 317 2021 idem
344 1967 609 2037 Verbum,
658 1968 813 2042 apud
858 1967 1031 2026 illum
1071 1968 1279 2037 Deum,
1325 1986 1499 2045 quem
1528 1968 1567 2023 J
1567 1968 1736 2025 udaei
1775 1966 1962 2025 solum
1991 1970 2360 2040 agnoverunt
2387 1997 2472 2006 —
2503 1963 2630 2033 θεός

196 2068 299 2137 fuit,
328 2089 423 2145 per
448 2090 619 2147 quem
652 2090 839 2128 unum
869 2074 1067 2129 omnia
1095 2090 1163 2129 ac
1191 2070 1427 2145 singula
1454 2071 1609 2129 facta
1636 2076 1806 2139 sunt3
1857 2090 1895 2127 n
1912 2088 1945 2127 o
1961 2071 2118 2126 min
2134 2089 2164 2125 e
2183 2113 2196 2139 ,
2237 2072 2438 2142 utpote
2468 2070 2632 2125 cuius

194 2172 495 2243 significatio
528 2174 789 2232 Verbum
819 2180 937 2243 est;
969 2175 1030 2231 id
1060 2176 1212 2252 quod
1258 2173 1483 2232 collatis
1520 2174 1831 2247 Evangelii
1864 2174 2048 2231 nostri
2092 2172 2232 2230 locis
2279 2190 2397 2229 non
2443 2176 2633 2247 potest

198 2276 247 2329 in
288 2277 513 2334 dubium
564 2278 786 2335 vocari.
861 2277 1361 2340 Quemadmodum
1413 2296 1549 2350 ergo
1598 2277 1692 2332 τοῦ
1727 2273 1914 2351 ,λόγου
1963 2276 2001 2332 J
2003 2278 2206 2333 oannis
2258 2283 2318 2335 et
2367 2275 2634 2333 Philonis

196 2380 549 2455 aequationem
578 2400 765 2459 usque
794 2400 885 2452 ec,
920 2387 990 2440 ut
1018 2381 1173 2439 nihil
1202 2381 1456 2456 amplius
1488 2380 1771 2455 supersit,
1805 2386 2005 2437 nostra
2033 2400 2064 2437 e
2095 2380 2407 2453 Theologia
2435 2384 2630 2439 exter-

197 2482 487 2541 minandam
544 2504 666 2542 esse
725 2504 1053 2554 censemus;
1124 2484 1211 2542 sic
1266 2487 1445 2543 etiam
1503 2484 1717 2541 diserte
1777 2503 2054 2557 negamus
2117 2484 2153 2540 J
2155 2502 2400 2541 oannem
2461 2478 2634 2557 λόγου

194 2586 495 2644 vocabulum
522 2608 599 2645 ex
630 2588 1095 2663 Paraphrasibus
1125 2587 1453 2647 Chaldaicis
1481 2589 1769 2645 sumsisse.
1831 2588 2066 2645 Placuit
2091 2588 2234 2645 haec
2261 2586 2458 2661 opinio
2487 2586 2542 2642 J.
2572 2584 2630 2642 J.

196 2686 385 2761 Lange,
436 2690 571 2747 diss.
626 2691 697 2747 de
750 2691 1028 2767 paraphr.
1082 2711 1193 2749 usu
1244 2692 1464 2763 insigni
1518 2691 1778 2748 antiiud.
1831 2692 1896 2747 in
1949 2690 2216 2748 doctrina
2263 2690 2334 2746 de
2391 2708 2636 2764 persona

194 2788 405 2864 Christi,
446 2795 753 2869 speciatim
796 2795 869 2851 de
910 2815 971 2853 v.
1018 2814 1165 2853 awo
1208 2814 1309 2851 seu
1340 2791 1514 2869 λόγῳ.
1575 2793 1716 2851 Hal.
1755 2792 1949 2866 Magd.
1991 2790 2042 2867 S.
2079 2798 2136 2849 2.
2175 2812 2221 2849 s.
2277 2792 2515 2863 Winer,
2564 2792 2634 2849 de

194 2892 451 2968 Onkeloso,
488 2916 545 2973 p.
572 2901 677 2955 44.
706 2918 755 2955 s.
788 2899 858 2955 de
888 2918 1013 2973 par.
1042 2898 1409 2968 Jonathanis,
1445 2917 1501 2972 p.
1538 2901 1639 2953 25.
1671 2916 1717 2953 s.
1777 2894 2022 2965 Reinke,
2056 2914 2219 2969 exeg.
2251 2897 2386 2953 crit.
2418 2894 2484 2952 in
2511 2895 2632 2953 Jes.

198 3000 275 3067 5⁶2,
309 3004 393 3057 13.
421 3021 467 3057 s.
498 3020 556 3076 p.
591 3004 739 3058 423.
769 3021 816 3057 s.
878 3000 1033 3058 Sam.
1072 3001 1341 3071 LuzattO,
1374 2999 1687 3057 Philoxen.
1730 2998 1906 3055 vind.
1943 3003 2128 3055 1830.
2161 3018 2220 3074 p.
2257 3003 2356 3057 13.
2417 2998 2633 3055 Hoele-

196 3118 367 3171 mann,
417 3104 485 3161 de
536 3104 767 3177 Evang.
818 3104 1031 3161 Joann.
1086 3105 1355 3161 introitu.
1426 3103 1587 3178 Lips.
1672 3107 1855 3160 1855.
1909 3121 1966 3177 p.
2027 3106 2126 3159 13.
2201 3101 2314 3159 Sed
2365 3102 2635 3179 quamvis

198 3203 409 3277 insignia
434 3208 719 3284 quaedam
749 3206 876 3265 loca
904 3206 971 3265 in
999 3205 1257 3281 Targum
1287 3212 1515 3264 exstare
1546 3206 1862 3264 videantur
1879 3250 1894 3275 ,
1937 3204 2042 3261 ubi
2070 3216 2132 3277 2⁷2]
2155 3216 2302 3279 &29³9
2332 3203 2635 3261 Chaldaeis

196 3306 567 3384 interpretibus
597 3316 659 3367 et
687 3312 884 3385 ipsum
906 3311 1097 3368 Deum
1127 3309 1435 3384 significet,
1463 3313 1523 3366 et
1543 3330 1579 3366 a
1601 3309 1724 3365 Deo
1748 3310 1913 3366 cuius
1943 3312 2029 3365 est
2056 3320 2168 3359 ww
2200 3308 2632 3380 distinguatur3

198 3426 277 3465 nee
302 3432 391 3469 nos
418 3413 753 3471 inficiemur
776 3415 841 3471 in
864 3416 939 3470 A.
964 3412 1031 3471 T.
1058 3414 1127 3469 de
1151 3410 1343 3491 μεσίτῃ
1367 3412 1570 3469 divino
1600 3407 2014 3487 θεολογούμενα
2041 3410 2400 3469 sufficienter
2422 3410 2632 3481 doceri,

198 3543 263 3551 -—
278 3514 343 3571 H.
360 3520 431 3573 A.
452 3516 517 3574 T.
536 3536 595 3593 p.
618 3522 763 3577 220.
780 3538 827 3574 s.
844 3536 903 3592 p.
924 3522 1067 3575 550.
1086 3538 1131 3573 S.
1149 3549 1234 3558 —
1252 3516 1579 3591 permoveri
1610 3520 1808 3571 tamen
1839 3534 1956 3571 non
1987 3534 2304 3589 possumus,
2337 3518 2406 3571 ut
2439 3514 2635 3571 creda-

199 3632 301 3673 mus
324 3620 407 3677 s.J
412 3640 659 3679 oannem
683 3622 809 3678 sive
834 3640 1043 3677 nomen
1064 3621 1191 3677 sive
1214 3640 1337 3677 rem
1361 3639 1396 3676 a
1418 3618 1824 3691 Targumistis,
1849 3637 2024 3694 penes
2047 3637 2188 3695 quos
2210 3637 2352 3675 vera
2372 3617 2639 3675 doctrina

200 3717 253 3772 de
278 3720 461 3779 Μαικία
489 3724 602 3781 Dei
634 3722 791 3783 Filio
822 3728 880 3780 et
908 3722 1205 3798 spirituali
1238 3724 1363 3779 eius
1386 3742 1564 3796 regno
1595 3724 1814 3779 dudum
1846 3728 2123 3797 corrupta
2151 3726 2277 3779 erat
2298 3726 2358 3777 et
2378 3720 2632 3795 explosa,

200 3831 463 3883 mutuasse.
523 3826 725 3899 Longe
754 3826 931 3884 altior
960 3826 1209 3901 impuris
1232 3826 1361 3883 istis
1390 3825 1603 3883 rivulis
1625 3831 1686 3883 et
1715 3825 1925 3882 certior
1954 3825 2082 3881 fons
2113 3823 2390 3899 Apostolo
2421 3825 2633 3899 patuit,

202 3922 343 3982 fuisse
369 3934 423 3985 et.
448 3949 565 3987 esse
594 3930 864 3989 divinam
909 3930 1075 3987 illam
1117 3926 1254 4005 πρὸς
1288 3926 1381 3985 τὀν
1419 3925 1543 3984 θεὸν
1574 3934 1848 3985 naturam
1885 3924 2258 3997 ἱνποστατικήν.
2317 3926 2637 3983 Enimvero

203 4026 257 4081 de
284 4031 363 4085 τοῦ
396 4028 561 4107 λόγου
591 4035 854 4091 adventu
883 4035 949 4091 in
979 4052 1230 4103 caruem,
1265 4052 1380 4110 quo
1408 4032 1782 4101 audiendum,
1817 4030 2192 4106 palpandum,
2231 4030 2546 4086 videndum
2578 4047 2638 4083 se

204 4135 447 4205 praebuit3
479 4136 666 4195 multo
688 4139 987 4195 uberiores
1010 4137 1450 4213 pellucidioresq
1458 4154 1527 4191 ue
1548 4135 1934 4209 scaturigines
1950 4133 2235 4205 Theologo
2253 4133 2634 4201 emicuerunt,

204 4250 341 4307 quam
368 4240 749 4315 interpretum
781 4240 855 4297 V.
880 4240 946 4297 T.
970 4240 1291 4316 opiniones,
1324 4240 1796 4297 ratiocinationes
1826 4242 1885 4294 et
1914 4235 2324 4295 conclusiones.
2371 4234 2440 4291 L.
2471 4222 2543 4291 Π.
2579 4233 2635 4290 (1.

206 4334 535 4400 Untersehied
566 4345 625 4401 d.
644 4344 831 4417 Logos
848 4344 985 4400 Ides
1001 4346 1055 4401 d.
1073 4344 1128 4401 J.
1148 4342 1321 4400 Philo
1344 4362 1403 4401 v.
1423 4344 1478 4400 d.
1498 4341 1684 4415 Logos
1714 4341 1816 4398 der
1845 4340 2244 4411 Offenbarung
2267 4358 2326 4395 n.
2351 4339 2408 4395 d.
2433 4338 2496 4394 h.
2521 4340 2636 4413 Ap.

206 4440 361 4499 u.Ev.
385 4444 707 4516 Johannes,
756 4448 821 4503 in
862 4446 926 4503 Z.
958 4448 1002 4503 f.
1036 4446 1193 4503 Phil.
1227 4466 1287 4502 u.
1318 4445 1483 4503 kat-h.
1517 4443 1717 4501 Theol.
1751 4442 1910 4501 Cobl.
1950 4447 2133 4499 1838.
2185 4440 2327 4498 VII.
2362 4445 2420 4511 4,
2458 4446 2558 4498 90.
2591 4461 2637 4498 s.

208 4539 263 4597 V.
282 4564 323 4601 e.
343 4546 547 4620 Theile,
573 4549 845 4606 Christus
874 4551 996 4605 und
1019 4548 1210 4619 Philo,
1244 4549 1309 4605 in
1340 4534 1587 4616 VVirmri,
1623 4568 1683 4603 n.
1702 4548 1811 4603 Kr.
1834 4544 2102 4603 Journal.
2136 4550 2318 4601 1829.
2343 4564 2402 4619 p.
2431 4550 2572 4603 385.
2592 4564 2638 4601 s.

288 4648 467 4697 nmo.
496 4654 611 4695 nist.
640 4654 943 4695 &velationis
970 4653 1159 4694 divinae.
1191 4654 1245 4693 11.
2267 4647 2332 4693 14
