3267 5259
590 457 675 522 92
1259 469 1376 512 nist.
1406 469 1513 511 Rev.
1542 468 1632 510 div.
1659 469 1714 511 Ἡ.
1743 469 1794 511 Τ.
1827 468 1993 511 Pei-iod.
2023 469 2058 510 1.
2078 479 2170 520 cap.
2201 469 2398 520 primum.

589 645 833 708 mitano
882 654 949 708 et
990 643 1119 709 fine
1164 641 1390 710 mundi
1434 665 1773 726 sermone,
1820 643 2015 708 Jesus
2059 642 2264 708 multa
2315 642 2558 709 intulit:
2620 641 2953 729 quomodo
3000 642 3074 706 ad

590 755 1004 822 tremendum
1050 757 1327 822 extremi
1372 755 1592 820 iudicii
1639 755 1815 820 diem
1859 779 1978 821 nos
2023 759 2402 843 praeparari
2448 757 2831 838 conveniat3
2883 755 3072 842 idque

591 880 731 934 tum
792 868 1111 956 exemplis
1172 880 1325 955 apte
1384 869 1738 955 propositis
1756 919 1773 952 ,
1833 881 1970 934 tum
2029 870 2227 934 etiam
2287 869 2544 934 duabus
2603 868 2938 955 parabolis
3005 867 3074 931 de.

594 980 826 1046 decem
868 981 1250 1068 virginibuS,
1298 991 1365 1046 et
1394 980 1477 1046 de
1518 981 1782 1046 homine
1827 1003 2105 1067 peregre
2151 981 2610 1068 proficiscente
2657 983 2958 1068 apposite
3001 979 3074 1044 ad

596 1094 1129 1181 persuadendum
1174 1097 1493 1179 recitatis,
1538 1096 1864 1181 praestitit
1887 1097 1925 1160 ¹.

796 1288 1046 1356 Diqressio
1079 1288 1139 1340 de
1172 1289 1327 1357 siffm's
1362 1289 1601 1342 adunatus
1624 1289 1836 1342 Domini
1868 1287 1938 1339 ad
1970 1287 2226 1340 iudicium.
2276 1288 2382 1348 Qui
2407 1287 2509 1337 hoc
2534 1287 2731 1338 Christi
2755 1287 3058 1336 vaticinium

595 1373 663 1424 ad
703 1379 912 1441 tempus
958 1374 1151 1424 excidii
1194 1375 1526 1425 ,Iudaeorum
1573 1374 1834 1438 referunt,
1874 1377 2136 1438 coguntur
2179 1378 2439 1425 statuere:
2487 1373 2676 1424 Jesum
2723 1373 3075 1424 locutionibus

599 1459 918 1527 quibusdam
952 1460 1312 1526 hyperbolicis
1348 1462 1492 1512 mala
1526 1463 1736 1512 insueta
1781 1459 2110 1526 significasse
2145 1460 2476 1511 ,Iudaeorum
2521 1462 2733 1511 ruinam
2781 1467 3074 1510 consecuta.

558 1561 569 1570 ’
603 1547 807 1596 Volunt
851 1547 1117 1598 Christum
1171 1548 1443 1600 docuisse:
1499 1553 1623 1615 post
1667 1548 1870 1598 deletas
1914 1547 2314 1613 Hierosolymas
2359 1547 2569 1598 infinita
2613 1547 2878 1597 malorum
2923 1548 3076 1596 series

591 1633 831 1684 Judaeos
866 1635 1105 1701 undique
1142 1635 1521 1701 apprehendet,
1560 1635 1696 1685 adeo
1733 1640 1795 1684 ut
1830 1639 1975 1685 astra
2011 1635 2148 1685 coeli
2186 1635 2359 1685 lucem
2395 1635 2502 1685 illis
2537 1650 2738 1701 negare
2775 1635 3074 1695 videantur,

590 1719 846 1786 illataque
897 1722 1137 1772 vindicta
1188 1722 1475 1773 Redemtor
1522 1724 1597 1772 ita
1641 1723 1962 1787 conspicuus
2017 1721 2132 1784 fiet,
2170 1727 2228 1771 ut
2262 1721 2350 1770 vel
2395 1722 2465 1772 ab
2511 1722 2694 1772 invitis
2752 1728 3076 1786 agnoscatur.

595 1807 707 1856 Nos
742 1813 921 1857 tamen
958 1808 1293 1859 inhaeremus
1332 1811 1628 1860 sententiae
1665 1825 1707 1858 s.
1744 1826 1786 1859 s.
1823 1808 1885 1858 P.
1923 1807 1982 1857 P.
2017 1814 2072 1858 et
2109 1807 2162 1858 S.
2194 1808 2277 1872 E„
2317 1809 2409 1874 qui
2446 1813 2710 1857 commata
2749 1806 2802 1857 S.
2829 1806 3076 1857 Matthaei

596 1896 679 1956 24,
694 1895 917 1944 27-36.
943 1893 1011 1944 ad
1032 1910 1335 1961 supremum
1362 1894 1547 1945 iudicii
1573 1895 1711 1945 diem
1739 1896 1974 1945 referunt
1999 1901 2054 1944 et
2076 1895 2290 1961 quidem
2315 1911 2477 1946 sensu
2495 1895 2728 1960 proprie.
2765 1894 2918 1944 Inter
2935 1895 3078 1958 signa

590 1981 852 2031 adventus
907 1979 1104 2031 Christi
1156 1987 1215 2031 ut
1272 1981 1464 2032 iudicis
1525 1982 1942 2032 concomitantia
2002 1987 2160 2032 erunt
2217 1983 2448 2033 siderum
2501 1982 2972 2040 commutationes,
3027 1987 3072 2029 et

590 2067 826 2135 ,,σημεῖον
853 2095 915 2104 -
943 2084 985 2117 κ.
1022 2083 1058 2116 ε.
1087 2095 1150 2104 ——
1178 2067 1263 2118 τοῦ
1309 2065 1415 2118 υἱοῦ
1460 2068 1545 2118 τοῦ
1588 2063 1844 2136 ἀνθρώπου
1904 2065 1950 2118 ἓν
1995 2071 2067 2136 τῷ
2115 2066 2358 2138 οὖρανῷ.“
2427 2068 2585 2130 Quod
2638 2084 2738 2134 per
2791 2067 3074 2133 particulas

590 2149 672 2202 καὶ
696 2149 803 2204 τότε
826 2155 1162 2219 restringitur
1186 2153 1255 2203 ad
1276 2159 1501 2219 tempus,
1528 2171 1648 2204 cum
1675 2156 1757 2205 sol
1787 2160 1842 2206 et
1864 2155 1995 2206 luna
2026 2161 2080 2206 ct
2105 2163 2251 2206 astra
2283 2171 2476 2206 casura
2499 2161 2624 2206 sunt
2649 2155 2715 2205 de
2743 2155 2896 2205 coelo
2923 2161 3074 2220 atque

590 2241 883 2292 obscurata
918 2241 1131 2291 fuerint.
1180 2242 1293 2290 Nec
1330 2241 1577 2291 obstante
1603 2257 1666 2291 eo
1693 2241 1836 2307 quod
1872 2248 2000 2292 tnnc
2035 2243 2134 2306 sol,
2162 2243 2292 2292 luna
2328 2247 2382 2291 et
2412 2243 2600 2292 stellae
2639 2242 3076 2301 obscurabantur,

591 2328 905 2393 apparebit,
941 2327 1227 2394 φανήσεται,
1266 2333 1325 2377 ιιι
1361 2329 1724 2394 conspiciatur
1761 2329 1865 2378 hoc
1911 2331 2135 2395 signum.
2196 2331 2268 2379 Et
2305 2345 2554 2394 expresse
2592 2346 2634 2379 s.
2661 2329 3079 2394 chrysostomus,

590 2416 646 2464 in
694 2414 881 2464 Matth.
915 2415 1054 2464 hom.
1092 2415 1341 2477 LXXVI,
1378 2417 1424 2464 3.
1462 2433 1511 2480 p.
1550 2417 1667 2465 736.
1712 2416 1830 2466 sole
1877 2415 2208 2482 splendidius
2257 2417 2386 2465 dicit
2429 2417 2604 2465 visum
2649 2417 2731 2464 iri.
2795 2415 3076 2482 Apparebit

596 2506 773 2551 autem
810 2503 866 2551 in
904 2502 1053 2551 coelo
1092 2503 1125 2550 i.
1152 2519 1199 2551 e.
1230 2503 1285 2551 in
1322 2516 1462 2565 aere,
1496 2505 1587 2568 qui
1624 2504 1680 2552 in
1717 2503 1768 2552 S.
1797 2503 1850 2553 S.
1876 2502 2166 2570 aliquando
2204 2508 2426 2553 vocatur
2465 2502 2690 2552 coelum.
2743 2501 2851 2551 Sed
2889 2515 3074 2567 operae

588 2589 817 2653 pretium
843 2588 957 2650 erit,
990 2593 1049 2636 ιιι
1074 2588 1345 2654 aliquanto
1370 2589 1605 2653 penitius
1642 2595 1951 2651 scrutemur,
1991 2589 2260 2655 quodnam
2297 2589 2428 2638 illud
2466 2589 2672 2654 signum
2711 2589 2948 2638 futurum
2977 2588 3074 2636 sit?

595 2673 861 2740 Signum
896 2680 1167 2725 sanctae
1204 2675 1433 2725 Crucis
1468 2677 1835 2741 appariturum
1871 2675 2326 2727 docent·Veteres.
2364 2677 2449 2725 Ita
2475 2693 2516 2726 s.
2543 2675 2891 2741 Hippolytus,
2918 2691 2993 2724 or.
3019 2675 3076 2722 de

594 2777 886 2812 consumm.
911 2761 1095 2812 mundi
1132 2777 1184 2812 n.
1210 2763 1293 2812 36.
1320 2761 1401 2811 ed.
1428 2761 1589 2812 Fabr.
1626 2763 1670 2823 1,
1697 2765 1781 2812 22.
1830 2762 2092 2828 Lag-arde,
2117 2779 2170 2828 p.
2199 2764 2316 2812 115.
2379 2761 2628 2822 „Orietur
2665 2762 2734 2811 ab
2776 2762 2976 2811 oriente
3014 2759 3076 2809 ad

593 2848 923 2898 occidentem
958 2864 1129 2914 usque
1166 2849 1373 2913 signum
1410 2850 1583 2900 crucis
1628 2850 1929 2914 superantis
1967 2848 2304 2914 splendorem
2349 2848 2533 2898 coeli.“
2597 2847 2842 2914 Scriptor
2875 2849 3076 2912 Evang.

596 2949 774 3000 apocr.
800 2934 1078 2984 Nicodemi
1117 2950 1161 2984 c.
1188 2937 1271 2984 24.
1300 2935 1381 2984 ed.
1408 2934 1774 2986 Tischendorf.
1809 2935 1878 2998 11,
1906 2937 1955 2986 8.
1989 2953 2042 3001 p.
2068 2937 2188 2987 308.
2215 2952 2256 2987 s.
2296 2935 2528 3001 cyrillus
2565 2934 2779 2996 hieros„
2817 2935 2933 2985 cat.
2969 2934 3076 2988 XV.

596 3022 681 3071 22.
715 3037 767 3086 p.
805 3022 924 3071 235.
962 3037 1003 3071 s.
1051 3021 1248 3072 Joann.
1285 3020 1711 3086 chrysostomus,
1748 3023 1805 3071 in
1843 3021 2050 3072 catena
2083 3021 2273 3073 Matth.
2299 3023 2358 3072 P.
2385 3023 2442 3072 P.
2472 3021 2561 3071 Gr.
2595 3022 2764 3071 XXX.
2803 3021 3078 3072 collectore

595 3107 787 3157 Niceta
832 3123 913 3172 ep.
962 3107 1100 3156 Serr.
1142 3108 1429 3173 interprete
1464 3107 1525 3156 Β.
1565 3107 1820 3158 Con-derio
1856 3107 1908 3157 S.
1946 3109 1998 3158 J.
2032 3108 2264 3159 Tolosae
2301 3110 2451 3160 1647.
2484 3125 2537 3174 p.
2577 3110 2692 3158 719.
2731 3125 2776 3159 s.
2829 3109 3076 3166 Hilarius

594 3210 781 3244 comm.
842 3195 897 3244 in
942 3194 1129 3244 Matth.
1174 3211 1218 3244 c.
1262 3197 1355 3258 26,
1402 3198 1447 3245 1.
1490 3212 1543 3260 p.
1593 3196 1709 3245 185.
1753 3211 1794 3246 s.
1862 3195 2248 3261 Hieronymus,
2295 3211 2480 3245 comm.
2525 3197 2577 3244 in
2625 3195 2819 3245 Matth.
2867 3213 2918 3260 p.
2966 3196 3078 3244 198.

591 3283 793 3332 Auctor
830 3297 983 3332 serm.
1023 3281 1087 3330 de
1127 3281 1298 3332 cruce
1336 3287 1389 3331 et
1423 3282 1676 3344 Latrone,
1715 3283 1769 3331 in
1807 3282 2036 3349 append.
2063 3281 2227 3332 Serm.
2256 3281 2308 3332 S.
2333 3283 2634 3348 Augustini,
2659 3299 2711 3331 n.
2742 3284 2860 3332 150.
2886 3299 2939 3347 p.
2962 3282 3076 3330 277.

589 3396 656 3404 -
676 3383 783 3418 non
821 3385 945 3434 crgo
983 3385 1025 3420 s.
1052 3367 1382 3434 Augustinus
1419 3373 1479 3418 ιιι
1512 3385 1609 3435 per
1646 3384 1876 3419 errorem
1913 3371 2044 3419 citat
2080 3368 2304 3435 Schegg,
2328 3370 2431 3418 Ev.
2456 3385 2508 3418 n.
2534 3367 2722 3418 Matth.
2747 3369 2849 3429 111,
2875 3369 2991 3416 272.
3015 3396 3074 3403 ——

590 3460 645 3504 et
679 3454 807 3504 ibid.
844 3469 999 3505 serm.
1036 3457 1119 3505 31.
1167 3454 1233 3504 de
1278 3459 1523 3520 serpente
1570 3469 1740 3504 aeneo
1785 3471 1838 3522 p.
1888 3457 1988 3518 65.,
2028 3471 2184 3521 quem
2221 3457 2361 3506 inter
2395 3455 2819 3522 Augustinianos
2857 3454 3076 3518 relique-

594 3546 719 3590 runt
762 3541 1157 3604 Lovanienses‚
1205 3542 1399 3606 spuriis
1444 3547 1834 3591 accensuerunt
1877 3541 2229 3592 Benedictini.
2299 3541 2755 3607 Theophylactus‚
2795 3542 2852 3590 in
2887 3539 3072 3589 Matth.

589 3630 673 3690 24,
700 3629 785 3678 30.
810 3645 861 3693 p.
890 3629 1007 3678 146.
1050 3628 1388 3694 Euthymins‚
1415 3629 1469 3677 in
1494 3627 1682 3677 Matth.
1711 3630 1793 3690 24,
1820 3631 1902 3678 30.
1929 3629 1970 3678 I.
1997 3631 2047 3691 2,
2073 3631 2190 3679 929.
2217 3629 2282 3679 V.
2318 3628 2482 3693 Beda,
2508 3630 2566 3677 in
2587 3627 2779 3678 Matth.
2807 3643 2889 3677 eir.
2915 3645 2965 3693 p.
2993 3629 3070 3676 71.

590 3847 783 3896 dicitur
826 3847 990 3908 scire,
1038 3849 1168 3911 quia
1212 3845 1686 3896 consubstantialis
1733 3847 1782 3894 ei
1831 3845 2025 3907 Filius,
2073 3861 2138 3896 ex
2183 3846 2300 3897 eius
2353 3851 2571 3907 natura,
2623 3860 2733 3912 qua
2786 3852 2868 3894 est
2921 3861 3076 3910 super

586 3934 821 3998 Angelos
858 3933 1022 3984 habet
1054 3939 1116 3982 ιιι
1150 3933 1253 3983 hoc
1288 3934 1439 3994 sciat,
1468 3931 1613 3999 quod
1649 3931 1840 3996 Angeli
1874 3933 2138 3997 ignorant.
2185 3932 2342 3983 Unde
2369 3937 2424 3982 et
2445 3931 2548 3982 hoc
2571 3931 2800 3998 intelligi
2825 3931 3071 3982 subtilius

588 4025 789 4087 potest:
829 4022 956 4086 quia
989 4021 1301 4070 incarnatus
1339 4019 1660 4084 Unigenitus
1693 4018 1976 4084 factusque
2000 4034 2096 4083 pro
2123 4019 2278 4070 nobis
2302 4019 2457 4069 homo
2490 4019 2777 4084 perfectus,
2803 4020 2860 4068 in
2884 4025 3072 4068 natura

586 4106 930 4158 humanitatis
967 4107 1179 4173 quidem
1216 4107 1367 4156 novit
1400 4105 1541 4155 diem
1576 4109 1631 4156 et
1665 4104 1852 4155 horam
1885 4104 2082 4167 iudicii,
2119 4105 2216 4156 sed
2250 4109 2426 4155 tamen
2459 4106 2602 4156 hunc
2636 4121 2744 4156 non
2782 4121 2848 4155 ex
2884 4110 3072 4154 natura

588 4195 711 4259 ipsa
750 4193 1099 4244 humanitatis
1134 4193 1301 4243 novit.
1348 4191 1503 4253 Quod
1542 4205 1670 4256 ergo
1707 4191 1762 4240 in
1799 4193 1918 4256 ipsa
1952 4192 2119 4252 novit,
2157 4207 2266 4241 non
2301 4207 2367 4241 ex
2402 4193 2522 4257 ipsa
2555 4192 2733 4256 novit3
2771 4193 2896 4258 quia
2929 4191 3076 4241 Deus

592 4279 747 4328 homo
792 4281 967 4330 factus
1012 4279 1151 4330 diem
1199 4283 1253 4329 et
1299 4279 1484 4329 horam
1529 4277 1716 4327 iudicii
1751 4293 1848 4343 per
1893 4277 2167 4328 deitatis
2209 4291 2341 4327 suae
2385 4279 2680 4343 potentiam
2725 4279 2919 4328 novit-⁶⁴
2995 4277 3074 4326 Ita

586 4361 741 4414 simul
780 4364 1024 4417 Christus
1073 4367 1435 4417 curiositatem
1478 4364 1858 4431 Apostolorum
1905 4379 2158 4414 coercens
2204 4362 2456 4425 affirmat,
2504 4363 2642 4414 haec
2691 4378 2888 4414 arcana
2930 4371 3070 4424 sunt,

590 4463 727 4514 quae
762 4453 855 4500 uni
892 4451 1011 4500 Deo
1048 4453 1263 4517 cognita
1299 4455 1596 4503 servantur.

802 4537 841 4599 ¹)
880 4537 1031 4597 Quae
1080 4539 1259 4594 omnia
1296 4538 1543 4588 distincte
1580 4537 1826 4589 tradunt:
1871 4536 2058 4588 Matth.
2095 4539 2188 4600 25,
2227 4539 2274 4587 1.
2308 4551 2350 4586 s.
2397 4535 2566 4587 Marc.
2603 4539 2698 4602 13,
2733 4538 2816 4587 33.
2851 4553 2892 4586 s.
2941 4536 3074 4585 Luc.

587 4623 671 4680 21,
708 4623 797 4670 34.
838 4638 881 4672 s.
