3267 5259
1145 449 1429 503 magonam
1458 462 1495 489 ι.
1516 450 1676 491 nuc-0.
1783 504 1808 517 Ο
2202 496 2220 509 ,
2533 438 2656 502 287

202 620 405 704 gelium
450 644 645 687 suum
695 622 997 687 edidisse.
1058 624 1429 689 Recurrunt
1473 626 1716 710 quippe
1765 646 1820 687 c.
1869 623 2044 709 apud
2091 648 2140 687 s.
2186 624 2438 688 Lucam
2479 616 2658 689 haud

204 756 413 817 pauca,
478 757 653 820 quae
718 736 917 799 effata
975 736 1163 801 huius
1223 736 1524 822 Apostoli
1569 738 1977 821 potissimum
2021 736 2342 819 referunt3
2405 748 2475 800 ut
2522 736 2658 801 diu-

202 855 361 909 turna
402 869 537 931 qua
580 848 805 911 Lucas
848 871 1002 911 usus
1050 848 1265 912 fuerat
1309 871 1358 912 s.
1391 847 1577 911 Pauli
1624 849 2028 912 consuetudo
2073 848 2158 911 ad
2197 858 2398 913 totam
2439 870 2658 912 rerum

204 970 577 1023 narratarum
622 958 911 1024 indolem
956 959 1133 1025 haud
1176 982 1411 1045 parum
1441 958 1724 1025 valuisse
1762 960 1992 1025 merito
2025 959 2345 1024 iudicetur
2365 963 2403 1025 ¹.
2449 960 2660 1023 Erant

206 1069 415 1135 Romae
468 1070 529 1135 d.
580 1072 962 1158 frequentes
1006 1081 1209 1137 testes
1255 1071 1493 1137 oculati
1542 1095 1788 1155 eorum,
1851 1094 2020 1157 quae
2070 1096 2110 1135 a
2155 1071 2410 1136 Christo
2473 1082 2660 1157 gesta

206 1192 349 1263 sunt3
404 1184 700 1269 inprimis
746 1208 905 1270 prae
954 1186 1205 1249 cunctis
1249 1184 1393 1249 talis
1439 1183 1780 1249 habendus
1832 1183 2148 1269 Princeps
2195 1183 2658 1270 Apostolorum

206 1318 245 1357 s.
281 1294 523 1377 Petrus,
573 1299 683 1381 qui
730 1320 779 1360 s.
826 1296 1081 1361 Lucam
1126 1320 1232 1362 res
1278 1296 1659 1361 scribendas
1705 1296 2126 1361 docuerunt‘2.
2201 1296 2311 1359 Ad
2355 1296 2658 1381 Evange-

208 1406 333 1470 lium
358 1408 589 1473 Lucae
638 1431 695 1473 e.
744 1432 1009 1495 quoque
1054 1412 1383 1495 respicere
1416 1410 1738 1495 epocham
1771 1410 2108 1473 Romanae
2154 1408 2658 1495 praedicationis

210 1516 261 1581 S.
303 1518 361 1583 S.
406 1520 876 1606 Apostolorum
940 1506 1117 1585 Petri
1183 1532 1249 1585 et
1305 1521 1489 1587 Pauli
1566 1521 1852 1586 affirmat
1909 1522 2384 1585 vetustissimus
2459 1531 2658 1605 atque

208 1629 583 1697 beatissimus
652 1632 1115 1718 Lugdunensis
1187 1634 1557 1719 Episcopus
1625 1658 1676 1698 S.
1729 1634 2078 1716 Irenaeus,
2155 1655 2437 1718 quocum
2505 1633 2663 1697 facit

206 1766 245 1804 s,
270 1744 680 1829 Augustinus.
700 1748 725 1789 ³
786 1745 875 1809 Ut
912 1768 1071 1811 vero
1116 1770 1165 1811 s.
1190 1746 1443 1811 Lucam
1475 1756 1625 1831 post
1655 1745 1718 1809 d.
1745 1746 2040 1811 Marcum
2059 1750 2082 1788 ⁴
2121 1747 2452 1830 scripsisse
2487 1744 2659 1809 dica·

206 1876 339 1939 mus,
382 1860 521 1943 ipse
554 1857 807 1943 flagitat
836 1858 1349 1944 Evangeliorum
1381 1858 1571 1939 orde,
1616 1880 1657 1922 a
1689 1879 1818 1943 quo
1851 1856 2320 1923 discedendum
2365 1880 2496 1921 non
2531 1867 2660 1939 est;

208 1966 389 2033 donec
432 1972 817 2054 gravissima
862 1980 1251 2056 argumenta
1296 1970 1708 2035 adducantur
1720 1974 1763 2033 ⁵.
1828 1968 1934 2034 Ob
1976 1992 2138 2055 quas
2167 1970 2422 2033 interim
2463 1990 2662 2033 causa

388 2165 423 2225 ¹)
479 2163 682 2214 Gravia
727 2165 865 2214 hanc
914 2167 969 2214 in
1016 2182 1124 2215 rem
1172 2166 1535 2231 suggessimus
1592 2182 1642 2229 p.
1690 2167 1804 2214 105.
1861 2179 1978 2213 cum
2025 2164 2318 2213 institutam
2368 2178 2402 2213 a
2450 2162 2660 2211 Christo

208 2248 545 2299 eucharistiam
596 2250 1033 2301 describeremus.
1108 2252 1208 2301 Cui
1258 2256 1569 2316 argumento
1608 2250 1817 2315 pondus
1861 2250 2078 2315 aliquod
2124 2249 2355 2311 accedit,
2405 2264 2508 2299 nec
2543 2248 2662 2297 leve

206 2334 331 2395 illud,
369 2338 503 2401 quod
526 2336 673 2386 hand
710 2352 917 2402 paucae
950 2344 1249 2399 occurrant,
1282 2352 1471 2387 voces:
1508 2353 1558 2385 v.
1586 2354 1635 2402 g.
1663 2332 1822 2405 χάρις,
1861 2332 2014 2396 ἔλεος,
2049 2334 2224 2397 πίστις,
2263 2352 2309 2385 e.
2335 2353 2377 2387 s.
2402 2352 2454 2401 p.
2481 2335 2659 2384 dicen-

208 2420 343 2485 dique
374 2422 595 2472 formae:
634 2438 775 2489 quae
812 2424 899 2473 vel
936 2426 1223 2489 praecipue
1253 2424 1543 2475 familiares
1578 2423 1865 2472 videantur
1902 2439 1943 2473 s.
1969 2422 2139 2471 Paulo
2179 2429 2232 2472 et
2268 2439 2308 2471 s.
2335 2423 2536 2481 Lucae,
2575 2421 2661 2471 vel

208 2514 391 2569 praeter
420 2514 705 2575 utrumqne
744 2512 955 2561 omnino
980 2528 1089 2561 non
1117 2512 1449 2577 reperiantur
1484 2511 1539 2559 in
1576 2510 1640 2559 N.
1668 2509 1729 2559 T.
1767 2509 2030 2575 Exempla
2065 2508 2216 2574 larga
2260 2524 2423 2558 manu
2469 2523 2660 2574 suppe-

208 2592 371 2645 ditabit
412 2595 691 2660 Gersdorf,
738 2598 987 2663 Beitriige
1036 2614 1130 2646 zur
1167 2596 1784 2663 Sprachcharakteristik
1837 2596 1929 2645 der
1967 2594 2343 2645 Schriststeller
2380 2595 2472 2645 des
2508 2596 2573 2645 N.
2599 2595 2661 2644 T.

210 2680 526 2747 Leipz.1816.
553 2684 596 2746 Ι,
631 2686 747 2733 160.
768 2700 810 2734 s.
860 2684 1014 2734 Unde
1052 2700 1159 2733 non
1196 2686 1311 2734 sine
1338 2684 1607 2749 elegantia
1644 2682 2023 2741 Tertullianus,
2061 2682 2184 2732 adv.
2209 2684 2466 2732 Marcion.
2492 2682 2584 2745 IV,
2613 2686 2660 2733 5.

208 2782 249 2829 p.
290 2771 391 2817 152.
460 2772 677 2832 „Lucae
732 2770 994 2835 digestum
1049 2770 1221 2821 Paulo
1278 2770 1582 2820 adscribere
1639 2770 1860 2819 solent.“
1941 2769 2083 2830 Quid
2137 2770 2280 2835 quod
2334 2786 2376 2819 s.
2419 2770 2661 2819 Joannes

211 2852 607 2919 chrysostomus,
656 2856 835 2907 homil.
872 2857 916 2920 Ι,
950 2862 997 2907 1.
1036 2859 1091 2907 in
1126 2858 1263 2907 Acta
1298 2856 1537 2923 Apostol.
1576 2874 1627 2923 p.
1655 2859 1704 2906 2.
1743 2857 2029 2905 arbitretur
2064 2872 2106 2907 s.
2132 2855 2356 2905 Paulum
2397 2873 2549 2919 „cum
2587 2858 2664 2906 ait

208 2942 460 2992 set-undum
514 2943 873 3009 Evangelium
928 2945 1070 3010 quod
1126 2946 1435 3010 accepistis,
1491 2944 1546 2993 11
1583 2943 1770 2993 Thess.
1809 2946 1858 3007 2,
1899 2946 1978 2994 13.
2033 2943 2098 2993 de
2148 2944 2330 2993 Lucae
2381 2944 2660 3009 evaugelio

210 3026 437 3095 loquitur3
482 3032 561 3080 ita
608 3036 668 3079 ut
718 3046 823 3080 non
874 3033 1203 3081 aberraverit
1248 3032 1292 3082 si
1338 3032 1457 3097 quis
1504 3031 1605 3097 ipsi
1653 3030 1754 3080 hoc
1803 3044 1938 3096 opus
1985 3030 2375 3096 adscripserit.“
2442 3031 2508 3080 In
2557 3046 2664 3096 qua

210 3118 439 3167 sententia
482 3118 705 3168 fuerunt
752 3119 911 3167 etiam
961 3118 1053 3167 alii
1104 3118 1320 3184 quidam
1369 3124 1507 3169 teste
1556 3132 1597 3167 s.
1631 3116 1990 3182 Hieronymo,
2038 3117 2104 3166 de
2150 3118 2278 3165 viris
2323 3116 2514 3167 illustr.
2553 3116 2588 3166 l.
2615 3134 2660 3167 c.

210 3202 421 3253 Attamen
456 3210 517 3253 ut
552 3206 801 3270 superius
836 3205 1121 3270 probatum
1153 3205 1412 3267 dedimus,
1449 3204 1740 3267 Apostolus
1777 3204 2088 3269 saepissime
2116 3203 2472 3267 Evangelium
2497 3204 2661 3253 nomi-

212 3294 299 3348 nat,
330 3290 420 3340 hac
456 3308 587 3341 voce
626 3290 815 3357 procul
852 3292 1014 3340 dubio
1048 3291 1179 3341 nihil
1216 3291 1363 3340 aliud
1400 3290 1723 3357 significans,
1763 3305 1922 3355 quam
1959 3289 2142 3340 divina
2179 3289 2372 3339 Christi
2412 3289 2662 3355 dogmata

213 3380 343 3439 atque
376 3378 631 3427 instituta.
690 3378 812 3427 Non
848 3379 1008 3443 igitur
1045 3382 1127 3427 est
1168 3378 1454 3427 verisimile
1492 3392 1533 3427 s.
1559 3377 1787 3427 Paulum
1825 3392 1870 3425 c.
1897 3376 1932 3425 l.
1973 3376 2036 3425 de
2075 3392 2116 3425 s.
2142 3377 2325 3426 Lucae
2362 3375 2660 3441 Evangelio

218 3459 430 3514 locutum.
488 3465 574 3514 Ex
620 3465 800 3515 verbis
838 3470 1015 3515 autem
1050 3464 1151 3514 Ev.
1188 3468 1235 3526 1,
1272 3467 1320 3515 3.
1368 3459 1535 3527 ,,ἔδοξε
1570 3458 1754 3531 adpo&
1791 3462 1986 3513 inferre
2023 3462 2185 3525 velle,
2235 3462 2379 3528 quod
2417 3479 2457 3512 s.
2484 3464 2660 3511 Lucas

214 3556 367 3610 sponte
402 3567 499 3601 sua
534 3551 591 3600 id
628 3553 806 3617 operis
842 3552 1139 3617 susceperit
1174 3556 1333 3616 atque
1360 3550 1666 3611 absolverit,
1705 3550 1842 3599 foret
1873 3549 2225 3599 temerarium.
2288 3549 2330 3614 2)
2369 3550 2544 3599 Huius
2581 3550 2658 3599 rei

214 3638 400 3702 vestigia
434 3654 541 3688 non
576 3654 755 3705 pauca
793 3643 1002 3689 exstant
1036 3639 1093 3687 in
1128 3638 1231 3687 hoc
1266 3637 1581 3703 Evangelia
1632 3636 1697 3685 E.
1723 3652 1775 3701 g.
1800 3636 1932 3685 Luc.
1958 3637 2008 3699 8,
2033 3638 2118 3686 45.
2159 3637 2207 3698 9,
2235 3638 2318 3687 31.
2345 3638 2428 3687 27.
2471 3638 2550 3697 12,
2577 3638 2660 3686 41.

216 3722 279 3779 22,
300 3722 339 3772 8.
363 3727 441 3776 33.
467 3727 551 3775 34.
577 3728 662 3775 39.
688 3726 773 3775 59.
845 3725 887 3789 ³)
930 3726 1042 3785 „Eo
1082 3725 1280 3790 quippe
1318 3730 1553 3789 tempore
1591 3724 1920 3787 scripserunt
1955 3723 2170 3773 Marcus
2210 3728 2262 3773 ct
2297 3723 2505 3785 Lucas,
2555 3740 2660 3788 quo

216 3820 297 3856 non
326 3810 483 3861 solum
510 3812 581 3861 ab
606 3811 857 3861 Ecclesia
894 3810 1090 3861 Christi
1128 3826 1311 3861 verum
1351 3812 1509 3860 ctiam
1546 3810 1614 3859 ab
1653 3810 1784 3874 ipsis
1822 3809 1996 3859 adhuc
2033 3812 2089 3859 in
2126 3824 2286 3859 carne
2323 3810 2661 3859 manentibus

216 3892 443 3958 Apostolis
478 3899 697 3963 probari
736 3902 1035 3963 poterunt.“
1100 3898 1182 3947 De
1220 3912 1367 3947 cons.
1400 3898 1607 3961 Evang.
1643 3895 1736 3959 IV,
1774 3899 1822 3947 8.
1849 3914 1899 3961 p.
1930 3897 2046 3946 155.
2117 3894 2160 3962 ⁴)
2199 3896 2279 3945 Cf.
2308 3896 2658 3945 Collationem

218 3982 339 4031 tuum
353 3984 767 4050 Evangeliorum
788 3998 823 4033 a
840 3984 1093 4047 J.Mi11io,
1114 3983 1197 4033 ed.
1212 3984 1277 4033 N.
1291 3984 1353 4033 T.
1372 3982 1505 4049 prol.
1522 3986 1571 4045 §-
1589 3984 1706 4033 116.
1721 4000 1771 4048 p.
1791 3985 1870 4033 14.
1887 4000 1927 4033 s.
1947 3987 2221 4043 tentatam,
2243 3983 2384 4032 unde
2403 3996 2444 4031 s.
2455 3982 2660 4031 Lucam

219 4074 310 4127 post
334 4086 373 4119 s.
396 4088 436 4121 s.
460 4071 793 4121 matthaeum
819 4076 873 4121 et
902 4072 1143 4121 Marcum
1170 4070 1445 4135 scripsisse
1474 4069 1712 4119 infertur.
1788 4069 1828 4134 ⁶)
1868 4069 2131 4133 Origines,
2169 4068 2312 4134 apud
2349 4068 2658 4128 Eusebium,

220 4150 323 4204 Hist.
341 4158 461 4208 cccl.
480 4159 572 4221 VI,
594 4160 679 4208 25.
703 4175 753 4223 p.
774 4160 890 4207 226.
916 4160 1022 4208 iam
1048 4158 1265 4207 saeculo
1290 4158 1446 4206 tertio
1472 4156 1538 4205 de
1560 4156 1857 4219 Evangelio
1876 4156 2057 4205 Lucae
2084 4156 2216 4205 dixit
2240 4152 2438 4221 „tpltov
2461 4148 2515 4203 τὸ
2540 4147 2663 4203 κατὰ

226 4238 393 4303 κυκᾶν,
432 4239 487 4294 τὸ
522 4240 615 4295 ὑπὸ
652 4242 851 4294 Παύλου
906 4240 1243 4311 ἐπαινούμενον
1288 4239 1630 4311 εὐαγγέλιονῑπ
1679 4242 1932 4307 additque
1979 4258 2036 4291 se
2081 4241 2220 4291 hanc
2263 4257 2372 4291 rem
2421 4256 2456 4290 a
2491 4242 2658 4290 Maio·

220 4326 334 4377 ribus
380 4331 661 4381 traditione
722 4333 1010 4397 accepisse.
1097 4330 1249 4391 Quae
1303 4330 1515 4395 quidem
1576 4330 1755 4380 omnia
1813 4328 2044 4389 faciunt,
2105 4332 2166 4376 ut
2218 4327 2572 4392 Evangelium
2627 4342 2661 4377 a

222 4422 253 4457 υ.
269 4412 393 4465 Luca
416 4420 771 4468 existimemus
796 4419 993 4467 Romae
1022 4418 1395 4482 conscriptum,
1432 4420 1714 4481 postquam
1741 4421 1934 4465 cuncta
1959 4414 2366 4475 considerasset,
2403 4416 2660 4480 inspexis-

224 4506 369 4565 *etque
390 4502 532 4569 loca3
572 4510 627 4556 et
651 4504 966 4554 contulisset
994 4519 1289 4553 sermonem
1317 4519 1436 4552 cum
1462 4504 1542 4564 iis,
1582 4504 1670 4567 qui
1703 4502 1772 4551 ab
1798 4502 1947 4551 initio
1973 4502 2077 4566 ipsi
2101 4500 2362 4550 viderant.
2414 4500 2660 4551 Ceterum

222 4600 301 4647 quo
321 4592 509 4653 precise
535 4606 681 4641 anno
706 4590 1057 4656 Evangelium
1084 4604 1237 4639 suum
1264 4590 1443 4640 Lucas
1475 4591 1676 4653 scripto
1705 4587 1958 4651 vulgavit,
1989 4589 2044 4637 in
2069 4590 2272 4637 incerto
2304 4594 2388 4637 est
2411 4590 2660 4654 positum.
