3267 5259
1149 467 1434 510 chronotaxis
1460 469 1737 520 Evangelia.
2462 460 2690 510 XXXIX

200 647 562 706 elucidandae
609 650 1034 722 incumbimus,
1091 668 1208 707 non
1257 655 1530 709 versatur
1573 652 1727 710 circa
1756 653 1973 711 collata
2017 654 2345 727 insignia
2391 655 2689 714 Procon-

197 752 496 824 sularia;
539 755 644 810 sed
695 773 778 812 an
807 755 1027 830 epocha
1054 755 1282 814 fuerint
1325 755 1558 832 imperii
1607 755 1929 816 Tiberiani.
1992 759 2111 816 Hic
2140 777 2279 818 vero
2326 777 2377 815 α.
2423 761 2688 818 animad-

197 859 532 916 vertendum
576 865 670 916 est
719 858 1131 935 proconsulare
1179 861 1494 935 imperium
1541 881 1730 940 neque
1760 881 2071 934 summum,
2124 882 2312 940 neque
2342 873 2690 940 perpetuum

195 963 376 1034 fuisse,
426 962 770 1042 multosque
803 963 1272 1038 proconsularem
1302 964 1655 1038 dignitatem
1686 966 1837 1024 citra
1866 968 2183 1043 imperium
2214 967 2482 1042 adeptos3
2532 971 2688 1026 unde

196 1067 567 1124 Germanicus
616 1068 808 1127 Drusi
857 1068 1032 1140 filius,
1082 1088 1438 1147 quamquam
1485 1071 1793 1147 adoptatus
1839 1092 1875 1128 a
1913 1071 2150 1130 Tiberio
2198 1092 2502 1152 nunquam
2552 1093 2689 1132 vere

195 1173 500 1248 imperator
544 1173 692 1246 fuit,
745 1192 932 1252 neque
977 1174 1135 1230 inter
1179 1175 1560 1249 imperatores
1610 1176 1897 1244 refertur;
1945 1183 2005 1234 et
2034 1176 2177 1234 huic
2205 1185 2403 1236 tamen
2444 1197 2685 1253 procon-

193 1276 370 1335 sulare
399 1279 733 1352 imperium
764 1278 999 1336 Tiberio
1029 1278 1364 1354 postulante
1392 1279 1641 1338 Senatus
1672 1279 1964 1339 detulerat
1996 1279 2031 1339 ¹.
2092 1281 2249 1355 Ergo
2280 1283 2689 1357 proconsulare

195 1383 497 1456 imperium
527 1382 780 1442 Tiberio
821 1385 894 1442 ab
930 1387 1193 1457 Augusto
1233 1383 1494 1442 delatum
1531 1386 1913 1456 sententiam,
1963 1405 2081 1464 qua
2108 1387 2396 1446 sumitur:
2444 1387 2689 1445 initium

195 1488 560 1562 computandi
594 1489 828 1546 factum
859 1509 894 1546 a
925 1487 1246 1546 tribunicia
1278 1489 1500 1547 Tiberii
1540 1495 1843 1565 potestate,
1892 1493 2133 1548 minime
2163 1493 2351 1550 iuvat.
2416 1487 2467 1562 β.
2500 1492 2688 1549 Nemo

193 1611 414 1667 prorsus
469 1592 764 1651 Veterum
815 1614 850 1652 a
901 1593 1314 1671 qualicumque
1359 1594 1470 1652 hac
1522 1596 1975 1672 participatione
2026 1615 2331 1672 supremae
2385 1598 2687 1672 potestatis

195 1715 364 1754 annos
411 1697 646 1755 Tiberii
705 1698 1030 1766 recensuit3
1085 1718 1254 1756 nemo
1306 1698 1468 1758 ultra
1513 1701 1735 1774 viginti
1788 1705 1905 1758 tres
1956 1719 2138 1758 annos
2192 1703 2507 1778 imperium
2562 1703 2688 1758 eius

194 1803 468 1860 extendit.
559 1807 618 1859 A
675 1807 866 1860 morte
919 1805 1174 1877 Augusti
1229 1809 1510 1882 tanquam
1565 1804 1805 1880 propria
1856 1807 2075 1881 epocha
2127 1825 2324 1863 omnes
2378 1805 2581 1864 Latini
2631 1811 2691 1864 et

195 1905 388 1964 Graeci
421 1906 844 1965 Historiarum
875 1907 1272 1966 Romanarum
1318 1910 1627 1985 scriptores
1677 1929 1859 1968 annos
1890 1909 2113 1968 Tiberii
2159 1917 2625 1970 numeraverunt
2644 1907 2687 1968 ².

195 2010 359 2068 Hisce
389 2013 758 2070 testimoniis
802 2013 1177 2072 consentiunt
1205 2019 1439 2072 vetusta
1468 2015 1859 2087 monimenta,
1904 2035 2055 2092 quae
2084 2015 2317 2088 signata
2346 2022 2487 2074 sunt
2516 2017 2687 2072 annis

194 2113 434 2187 Tiberii;
495 2127 557 2175 et
609 2117 791 2193 prisci
839 2119 1067 2176 nummi
1095 2115 1135 2188 3,
1192 2120 1294 2196 qui
1326 2120 1400 2176 ad
1431 2119 1719 2178 decimam
1766 2125 1993 2177 sextam
2041 2120 2425 2178 tribuniciam
2464 2119 2689 2177 Tiberii

193 2227 562 2295 potestatem,
641 2241 758 2300 qua
818 2228 1079 2281 mortuus
1137 2229 1226 2282 est
1283 2227 1614 2299 Augustus,
1688 2224 1993 2282 Tiberium
2058 2227 2311 2299 Augusti
2370 2223 2563 2282 filium
2623 2243 2690 2282 ac

193 2324 450 2402 deinceps
491 2329 682 2385 etiam
727 2331 1060 2401 Augustum
1103 2327 1402 2404 adpellant
1427 2327 1472 2387 ⁴¹.
1527 2348 1580 2404 γ.
1629 2333 1895 2404 Augusto
1939 2332 2179 2389 vivente
2220 2331 2361 2388 duos
2400 2330 2579 2388 fnisse
2623 2330 2689 2386 in

194 2429 336 2488 Orbe
385 2430 657 2490 Romano
703 2433 1078 2508 imperatores
1121 2432 1322 2492 nullus
1353 2439 1522 2492 vetus
1566 2435 1818 2510 scriptor
1863 2435 2065 2506 tradit,
2114 2435 2233 2492 imo
2264 2434 2471 2493 Aelius
2513 2433 2688 2509 Spar-

197 2537 396 2606 tianus,
431 2542 724 2596 testatur:
769 2540 1037 2596 Annium
1069 2538 1292 2596 Verum
1324 2545 1384 2596 et
1411 2539 1680 2596 Marcum
1714 2541 2086 2597 Antoninum
2116 2540 2335 2615 primos
2367 2555 2521 2596 esse:
2566 2538 2689 2615 ,qui

196 2647 381 2714 postea
424 2643 546 2700 duo
594 2642 820 2718 pariter
869 2644 1121 2718 Augusti
1177 2643 1600 2720 rempublicam
1653 2646 2131 2718 gubernaverunt
2151 2643 2214 2700 ⁵.‘
2299 2643 2449 2702 Tum
2500 2643 2689 2716 igitur

196 2745 442 2819 primum
491 2766 810 2805 romanum
855 2749 1169 2824 imperium
1216 2750 1357 2807 duos
1409 2753 1701 2823 Augustos
1744 2750 1961 2806 habere
2007 2750 2197 2824 eoepit
2217 2747 2259 2806 ⁶.
2335 2748 2501 2811 Quod
2548 2767 2688 2806 vero

193 2916 286 2980 ipsi
313 2945 375 2954 —-
401 2917 627 2969 decreto
663 2919 998 2985 complexum
1035 2937 1170 2970 esse.
1235 2921 1293 2971 C.
1334 2919 1636 2983 Svetonius,
1676 2921 1873 2987 Tranq.
1910 2921 2088 2971 Tiber.
2126 2923 2209 2971 21.
2247 2921 2329 2970 ed.
2368 2921 2455 2970 cit.
2492 2921 2562 2982 11,
2603 2923 2685 2971 47.

193 3005 366 3055 scribit
409 3004 592 3071 legem
639 3022 734 3072 per
779 3005 1039 3058 Consules
1085 3007 1245 3058 latam
1292 3008 1459 3059 fuisse
1509 3014 1600 3069 „ut
1648 3009 1949 3072 provincias
2000 3023 2119 3057 cum
2165 3009 2406 3073 Augusto
2456 3021 2685 3057 commu·

193 3091 318 3140 niter
349 3092 776 3156 administraret,
814 3094 1078 3160 simulque
1115 3110 1336 3147 censum
1371 3089 1602 3160 ageret.“
1671 3095 1811 3144 Hinc
1849 3101 1908 3144 ut
1944 3095 2176 3160 loquitur
2210 3095 2456 3158 Tacitus,
2494 3094 2685 3145 Annal.

193 3177 232 3239 1,
249 3181 296 3228 3.
321 3181 403 3230 ed.
430 3179 612 3231 Oxou.
632 3183 739 3243 1,2.
780 3179 967 3244 „fllius‚
1004 3181 1212 3248 collega
1234 3183 1458 3248 imperii,
1495 3197 1716 3232 consors
1738 3182 2057 3232 tribuniciae
2082 3183 2359 3248 potestatis
2388 3181 2685 3232 adsumitur

195 3269 492 3334 somnisque
538 3283 633 3334 per
667 3271 928 3320 exercitus
959 3273 1306 3320 ostentatur.“
1359 3269 1530 3330 Quam
1557 3284 1767 3319 omnem
1792 3283 1918 3331 rem,
1955 3274 2141 3334 utpote
2166 3281 2305 3334 quae
2341 3267 2505 3334 paulo
2541 3268 2687 3318 facta

195 3353 288 3404 fuit
319 3362 444 3406 ante
479 3355 574 3406 vel
609 3361 732 3421 post
753 3357 956 3407 Tiberii
992 3357 1058 3406 de
1087 3355 1351 3406 Dalmatis
1389 3362 1444 3406 et
1477 3355 1773 3406 Pannoniis
1809 3354 2147 3421 triumphum,
2186 3356 2278 3420 qui
2309 3383 2367 3392 -
2388 3355 2681 3406 secundum

195 3440 351 3492 fastos
388 3444 610 3494 Veri-ios
647 3443 892 3494 biudatos
929 3443 1070 3509 apud
1105 3443 1158 3492 J.
1197 3442 1534 3504 Eckhelium‚
1571 3442 1728 3492 Doct.
1756 3442 1910 3493 Num.
1938 3441 2053 3492 Vct.
2080 3442 2308 3492 vindob.
2338 3444 2489 3492 1796.
2526 3442 2585 3492 Ρ.
2612 3442 2683 3492 11.

197 3527 290 3589 vl,
331 3530 445 3580 186.
489 3557 556 3567 -
596 3545 644 3580 a.
683 3530 732 3582 d.
771 3530 940 3581 XVII.
979 3529 1098 3580 Kal.
1137 3530 1295 3581 Febr.
1335 3545 1383 3579 a.
1420 3529 1488 3580 U.
1527 3528 1585 3578 C.
1627 3529 1743 3578 765.
1790 3533 1941 3579 actus
1990 3544 2107 3578 esse
2155 3527 2388 3593 videtui-3
2440 3526 2524 3578 vel
2562 3528 2687 3578 huie

199 3627 348 3679 anno,
387 3617 474 3668 vel
515 3619 564 3668 ei
603 3618 692 3683 qui
731 3619 1026 3684 praecessit
1063 3619 1178 3668 764.
1217 3618 1510 3682 assignant.

399 3705 438 3770 ¹)
481 3703 568 3756 cf.
592 3705 784 3766 Taciti,
819 3703 1008 3754 Annal.
1033 3703 1104 3765 11,
1131 3706 1216 3754 42.
1242 3721 1284 3754 s.
1321 3721 1373 3770 p.
1399 3704 1484 3754 67.
1511 3720 1552 3753 s.
1615 3701 1659 3766 2)
1700 3701 1895 3766 „Obiit
1920 3703 2096 3769 inquit
2125 3701 2427 3764 Svetonius,
2466 3701 2499 3752 l.
2528 3719 2571 3752 c.
2601 3703 2683 3752 73.

199 3805 246 3853 p.
269 3791 351 3841 57.
387 3793 446 3842 in
472 3790 603 3843 villa
626 3790 965 3853 Luculliana,
1003 3795 1192 3842 octavo
1231 3796 1285 3841 et
1319 3791 1713 3857 septuagesimo
1752 3791 1941 3841 aetatis
1978 3803 2138 3852 anno,
2174 3790 2329 3840 tertio
2357 3795 2409 3840 et
2432 3791 2687 3856 vigesimo

201 3876 444 3944 imperii.“
511 3878 731 3930 Tacitus
782 3881 890 3940 „rei
943 3879 1216 3930 Romanae
1253 3879 1526 3929 arbitrium
1577 3878 1747 3928 tribus
1783 3877 1949 3928 ferme
1996 3884 2049 3928 et
2095 3877 2281 3943 viginti
2319 3905 2383 3914 --
2422 3878 2577 3927 annis
2616 3903 2681 3914 —-·

204 3965 468 4018 obtinuit-‘⁸
525 3966 718 4017 Annal.
745 3966 834 4028 VI,
861 3969 946 4017 51.
971 3983 1024 4032 p.
1049 3969 1168 4018 211.
1219 3966 1360 4016 Anni
1398 3971 1576 4016 autem
1612 3966 1703 4017 isti
1740 3971 2114 4030 computantur
2138 3965 2207 4014 ab
2246 3965 2395 4014 obitu
2431 3963 2685 4028 Augusti:

203 4051 432 4119 alioquin
469 4054 638 4115 enim,
686 4053 732 4104 si
767 4058 1095 4119 repeteretur
1131 4054 1338 4104 initium
1387 4053 1591 4118 imperii
1628 4052 1903 4102 Tiberiani
1941 4065 1975 4101 a
2009 4049 2375 4116 proconsulari
2412 4048 2686 4114 dig-nitate,

205 4139 470 4204 imperium
509 4139 644 4192 illud
678 4139 907 4206 plurium
943 4155 1204 4190 annorum
1239 4140 1442 4190 fuisset.
1517 4139 1558 4204 ³)
1599 4137 1679 4190 cf.
1714 4138 1902 4202 Lamy,
1942 4153 2064 4204 app.
2102 4135 2283 4187 chron.
2315 4135 2385 4198 11,
2415 4138 2461 4186 1.
2486 4151 2539 4201 p.
2568 4137 2686 4186 106.

206 4226 242 4289 ⁴]
268 4225 345 4278 Cf.
369 4228 656 4290 Harduini‚
684 4227 878 4278 Chron.
903 4227 968 4278 V.
993 4227 1054 4277 Τ.
1082 4241 1131 4277 a.
1157 4242 1206 4276 a.
1236 4226 1295 4277 C.
1324 4229 1406 4278 16.
1431 4243 1482 4292 p.
1509 4227 1627 4276 626.
1679 4225 1891 4287 Norisii‚
1919 4225 2045 4275 diss.
2072 4223 2139 4274 de
2162 4227 2268 4272 vot.
2295 4221 2407 4273 dec.
2433 4221 2504 4284 11,
2536 4223 2685 4272 1189.

207 4310 244 4378 ⁵)
291 4314 353 4364 In
398 4315 654 4366 Adriano.
710 4314 793 4365 ed.
835 4313 1084 4365 Aureliae
1132 4313 1536 4379 Allobrogomm
1589 4314 1741 4364 1609.
1790 4328 1841 4377 p.
1891 4312 2009 4361 293.
2084 4309 2125 4374 ⁰)
2180 4307 2323 4359 Sanc
2377 4310 2422 4358 si
2476 4310 2687 4359 vivente

205 4401 432 4466 Augusto
469 4403 750 4466 imperium
786 4403 893 4452 iam
931 4407 984 4452 et
1017 4416 1280 4452 summum
1317 4401 1673 4467 principatum
1719 4403 2038 4450 consecutus
2076 4401 2219 4448 esset
2254 4395 2526 4458 Tiberius,
2578 4411 2684 4462 quo

209 4487 292 4537 illa
325 4497 474 4540 tanta
497 4489 688 4539 Liviae
723 4487 1026 4540 sollicitudo
1051 4490 1106 4540 in
1131 4488 1358 4553 Augusti
1394 4493 1560 4538 morte
1599 4485 1841 4548 celanda,
1880 4485 2049 4534 donec
2074 4484 2321 4534 Tiberius
2352 4483 2685 4546 advenisset3

210 4583 294 4624 ant
326 4593 418 4626 cnr
455 4591 520 4627 eo
558 4578 664 4626 iam
701 4581 982 4642 praesente
1019 4575 1178 4626 simul
1227 4574 1518 4624 excessisse
1555 4574 1878 4639 Augustum,
1928 4577 1981 4621 ct
2014 4585 2189 4622 rerum
2227 4571 2385 4637 potiri
2418 4570 2683 4622 Neronem

210 4662 342 4718 sams
375 4665 564 4718 eadem
599 4663 720 4716 tulit
745 4689 810 4698 -
835 4668 895 4716 ut
931 4663 1092 4716 refert
1125 4662 1361 4723 Tacitus,
1397 4660 1589 4714 Annal.
1616 4659 1657 4720 1,
1688 4663 1735 4709 5.
1764 4676 1811 4727 p.
1836 4661 1885 4712 3.
1913 4675 1954 4709 s.
1982 4685 2047 4697 --·
2074 4659 2115 4710 si
2148 4657 2252 4710 duo
2278 4657 2411 4708 haee
2446 4663 2683 4724 tempore
