3267 5259
1258 476 1400 518 com
1426 475 1613 518 nomini.
2529 461 2654 526 115

152 652 404 716 syriacis,
432 653 505 701 ad
528 651 633 701 hoc
660 651 1069 717 significandum
1090 652 1512 702 luculentissime
1536 657 1591 702 et
1612 651 2040 716 frequentissime
2065 653 2403 715 usurpantur.
2442 648 2653 698 Deinde

152 739 317 787 iidem
360 739 657 803 scriptores
696 739 813 802 Syri
849 739 901 787 b.
940 741 1014 788 ita
1058 739 1279 788 verbum
1328 743 1429 787 est
1472 739 1769 803 refugiunt,
1825 742 1880 786 et
1922 753 2086 786 voces
2121 735 2420 801 symbolum
2455 735 2652 800 signifi-

152 829 345 874 cantes
384 829 663 890 repetunt,
718 829 779 872 ut
816 840 951 889 pene
988 824 1260 874 fastidium
1294 823 1609 886 lectoribus,
1665 823 2005 888 taediumque
2041 827 2306 872 moveant.
2367 820 2472 870 Sed
2527 821 2654 886 quid

155 911 317 976 plura
355 926 401 960 c.
454 910 581 975 Syri
618 926 727 960 non
764 911 937 960 solum
973 910 1116 960 clare
1163 911 1437 960 insinuant
1478 925 1638 974 posse
1685 925 1742 960 se
1789 910 2122 959 existentiam
2177 935 2242 945 —
2297 909 2344 958 si
2386 908 2464 956 ita
2505 907 2656 972 loqui

154 999 241 1045 sas
276 1002 365 1046 est
400 1025 467 1033 —
516 1012 551 1046 a
589 996 863 1062 symbolo,
926 1013 1021 1046 suo
1070 1011 1313 1046 sermone
1362 996 1717 1062 distinguere3
1777 996 1874 1046 sed
1921 1000 1974 1044 et
2021 1000 2334 1060 argumenta
2379 1008 2475 1060 pro
2525 992 2654 1042 reali

157 1083 361 1132 Christi
400 1085 710 1148 praesentia
742 1085 798 1132 in
834 1082 1177 1134 Eucharistia
1212 1083 1335 1132 hine
1372 1087 1584 1148 petunt,
1646 1081 1788 1147 quod
1826 1081 1987 1132 Jesus
2037 1097 2144 1131 non
2193 1081 2409 1130 dixerit:
2459 1079 2652 1140 „haec

161 1175 263 1219 est
286 1171 843 1235 figuracorporis
878 1171 1016 1232 mei,
1056 1169 1169 1219 sed
1206 1169 1331 1218 hoc
1367 1174 1467 1220 est
1503 1183 1751 1233 corpus
1787 1171 2039 1218 meum.“
2079 1167 2408 1216 Testimonia
2437 1167 2650 1216 omnino

156 1257 607 1321 inexpugnabilia
640 1257 797 1306 huius
834 1256 963 1305 dicti
1000 1256 1149 1305 dedit
1184 1255 1242 1304 C.
1281 1255 1620 1305 Wisemanus
1638 1292 1651 1316 ‚
1689 1254 1725 1304 l.
1762 1270 1808 1304 c.
1842 1271 1894 1319 p.
1930 1256 2040 1318 57.;
2097 1268 2234 1318 quae
2281 1253 2460 1302 multis
2498 1251 2653 1301 editis

158 1351 213 1390 et
251 1342 467 1392 duobus
506 1342 721 1392 ineditis
761 1343 909 1391 auxit
942 1344 1024 1390 vir
1060 1341 1372 1406 praeclarus
1407 1341 1505 1390 Th.
1543 1341 1596 1390 J.
1633 1340 1831 1404 Lamy,
1886 1340 2011 1390 diss.
2062 1339 2128 1389 de
2174 1338 2426 1404 Syrorum
2463 1337 2566 1388 fide
2603 1342 2658 1388 et

158 1427 451 1492 disciplina
488 1429 543 1477 in
568 1443 623 1476 re
650 1429 1018 1478 eucharistica.
1056 1429 1286 1477 Lovanii
1314 1428 1447 1477 1859
1472 1444 1523 1492 p.
1548 1429 1594 1476 7.
1620 1444 1664 1478 s.
1701 1427 1800 1477 Ast
1833 1426 2108 1476 familiaris
2145 1430 2227 1476 est
2260 1426 2362 1476 iste
2398 1424 2652 1490 loquendi

156 1514 357 1563 modus
393 1516 598 1564 instant
632 1514 951 1576 adversarii,
998 1516 1055 1563 in
1092 1513 1143 1563 S.
1183 1513 1237 1563 S.
1276 1511 1384 1563 Sed
1420 1513 1547 1562 dato
1586 1529 1694 1562 non
1732 1529 2004 1574 concesso,
2044 1511 2096 1562 d.
2139 1514 2185 1562 si
2234 1513 2457 1561 verbum
2507 1515 2651 1571 „est“

159 1600 463 1665 aliquando
502 1599 724 1665 figuram
762 1604 999 1662 notaret,
1054 1599 1245 1650 millies
1282 1614 1410 1648 vero
1446 1600 1503 1648 in
1540 1615 1702 1649 sensu
1739 1599 1896 1648 obvio
1935 1603 2201 1661 occurrat,
2257 1613 2362 1662 quo
2407 1599 2523 1646 iure
2559 1613 2655 1664 pro

160 1687 445 1752 parallelis
483 1685 733 1736 habenda
766 1686 889 1736 loca
922 1685 1042 1748 illa,
1090 1687 1195 1735 ista
1229 1701 1357 1734 vero
1395 1685 1716 1734 reiicienda?
1762 1686 1849 1734 En
1893 1686 2056 1750 igitur
2103 1684 2378 1734 exclusum
2413 1699 2444 1732 e
2479 1683 2655 1734 verbis

156 1773 525 1822 institutionis
560 1787 769 1822 omnem
807 1771 1255 1833 Orientalismmn,
1296 1775 1349 1820 et
1382 1772 1551 1822 verba
1586 1771 1722 1821 haec
1758 1771 1945 1822 eodem
1981 1770 2140 1821 modo
2175 1772 2312 1821 sumi
2358 1771 2557 1820 debent
2591 1785 2656 1820 ac

158 1862 205 1908 si
246 1859 423 1908 latino
460 1873 705 1908 sermone
741 1859 968 1908 fuissent
1002 1857 1227 1920 prolata.

380 1946 831 1996 Consecratio
884 1946 1021 1993 vini
1085 1959 1119 1994 a
1180 1946 1702 1995 consecratione
1765 1946 1955 2010 panis
2017 1945 2148 1993 fuit
2210 1943 2466 2009 quidem
2523 1942 2656 1992 dis-

158 2033 413 2094 tincta,
452 2047 561 2080 non
598 2037 778 2080 tamen
814 2031 974 2096 longo
1012 2033 1264 2096 temporis
1299 2031 1612 2095 interva1103
1669 2031 1755 2080 vel
1799 2031 2252 2081 intercedentibus
2291 2031 2410 2080 aliis
2448 2030 2655 2079 actibus

162 2123 452 2183 separata,
494 2117 589 2168 sed
626 2116 927 2166 immediate
954 2132 1211 2166 connexa.
1250 2117 1406 2178 Quod
1442 2118 1697 2182 proba-tur
1734 2134 1798 2166 ex
1844 2117 1924 2167 his
1961 2117 2333 2167 fundamentis.
2375 2120 2420 2165 1.
2460 2115 2656 2166 Omnes

161 2203 555 2268 Evangelistae
592 2210 647 2252 et
682 2219 801 2276 cum
838 2203 945 2252 illis
982 2219 1021 2252 s.
1050 2203 1249 2253 Paulus
1286 2204 1330 2253 I.
1369 2203 1491 2253 Cor.
1520 2207 1603 2265 10,
1632 2206 1713 2253 16.
1740 2206 1822 2254 21.
1851 2207 1932 2265 11,
1959 2205 2182 2252 24-29,
2219 2219 2328 2252 uno
2365 2201 2658 2266 eodemque

161 2296 425 2340 contextu
464 2295 747 2354 utramque
796 2290 1253 2338 consecrationem
1300 2291 1593 2340 arctissime
1639 2291 1880 2356 iungunt.
1918 2292 1968 2339 2.
2013 2290 2119 2338 Per
2167 2289 2476 2338 adverbium
2527 2285 2657 2348 „cb-3-

160 2374 361 2433 αὑτως“
401 2377 536 2424 Luc.
564 2377 647 2436 22,
676 2377 757 2424 20.
787 2375 827 2423 Ι.
855 2374 976 2424 Cor.
1006 2377 1086 2436 11,
1114 2377 1197 2424 25.
1252 2374 1582 2437 „similiter“,
1632 2380 1688 2426 et
1723 2375 1968 2440 copulam
2015 2372 2095 2424 καὶ
2129 2375 2392 2425 indivulse
2431 2380 2484 2423 et
2518 2375 2656 2424 inse-

162 2461 487 2526 parabiliter
523 2465 861 2510 connectunt.
918 2460 1075 2509 Certe
1115 2460 1411 2524 Scriptores
1450 2460 1501 2510 S.
1540 2463 1617 2510 ita
1653 2477 1762 2511 rem
1799 2467 2033 2523 narrant,
2071 2466 2132 2510 ut
2167 2463 2306 2510 inter
2340 2460 2475 2510 haec
2511 2459 2658 2509 aliud

162 2549 297 2612 qnid
336 2530 597 2597 cbnvivas
634 2546 721 2595 vel
758 2547 957 2609 edisse,
1009 2547 1095 2595 vel
1131 2547 1333 2597 bibisse
1368 2562 1577 2597 sumere
1613 2547 1768 2598 nefas
1805 2549 1886 2598 sit.
1925 2550 1972 2598 3.
2010 2549 2152 2597 Tota
2185 2547 2488 2611 Antiquitas
2525 2560 2654 2595 una-

162 2635 294 2682 nimi
340 2647 610 2683 consensu
656 2633 813 2682 docet
848 2632 1113 2682 Christum
1156 2637 1437 2697 utrumque
1472 2633 1529 2682 in
1564 2633 1937 2684 Eucharistiae
1972 2633 2304 2682 institutione
2351 2632 2655 2682 immediate

162 2720 527 2770 coniunxisse.
590 2718 725 2768 Inde
773 2718 1021 2768 Gelasius
1067 2719 1241 2783 Papa,
1288 2734 1333 2769 c.
1373 2719 1724 2783 comperimus
1772 2719 1891 2769 dist.
1939 2721 1988 2769 2.
2027 2719 2094 2768 de
2131 2733 2296 2782 cons..
2316 2735 2361 2768 c.
2399 2721 2449 2768 2.
2487 2717 2654 2767 divul-

162 2808 377 2855 sionem
421 2805 570 2854 illam
616 2803 956 2854 vehementer
1005 2804 1285 2869 improbat.
1358 2803 1505 2854 Idem
1562 2804 1748 2854 dicunt
1793 2805 2090 2855 Concilium
2137 2805 2542 2856 Constantiense
2589 2829 2656 2839 -

162 2907 297 2942 sess.
336 2892 489 2942 XIII.
530 2891 676 2956 apud
723 2891 1088 2952 Harduinum,
1132 2891 1289 2952 VIII,
1330 2892 1446 2940 381.
1496 2889 1762 2941 Christum
1808 2897 1932 2957 post
1975 2906 2194 2941 coenam
2238 2893 2557 2952 instituisse,
2605 2895 2658 2939 et

161 2980 279 3028 suis
336 2977 616 3042 discipulis
664 2976 1061 3027 administrasse
1108 2977 1206 3026 sub
1250 2981 1479 3042 utraque
1525 2979 1705 3042 specie
1749 2979 1904 3043 panis
1951 2983 2004 3027 et
2047 2979 2158 3027 vini
2203 2978 2304 3028 hoc
2347 2977 2656 3028 venerabile

163 3069 581 3114 sacramentum.
600 3091 667 3099 —
688 3068 743 3112 et
765 3063 1133 3112 Tridentinum
1169 3079 1302 3113 sess.
1327 3063 1471 3124 XXI,
1514 3066 1559 3111 1.
1596 3064 1868 3114 Posterior
1901 3063 2272 3115 Eucharistiae
2308 3064 2655 3114 institutionis

162 3166 295 3216 pars
320 3151 471 3198 circa
493 3149 745 3214 poculum
778 3150 1045 3213 genimine
1071 3150 1193 3199 vitis
1218 3147 1494 3214 impletum
1519 3155 1824 3214 occupatur.
1862 3150 2054 3201 Fuisse
2079 3153 2134 3200 in
2161 3167 2224 3200 eo
2249 3151 2417 3200 calice
2441 3153 2656 3199 vinum

164 3252 345 3302 aqua
391 3241 853 3301 temperatum,
890 3239 1003 3286 tum
1040 3251 1105 3285 ex
1141 3251 1243 3285 usu
1279 3234 1609 3285 Judaeorum
1646 3251 1765 3286 cum
1803 3252 1869 3286 ex
1903 3237 2188 3286 traditione
2213 3237 2492 3288 Ecclesiae
2531 3251 2656 3285 con-

163 3329 291 3373 stat.
332 3323 397 3371 V.
437 3321 665 3371 concilii
700 3322 937 3372 Trident.
975 3336 1105 3372 sess.
1142 3321 1315 3371 XXII.
1350 3321 1416 3371 de
1450 3323 1626 3372 sacrif.
1661 3323 1860 3374 Missae
1893 3337 2012 3389 cap.
2049 3324 2167 3372 VII.
2194 3322 2244 3372 J.
2271 3323 2441 3384 Bona,
2467 3337 2570 3370 rer.
2593 3320 2655 3369 li-

162 3415 306 3474 turg.
326 3409 403 3470 II,
430 3410 480 3458 9.
504 3407 605 3472 Op.
632 3408 698 3457 ed
717 3407 875 3457 Ant-v·
903 3410 1053 3458 1739.
1080 3425 1131 3472 p.
1152 3409 1270 3457 337.
1291 3423 1332 3458 s.
1353 3407 1406 3456 J.
1426 3409 1674 3473 Ussing,
1700 3409 1777 3459 lit.
1797 3409 2000 3460 Vorles.
2027 3415 2080 3459 ii.
2107 3409 2156 3459 d.
2182 3409 2232 3458 h.
2253 3411 2446 3458 Messe.
2466 3425 2516 3473 p.
2537 3409 2654 3457 312.

162 3511 206 3544 s.
236 3497 323 3544 Ex
350 3495 485 3560 ipsis
510 3494 647 3543 adeo
671 3493 995 3544 Acatholicis
1029 3494 1066 3543 l.
1091 3494 1162 3542 H.
1190 3493 1445 3556 Grotium,
1468 3495 1535 3544 ad
1558 3494 1744 3544 Matth.
1775 3497 1857 3558 26,
1885 3498 1968 3545 27.
1996 3495 2097 3561 Op.
2121 3495 2194 3544 th.
2220 3495 2293 3556 ΙΙ,
2319 3497 2436 3544 251.
2457 3511 2498 3544 s.
2527 3498 2581 3543 et
2603 3492 2654 3542 J.

162 3582 559 3647 Lightfootum,
586 3580 715 3630 Hor.
742 3580 889 3630 hebr.
918 3583 971 3630 in
996 3581 1205 3644 Evang.
1230 3579 1420 3629 Matth.
1446 3583 1530 3642 26,
1556 3583 1640 3630 27.
1667 3599 1720 3646 p.
1743 3583 1862 3631 478.
1884 3584 1930 3631 9.
1959 3581 2208 3631 Succedit
2231 3597 2356 3646 ergo
2382 3579 2538 3642 calix,
2565 3579 2657 3645 qui

162 3685 277 3718 non
314 3673 427 3716 tam
464 3667 545 3716 de
582 3668 991 3728 continente,
1029 3681 1190 3732 quam
1227 3670 1539 3717 contento
1576 3673 1880 3733 usurpatur.
1943 3667 2210 3718 Christum
2247 3667 2468 3717 calicem
2503 3680 2656 3730 sepa-

162 3757 323 3804 ratim
362 3752 702 3804 benedixisse
739 3769 921 3804 omnes
955 3751 1339 3818 Evangelistae
1376 3759 1767 3818 expresserunt.
1807 3753 1941 3803 Cum
1967 3755 2106 3804 enim
2132 3754 2314 3803 dicunt
2353 3752 2653 3814 „similiter“

161 3842 302 3890 Luc.
330 3842 415 3901 22,
444 3842 527 3890 20.
556 3840 599 3888 I.
628 3839 751 3890 Cor.
780 3843 859 3901 11,
887 3841 987 3900 25„
1024 3837 1245 3904 perinde
1284 3843 1367 3887 est
1400 3853 1465 3888 ac
1501 3841 1548 3890 si
1584 3839 1849 3890 dicerent:
1887 3840 2130 3891 similiter
2164 3841 2386 3905 accepit,
2427 3844 2481 3888 et
2515 3838 2654 3888 simi-

161 3928 289 3976 liter
324 3924 619 3975 benedixit.
669 3927 837 3986 Quem
874 3925 1097 3974 calicem
1130 3923 1471 3974 benedictum
1508 3925 1785 3991 discipulis
1821 3925 2078 3976 exhibens
2115 3928 2214 3976 ait:
2257 3926 2454 3986 „bibite
2491 3939 2556 3972 ex
2591 3937 2655 3970 eo

164 4018 407 4062 omnes-⁸
468 4013 626 4062 Haec
662 4011 828 4062 verba
860 4011 1051 4062 Matth.
1090 4013 1173 4072 26,
1210 4013 1293 4064 27.
1358 4010 1600 4062 Christus
1646 4011 1768 4062 ideo
1818 4012 1973 4074 dixit,
2024 4013 2150 4077 quia
2194 4027 2386 4076 corpus
2433 4007 2656 4073 singulis

164 4099 421 4165 porrexit,
462 4099 687 4148 calicem
722 4099 815 4147 uni
850 4102 1057 4147 tantum
1094 4097 1240 4146 dedit
1272 4097 1529 4162 proximo.
1589 4097 1672 4146 Ne
1708 4102 1886 4148 autem
1921 4097 2193 4147 videretur
2226 4096 2387 4145 Jesus
2423 4093 2562 4143 velle
2600 4097 2658 4143 ut

163 4186 257 4234 ille
294 4184 447 4236 solus
486 4183 708 4246 biberet,
746 4183 840 4233 sed
876 4189 936 4233 ut
972 4183 1317 4248 sequentibus
1357 4182 1523 4246 daret,
1562 4183 1698 4232 dixit
1733 4184 1932 4244 „bibite
1956 4199 2022 4232 ex
2047 4199 2109 4232 eo
2137 4187 2371 4232 omnes“.
2410 4180 2656 4230 Ceterum

164 4287 279 4322 san
292 4273 558 4338 guinem
594 4285 749 4320 suum
787 4274 1156 4320 consecratum
1192 4275 1353 4319 vocat
1388 4270 1636 4331 vinum,
1671 4270 1834 4319 -sicut
1877 4284 2072 4334 corpus
2121 4271 2490 4317 consecratum
2527 4265 2658 4315 alibi

162 4359 365 4408 Joann.
383 4360 431 4420 6,
448 4359 535 4407 32.
558 4370 779 4421 panem;
806 4356 901 4406 sed
921 4371 1041 4404 eum
1062 4355 1301 4421 emphasi
1330 4354 1463 4416 „hoc
1482 4355 1715 4418 vinum“,
1743 4360 1796 4404 et
1820 4354 1962 4403 hunc
1985 4369 2194 4419 panem.
2221 4353 2356 4402 Tum
2381 4368 2428 4402 α.
2448 4353 2576 4418 quia
2593 4369 2658 4402 ex

162 4447 291 4494 vino
310 4450 369 4494 et
390 4457 533 4510 pane
561 4442 731 4505 facta;
770 4439 815 4507 β.
853 4443 981 4507 quia
1004 4447 1224 4492 externa
1248 4443 1455 4507 species
1480 4443 1638 4506 panis
1664 4447 1719 4491 et
1739 4442 1852 4491 vini
1877 4443 1931 4490 in
1955 4441 2020 4490 iis
2046 4445 2367 4504 perseverat.
2396 4440 2516 4490 Non
2536 4457 2656 4505 pos-

162 4547 351 4581 sumus
386 4545 513 4590 non,
554 4528 741 4578 habito
779 4531 1027 4593 respectu
1062 4527 1459 4578 incredulorum
1494 4529 1663 4578 nostri
1686 4528 1956 4592 temporis,
1995 4527 2263 4576 abstinere
2289 4540 2322 4575 a
2346 4527 2656 4578 recitatione

158 4618 329 4668 sobrii
368 4617 581 4676 iudicii,
640 4615 785 4679 quod
831 4614 955 4664 tulit
991 4613 1131 4663 Guil.
1167 4613 1359 4677 Paley,
1421 4614 1648 4679 scriptor
1693 4613 1928 4664 famosus
1964 4615 2102 4663 inter
2143 4611 2346 4677 Anglos
2390 4613 2530 4674 libri,
2570 4613 2660 4662 cui

2282 4699 2349 4748 g*
