3267 5259
1184 448 1465 499 sangonam
1494 451 1536 489 s.
1558 448 1794 489 matthaei.
2599 435 2726 501 265

226 622 587 707 evangelia
612 624 682 687 in
718 622 1016 687 manibus
1052 622 1385 687 hominum
1418 623 1650 706 fuisse;
1692 622 1866 687 unde
1899 624 2190 709 sequitur
2221 624 2336 687 vix
2359 621 2471 687 diu
2495 622 2725 688 Eccle-

224 736 399 799 siam
430 734 798 819 Evangelio
829 734 961 799 fide
994 734 1191 820 digno
1226 737 1529 801 caruisse.
1586 734 1714 815 Qui
1748 736 2146 800 contrarium
2187 735 2548 817 affirmant,
2579 759 2726 822 pro-

226 847 571 913 videntiae
616 848 935 911 rationem
979 870 1113 912 non
1158 845 1423 913 habent.
1482 846 1659 927 Quid
1706 849 1878 913 enim
1923 849 2136 913 minus
2178 846 2526 933 providum
2573 848 2726 914 fuis-

226 970 355 1042 set,
404 982 605 1046 quam
634 958 893 1025 fabulas
938 957 1021 1024 de
1054 958 1309 1025 Christo
1356 959 1488 1045 legi
1532 982 1744 1046 aequo
1793 961 2010 1024 animo
2057 961 2222 1045 pati3
2269 982 2396 1025 nec
2426 960 2726 1025 historias

224 1095 431 1137 veras
476 1074 553 1137 iis
600 1094 955 1158 opponere.
1003 1071 1111 1136 Ad
1156 1072 1323 1137 haec
1367 1097 1421 1153 γ.
1467 1074 1533 1135 in
1578 1074 1722 1158 ipso
1768 1070 2130 1157 Evangelio
2178 1095 2228 1138 s,
2267 1072 2582 1137 Matthaei
2625 1096 2725 1137 re-

230 1186 581 1271 periuntur
627 1184 951 1271 quaedam
974 1188 1009 1265 ¹,
1073 1207 1242 1270 quae
1292 1184 1560 1249 credere
1606 1184 1904 1266 suadent,
1965 1208 2099 1250 non
2145 1186 2456 1270 exiguum
2503 1185 2724 1251 admo-

234 1297 395 1361 dum
442 1306 703 1383 tempus
747 1298 1160 1363 interiectum
1206 1299 1374 1363 inter
1416 1297 1601 1362 Libri
1649 1296 2001 1363 editionem
2060 1306 2258 1383 atque
2321 1300 2726 1363 eversionem

230 1409 863 1496 Hierosolymamm.
936 1409 999 1473 N
1002 1432 1080 1475 ec
1140 1409 1357 1475 obstat
1414 1412 1462 1472 δ.
1520 1419 1709 1475 tenor
1769 1408 2114 1495 Evangelii
2173 1412 2445 1495 integer.
2537 1410 2725 1491 Quae

232 1523 409 1587 enim
458 1522 612 1586 inde
659 1545 699 1586 a
746 1522 1175 1608 quibusdam2
1227 1531 1541 1609 petuntur
1585 1532 1972 1607 argumenta
2014 1545 2134 1608 pro
2183 1524 2409 1588 seriori
2456 1525 2725 1608 origine,

229 1634 337 1699 his
382 1634 577 1701 facile
616 1635 1067 1721 respondetur.
1116 1635 1465 1721 Denique3
1511 1658 1555 1697 ε.
1596 1637 1918 1721 inspectio
1967 1645 2032 1699 et
2079 1635 2336 1701 collatio
2385 1658 2536 1700 cum
2581 1636 2724 1701 reli-

230 1748 383 1832 quis
422 1746 931 1832 Evangeliorum
977 1747 1403 1834 scriptoribus
1450 1749 1692 1813 evincit
1736 1772 1786 1813 s,
1818 1747 2224 1812 Matthaeum
2269 1758 2420 1813 ante
2464 1758 2724 1827 ceteros

229 1882 469 1925 omnes
512 1861 869 1946 scripsisse.

603 2142 663 2219 ἓ.
709 2141 812 2205 45.
878 2136 1083 2202 Ordo
1134 2160 1357 2223 quem
1405 2162 1454 2202 s.
1487 2138 1938 2202 Matthaeus
1985 2140 2358 2223 sequitur.

444 2328 635 2392 Licet
676 2326 1143 2413 Evangelistae
1158 2334 1202 2411 ⁴,
1265 2351 1433 2413 quae
1477 2326 1782 2393 viderant
1841 2337 1906 2392 et
1963 2326 2323 2411 audierant,
2379 2350 2513 2393 non
2573 2328 2724 2393 arti-

227 2442 383 2503 ficio
446 2442 890 2526 exposuerint,
956 2440 1189 2525 singuli
1250 2450 1471 2505 tamen
1533 2442 1774 2526 quique
1844 2449 2090 2505 certam
2153 2450 2377 2526 aperte
2436 2438 2726 2525 produnt

228 2555 574 2634 rationem,
640 2574 770 2637 qua
829 2552 1006 2617 ducti
1051 2554 1467 2638 scriptionem
1523 2576 1706 2616 suam
1767 2553 1932 2618 iusto
1996 2553 2222 2617 ordine
2279 2554 2720 2618 efformarunt.

230 2666 419 2729 Luce
467 2666 642 2729 enim
688 2664 923 2729 clarius
970 2674 1069 2729 est
1113 2663 1197 2728 ab
1243 2664 1756 2749 Evangeliorum
1803 2664 2248 2751 scriptoribus,
2311 2676 2378 2731 et
2429 2666 2722 2751 inprimis

229 2802 271 2841 a
334 2801 383 2841 S.
439 2776 775 2841 Matthaeo
822 2778 1254 2860 historiarum,
1318 2800 1479 2863 quas
1538 2779 1835 2841 referunt
1896 2778 2150 2863 copiam
2215 2777 2301 2842 ad
2360 2770 2721 2843 sententiae

230 2888 575 2953 cuiusdam
619 2890 933 2953 unitatem
978 2892 1275 2954 revocari
1294 2894 1334 2955 ⁵.
1382 2891 1601 2955 Primo
1647 2889 1912 2977 quidem
1959 2889 2189 2955 obtutu
2235 2915 2283 2956 s.
2317 2890 2720 2955 Matthaeum

448 3067 485 3130 ¹)
525 3066 590 3115 Ε.
616 3082 665 3130 g'.
692 3081 740 3115 e.
766 3068 849 3116 24.
888 3083 939 3131 p.
964 3067 999 3114 i.
1038 3066 1182 3131 quod
1216 3066 1349 3115 nihil
1387 3066 1453 3116 de
1492 3072 1688 3117 eventu
1724 3068 1976 3129 continet,
2015 3084 2118 3132 quo
2157 3068 2468 3117 vaticinium
2503 3068 2720 3117 Domini

226 3156 337 3202 iam
376 3152 777 3218 comprobatum
810 3153 986 3203 fuerit.
1056 3153 1120 3201 In
1158 3153 1337 3218 primis
1374 3152 1475 3203 hoc
1511 3160 1758 3219 respectu
1796 3156 2088 3204 attentione
2127 3155 2288 3220 digna
2314 3160 2396 3204 est
2429 3154 2716 3220 descriptio

229 3242 316 3301 24,
358 3241 437 3289 15.
472 3254 533 3301 s.,
581 3254 721 3304 quae
768 3256 879 3288 rem
926 3239 1217 3289 indicatam
1262 3240 1550 3291 etiamnum
1598 3240 1774 3290 adhuc
1821 3240 2232 3306 exspectandam
2281 3246 2442 3306 atque
2489 3242 2720 3291 futuram

224 3328 421 3377 innuit.
478 3326 521 3390 ²)
558 3327 657 3375 Ex.
697 3342 743 3375 c.
781 3327 864 3387 27,
900 3328 950 3377 8.
987 3327 1070 3388 28,
1108 3328 1189 3376 15.
1254 3327 1295 3392 ³)
1335 3327 1409 3377 Ut
1444 3328 1678 3392 apertius
1715 3328 1938 3393 patebit,
1976 3327 2070 3377 ubi
2106 3326 2172 3377 de
2209 3332 2385 3377 aetate
2423 3328 2719 3394 disputabi-

225 3427 375 3473 mus,
422 3428 531 3477 qua
577 3418 757 3463 cetera
798 3412 1100 3477 Evangelia
1144 3417 1363 3465 exarata
1415 3414 1579 3463 fuere.
1653 3410 1693 3479 ⁴)
1739 3412 1920 3463 Veluti
1965 3413 2022 3461 id
2067 3414 2122 3463 in
2165 3413 2367 3479 proleg.
2406 3430 2456 3463 n.
2505 3415 2720 3479 copiose

226 3499 725 3549 demonstravimus.
788 3500 829 3563 ⁵)
867 3496 947 3549 cf.
974 3498 1150 3561 Kuhn,
1186 3516 1291 3549 von
1329 3499 1450 3549 dem
1486 3499 2038 3550 schriftstellerischen
2076 3498 2374 3551 Charakter
2410 3499 2504 3551 der
2537 3501 2716 3551 Evan-

224 3585 407 3650 gelien
447 3587 503 3634 in
539 3585 873 3637 Verhiiltniss
910 3601 1007 3635 zur
1041 3590 1213 3651 apost.
1250 3586 1483 3652 Predigt,
1528 3588 1583 3637 in
1632 3602 1756 3637 ann.
1803 3586 2140 3637 Jahrbucher
2174 3587 2262 3637 fiir
2296 3586 2482 3639 Theol.
2521 3604 2573 3638 u.
2611 3587 2718 3639 chr.

228 3671 371 3720 Phil.
407 3672 607 3721 MainZ.
644 3671 734 3733 vl,
773 3674 821 3721 2.
854 3672 1002 3723 1836.
1040 3674 1124 3721 43.
1150 3688 1192 3722 s.
1231 3674 1315 3723 49.
1340 3688 1381 3723 s.
1444 3672 1541 3723 Ad.
1578 3673 1766 3735 Maier,
1803 3672 2220 3741 Untersuehung
2255 3678 2306 3724 fl.
2345 3673 2395 3724 d.
2433 3676 2627 3724 Zweck
2664 3675 2714 3725 d.

224 3760 371 3808 Kan.
396 3759 498 3807 Ev.
523 3758 703 3807 Freib.
734 3760 883 3808 1847.
908 3775 961 3823 p.
988 3762 1037 3808 3.
1063 3774 1104 3808 s.
1166 3758 1263 3809 Th.
1292 3758 1414 3809 Chr.
1444 3760 1505 3809 A.
1529 3760 1774 3822 Harless,
1808 3759 2014 3809 lucubr.
2051 3761 2149 3809 Ev.
2191 3775 2308 3810 can.
2347 3766 2512 3826 spect.
2549 3762 2608 3811 P.
2645 3762 2715 3810 II.

222 3846 293 3894 de
344 3844 725 3910 compositione
770 3844 1057 3909 Evangelii
1101 3844 1244 3911 quod
1287 3844 1560 3895 Matthaeo
1609 3846 1874 3895 tribuitur.
1936 3845 2154 3911 Erlang.
2193 3847 2342 3897 1844.
2379 3864 2428 3912 p.
2465 3850 2513 3897 8.
2551 3864 2592 3897 s.
2628 3848 2718 3897 Fr.

220 3930 534 3993 Delitzsch,
578 3946 717 3981 neue
751 3932 965 3982 Unters.
1001 3936 1053 3981 u.
1090 3931 1428 3997 Entstehung
1463 3948 1515 3981 u.
1552 3932 1758 3997 Anlage
1796 3932 1890 3982 der
1927 3933 2062 3981 Kan.
2098 3933 2308 3997 Evang.
2340 3933 2524 3998 Leipz.
2564 3935 2714 3983 1853.

218 4020 319 4083 qui
357 4035 410 4083 p.
448 4020 533 4080 53,
570 4034 612 4068 s.
656 4018 741 4067 die
776 4017 1249 4083 pentateuchische
1283 4018 1491 4084 Anlage
1526 4018 1621 4068 des
1657 4018 1964 4069 Matthaeus
2001 4020 2210 4084 Evang.
2247 4018 2388 4069 nach
2426 4019 2544 4069 dem
2581 4020 2714 4069 Vor-

220 4104 373 4153 bilde
411 4104 506 4153 der
542 4104 745 4167 Thora,
783 4106 1006 4169 primus,
1048 4104 1191 4170 quod
1226 4106 1421 4167 sciam,
1460 4104 1742 4155 artificium
1785 4105 1918 4155 illud
1955 4105 2113 4169 vidit3
2162 4122 2268 4170 quo
2305 4105 2608 4155 Matthaeus
2647 4106 2716 4155 ad

218 4190 500 4255 exemplar
535 4190 887 4241 Pentateuchi
923 4191 1413 4256 quinquepartitum
1450 4192 1789 4256 disposuerit.
1862 4190 1969 4241 Sed
2003 4192 2060 4241 in
2094 4190 2197 4240 hoc
2234 4191 2448 4257 negotio
2487 4193 2564 4241 ita
2600 4208 2714 4242 ver-

218 4284 377 4327 satus
424 4282 533 4339 est,
582 4282 641 4327 ut
684 4278 943 4327 acuminis
988 4277 1199 4329 ludicra
1241 4279 1445 4343 potius,
1493 4292 1651 4343 quam
1701 4278 1840 4328 seria
1888 4280 2060 4343 egisse
2105 4278 2378 4341 videatur-3
2432 4284 2718 4344 propterea

218 4364 415 4415 merito
452 4364 805 4430 reprehensus
843 4378 877 4413 a
899 4364 989 4413 F'r.
1014 4364 1217 4427 Liicke„
1256 4365 1291 4414 l.
1318 4364 1383 4415 de
1411 4380 1474 4415 eo
1502 4365 1646 4430 quod
1670 4366 1886 4414 nimium
1924 4366 2052 4415 artis
2091 4370 2173 4415 est
2205 4367 2262 4415 in
2289 4380 2370 4428 ea,
2409 4380 2548 4431 quae
2571 4370 2716 4417 nime

218 4452 519 4517 praecipue
544 4450 819 4501 factitatur
842 4450 897 4501 S.
924 4450 977 4500 S.
1004 4453 1229 4501 maxime
1253 4452 1462 4517 Evang.
1493 4452 1947 4517 interpretatione.
1989 4450 2131 4501 Gutt.
2159 4453 2308 4502 1853.
2335 4468 2387 4518 p.
2417 4455 2498 4503 17.
2523 4469 2565 4503 s.
2593 4452 2714 4505 chr.

216 4539 357 4588 Em.
382 4536 669 4597 Luthardt,
702 4536 768 4585 tle
794 4538 1179 4602 compositione
1201 4538 1410 4603 Evang.
1438 4538 1712 4588 Matthaei.
1748 4538 1898 4603 Lips.
1927 4538 2078 4589 1861.
2102 4555 2156 4604 p.
2182 4540 2262 4589 17.
2289 4554 2348 4601 s.‚
2387 4542 2477 4605 qui
2501 4540 2716 4606 quidem

211 4624 553 4676 Delitzschio
580 4624 792 4673 sobrius
818 4621 1035 4685 iudicat,
1076 4626 1413 4689 quantumvis
1439 4626 1599 4675 etiam
1634 4625 1726 4675 ille
1753 4627 1976 4691 argutiis
2003 4631 2057 4675 et
2079 4626 2398 4678 coniecturis
2423 4626 2716 4693 indulgeat.
