3267 5259
1042 456 1287 499 Secundum
1310 458 1399 499 iter
1426 468 1464 498 ι.
1486 456 1611 497 Pauli
1634 456 1872 499 missionis.
2573 440 2702 507 365

219 634 449 709 proinde
482 635 729 693 unicum
758 635 1039 693 honorem
1068 635 1461 694 transferrent
1482 634 1519 694 ¹.
1552 636 1884 694 Prudenter
1908 636 2218 693 admodum
2239 636 2442 694 divino
2465 634 2704 693 afflatus

218 740 437 813 spiritu,
491 760 537 797 s.
570 739 793 797 Paulus
822 758 1145 797 sermonem
1190 741 1261 797 de
1296 739 1333 796 J
1336 759 1436 797 esu
1468 739 1700 797 Christo
1729 741 1954 798 iniecit.
2013 738 2142 802 Quo
2173 740 2490 810 nominate,
2540 758 2700 799 oeca-

220 844 427 901 sionem
462 845 745 919 captabat
772 846 843 901 de
874 845 998 901 eius
1032 864 1279 920 persona
1308 849 1367 901 et
1395 864 1565 919 opere
1595 844 1836 902 uberius
1867 844 2115 903 dicendi.
2147 844 2258 901 Sed
2289 863 2416 901 ecce
2438 845 2704 902 homines

222 947 351 1005 vani
394 948 676 1007 doctrina
720 950 793 1006 de
838 949 1259 1007 resurrectione
1289 949 1494 1007 offensi
1526 952 1861 1025 importune
1891 969 2026 1007 eum
2055 948 2528 1025 interpellarunt.
2574 948 2701 1006 Alii

218 1053 353 1129 quod
377 1072 507 1110 non
528 1052 943 1127 intelligebant
971 1054 1281 1129 praecipiti
1311 1053 1531 1111 iudicio
1562 1059 1914 1129 respuentes,
1945 1054 2290 1129 Apostolum
2311 1056 2510 1113 sannis
2533 1072 2700 1111 exce-

220 1163 461 1231 perant-3
513 1156 619 1214 alii
650 1157 945 1231 segniores
975 1159 1049 1215 ad
1078 1159 1473 1233 indagandam
1502 1161 1815 1216 veritatem
1845 1159 1915 1215 in
1942 1157 2267 1215 crastinum
2297 1160 2420 1215 eius
2451 1158 2539 1215 rei
2584 1159 2700 1215 dis-

221 1263 585 1335 putationem
614 1262 857 1319 differre
888 1262 1193 1332 volebant3
1239 1262 1342 1319 alii
1386 1281 1577 1337 presse
1608 1261 1862 1320 Paulum
1891 1263 2098 1334 secuti,
2149 1280 2254 1319 nec
2283 1262 2703 1319 dimittendum

219 1371 511 1439 putantes,
561 1370 1093 1444 antequam.totam
1126 1367 1450 1425 orationem
1478 1366 1885 1442 pertexuisset,
1934 1367 2232 1424 doctrinae
2272 1368 2346 1424 ab
2373 1384 2440 1425 eo
2469 1384 2702 1424 annun·-

220 1470 391 1527 ciatae
436 1470 621 1528 fldem
667 1472 967 1529 habebant
1010 1470 1357 1549 Christoque
1404 1491 1614 1530 nomen
1660 1472 1966 1529 dederunt.
2013 1472 2138 1529 Hos
2182 1472 2340 1528 inter
2383 1470 2703 1547 Dionysius

219 1575 579 1649 Areopagita
592 1571 619 1612 ²
668 1575 999 1633 eruditione
1044 1575 1295 1649 insignis
1310 1619 1323 1645 ‚
1381 1582 1442 1633 et
1489 1574 1707 1633 mulier
1757 1576 2042 1653 quaedam
2062 1572 2087 1613 ³
2143 1574 2380 1633 nomine
2432 1574 2705 1633 Damaris
2749 1635 2758 1642 ,

420 1711 459 1773 ¹)
501 1711 679 1771 Deus,
726 1712 924 1775 inquit,
972 1725 1342 1776 nequaquam,
1391 1710 1601 1776 templis
1645 1710 1993 1773 manufactis,
2043 1712 2364 1776 imaginibus
2407 1710 2704 1774 statuisque

220 1812 425 1861 quoquo
452 1796 615 1848 modo
639 1797 815 1862 ipsum
840 1796 1368 1862 repraesentantibus
1404 1798 1756 1857 concluditur,
1795 1812 1915 1847 cum
1939 1798 2009 1847 sit
2033 1796 2184 1847 Coeli
2209 1802 2264 1847 et
2287 1797 2486 1847 Terrae
2521 1798 2702 1847 Domi-

217 1898 325 1944 nus,
358 1884 719 1948 omnibusque
744 1883 890 1948 quod
913 1888 1037 1934 sunt
1060 1884 1339 1947 largiatur3
1376 1900 1551 1949 neque
1576 1883 1848 1935 hominum
1873 1898 2038 1949 opera
2061 1884 2140 1934 sic
2164 1882 2374 1946 colitur,
2413 1884 2568 1949 quasi
2593 1898 2704 1933 non

218 1970 339 2019 sati-s
374 1971 495 2020 suis
530 1969 741 2035 pollens
781 1970 990 2035 opibus,
1026 1969 1171 2019 illius
1208 1969 1279 2020 ad
1314 1970 1625 2020 felicitatem
1664 1972 2037 2035 sempiternam
2075 1970 2351 2036 indigeret.
2401 1970 2507 2020 Hic
2543 1976 2604 2021 ut
2639 1986 2706 2019 ex

218 2072 317 2105 uno
352 2062 582 2119 parente
620 2062 791 2107 totum
844 2056 1134 2106 humanum
1188 2073 1356 2123 genus
1410 2062 1782 2123 procrearetur
1837 2058 2122 2123 disposuit,
2187 2058 2342 2121 eique
2395 2057 2704 2107 universum

220 2142 393 2193 orbern
433 2143 789 2193 habitandum
828 2142 996 2206 dedit3
1060 2159 1125 2193 ac
1173 2144 1239 2192 de
1277 2144 1522 2195 omnibus
1568 2160 1666 2209 pro
1710 2144 1932 2209 imperio
1971 2144 2264 2193 decernens
2303 2170 2368 2178 -
2406 2142 2507 2192 hoc
2545 2148 2702 2207 pacto

216 2230 455 2294 percellit
501 2231 803 2296 Epicureos
849 2230 942 2295 qui
975 2230 1365 2298 providentiam
1400 2232 1687 2295 negabant.
1725 2258 1792 2266 —
1829 2230 2054 2296 singulis
2091 2230 2302 2296 populis
2340 2230 2700 2295 migrationes,

218 2318 371 2367 exilia
406 2323 467 2367 et
504 2332 643 2383 quae
682 2334 803 2367 cum
838 2316 921 2369 his
958 2318 1371 2383 coniunguntur,
1410 2318 1714 2383 praestituit
1747 2332 1950 2367 summo
1990 2316 2230 2367 consilio.
2278 2318 2397 2379 Quo
2431 2318 2489 2366 in
2525 2315 2702 2366 mode-

216 2404 411 2454 ramine
448 2402 507 2453 id
542 2404 799 2470 imprimis
836 2406 1082 2470 requirit,
1144 2410 1205 2454 ut
1239 2404 1483 2455 homines
1518 2404 1669 2454 velut
1703 2419 1865 2454 manu
1900 2404 2076 2453 Deum
2114 2409 2431 2470 quaererent
2467 2408 2520 2454 et
2556 2405 2701 2453 inve-

216 2492 411 2555 nirent3
448 2507 559 2541 non
600 2506 717 2542 esse
755 2492 995 2543 dissitam
1033 2507 1067 2541 a
1099 2492 1255 2542 nobis
1280 2492 1384 2540 Dei
1423 2492 1719 2553 scientiam,
1758 2490 1913 2541 modo
1953 2490 2021 2540 ad
2057 2492 2324 2557 nosipsos
2349 2491 2702 2541 reflectamus.

219 2576 439 2628 Constat
476 2580 618 2628 enim
650 2594 749 2628 nos
776 2584 994 2628 auctore
1031 2578 1124 2628 illo
1163 2580 1359 2641 vivere,
1405 2579 1607 2627 moveri
1631 2582 1688 2627 et
1723 2593 1868 2641 ess03
1906 2579 2056 2627 iuxta
2090 2592 2153 2627 ac
2191 2577 2406 2643 quidam
2445 2594 2472 2626 e
2509 2578 2700 2627 vestris

216 2664 389 2715 Poetis
427 2692 497 2701 ·—
534 2664 751 2727 Aratus,
788 2660 1052 2733 φαινόμενα
1085 2682 1136 2715 v.
1173 2666 1220 2715 5.
1257 2664 1339 2714 ed.
1374 2664 1425 2715 J.
1460 2664 1691 2714 Bekker.
1727 2664 1900 2715 Berol.
1937 2665 2087 2715 1828.
2124 2682 2176 2730 p.
2219 2666 2262 2713 1.
2301 2692 2367 2700 —
2405 2662 2699 2729 profitetur,

214 2752 377 2816 ipsius
426 2752 569 2802 enirn
620 2757 675 2801 et
722 2768 889 2818 genus
946 2768 1143 2803 sumus.
1218 2752 1353 2802 Cum
1408 2768 1534 2817 ergo
1589 2766 1689 2801 nos
1741 2752 2010 2813 homines,
2068 2752 2220 2817 quasi
2270 2750 2483 2801 soboles
2539 2752 2701 2800 simus

214 2837 340 2899 Dei,
403 2839 654 2905 adeoque
703 2839 775 2889 ad
820 2841 1107 2905 imaginem
1152 2839 1281 2889 facti
1330 2840 1609 2902 creatoris,
1666 2840 1884 2903 vitaque
1939 2838 2168 2904 praediti
2218 2844 2272 2888 et
2319 2837 2700 2903 intelligentia3

218 2925 459 2991 adeoque
508 2927 558 2975 si
604 2932 752 2976 recte
798 2928 999 2976 sentire
1047 2926 1297 2988 velimus,
1348 2926 1414 2975 de
1462 2930 1684 2991 parente
1731 2932 1914 2977 nostro
1961 2926 2106 2988 Dec,
2161 2926 2472 2991 neutiquam
2521 2926 2698 2975 existi-

215 3027 357 3062 mare
399 3012 685 3063 debemus:
735 3014 945 3063 Numen
982 3012 1221 3062 divinum
1263 3013 1361 3062 sub
1407 3014 1677 3078 waginis,
1727 3028 1790 3061 ex
1838 3027 1995 3075 auro,
2043 3018 2290 3078 argent0,
2334 3012 2540 3078 lapide,
2589 3017 2703 3063 arte

213 3097 337 3149 licet
372 3104 426 3149 et
462 3100 791 3165 cogitatione
827 3099 1096 3165 sculptae,
1140 3098 1311 3165 figura
1348 3099 1623 3165 adstringi.
1678 3100 1852 3148 Deum
1902 3099 2036 3149 haec
2081 3100 2414 3164 ignorantiae
2460 3105 2704 3165 tempora

214 3185 359 3234 nihili
408 3188 721 3247 aestimare,
770 3186 1054 3235 dnmmodo
1104 3202 1247 3235 nunc
1294 3188 1569 3251 poeniteat
1616 3185 1764 3248 illos,
1815 3186 2090 3251 proposita
2148 3186 2250 3235 sibi
2305 3186 2490 3236 indicii
2537 3186 2702 3235 futuri

214 3274 489 3334 memoria,
550 3288 647 3337 per
680 3273 831 3323 illum
866 3274 1042 3339 ipsum
1079 3273 1389 3337 exercendi3
1452 3274 1543 3338 qui
1579 3288 1680 3323 sua
1716 3278 1884 3323 morte
1921 3277 1976 3323 et
2010 3275 2397 3323 resurrectione
2453 3274 2702 3322 invitavit

214 3358 279 3406 ad
306 3360 747 3424 resipiscentiam.
804 3359 847 3425 2)
870 3360 956 3409 De
977 3374 1082 3425 quo
1108 3365 1231 3425 post
1247 3360 1312 3409 E.
1333 3360 1531 3424 Dupin,
1557 3358 1892 3409 Bibliotheca
1915 3374 2059 3409 nova
2083 3365 2222 3409 auct.
2244 3359 2372 3409 eccl.
2400 3360 2521 3409 Par.
2549 3361 2702 3409 1692.

214 3444 253 3505 I,
279 3448 363 3495 51.
390 3462 431 3497 s.
458 3446 762 3509 Tillemont,
788 3445 1027 3495 Memoir.
1053 3446 1125 3509 11,
1156 3448 1269 3495 122.
1296 3460 1338 3496 s.
1366 3447 1483 3495 624.
1509 3462 1550 3495 s.
1591 3445 1650 3495 C.
1678 3444 1873 3507 Oudin,
1895 3461 2080 3496 comm.
2108 3445 2174 3496 de
2199 3448 2378 3511 script.
2412 3445 2562 3496 Eccl.
2592 3450 2700 3497 ant.

212 3532 358 3597 Lips.
396 3534 548 3582 1722.
586 3532 628 3595 Ι,
662 3533 748 3581 48.
778 3550 821 3583 s.
851 3534 1000 3582 1353.
1027 3549 1069 3583 s.
1106 3532 1224 3582 Nic.
1250 3531 1301 3581 le
1326 3532 1535 3597 Nourry
1562 3532 1708 3597 apud
1734 3530 2014 3598 Spreuger,
2041 3532 2348 3583 Thesaurus
2383 3534 2460 3583 rei
2493 3535 2700 3599 patrist.

214 3618 446 3668 Wirceb.
470 3620 621 3669 1784.
648 3618 694 3679 Ι,
717 3621 835 3668 240.
856 3632 898 3668 s.
935 3620 999 3669 R.
1021 3617 1251 3680 Ceillier,
1278 3619 1416 3669 Hist.
1438 3634 1556 3684 gen.
1581 3618 1675 3668 des
1700 3624 1811 3669 aut.
1834 3636 1874 3669 s.
1903 3621 2023 3670 Par.
2049 3621 2197 3670 1748.
2224 3621 2339 3683 XV,
2361 3623 2480 3671 362.
2517 3620 2568 3671 J.
2596 3619 2701 3669 Sir-

212 3705 460 3755 mondum
484 3704 537 3755 S.
552 3706 625 3769 J.,
652 3706 778 3756 diss.
798 3708 855 3755 in
875 3722 983 3772 qua
1001 3706 1248 3771 Dyonisii
1266 3706 1551 3757 Parisiens.
1580 3710 1631 3755 et
1649 3706 1808 3756 Dion.
1833 3708 2190 3773 Areopagitae
2217 3706 2500 3757 discrimen
2527 3712 2701 3758 osten-

216 3790 373 3841 ditur.
400 3792 499 3858 Op.
532 3808 645 3842 var.
684 3793 820 3842 Ven.
859 3795 1009 3842 1724.
1043 3792 1135 3855 IV,
1172 3794 1291 3842 241.
1326 3808 1368 3843 s.
1406 3793 1457 3842 J.
1492 3792 1794 3857 Delaunoy,
1831 3809 2070 3859 respons.
2109 3792 2174 3843 de
2209 3792 2368 3843 duob.
2395 3794 2554 3843 Dion.
2579 3795 2700 3844 Par.

218 3878 369 3929 1642.
406 3896 457 3944 p.
482 3881 601 3929 235.
643 3878 703 3929 C.
729 3879 933 3944 Byeum
960 3877 1013 3928 S,
1038 3878 1109 3941 J.,
1148 3878 1215 3928 de
1242 3896 1283 3929 s.
1310 3880 1569 3943 Dionysio
1607 3879 1934 3945 Areopagita
1972 3879 2170 3931 Comm.
2199 3894 2380 3945 praev·
2404 3882 2462 3929 in
2486 3880 2622 3929 Acta
2647 3878 2700 3929 S.

214 3964 265 4012 S.
294 3964 509 4017 Octobr.
537 3966 631 4027 IV,
660 3968 780 4016 696.
808 3982 848 4016 s.
886 3965 1138 4031 Lumper‚
1164 3966 1304 4015 Hist.
1340 3964 1497 4015 theol.
1536 3980 1608 4015 cr.
1642 3965 1687 4027 1,
1727 3968 1844 4015 396.
1871 3982 1913 4015 s.
1951 3967 2002 4016 J.
2043 3966 2106 4017 G.
2143 3967 2205 4015 V.
2241 3966 2597 4031 Engelhardt,
2635 3966 2700 4015 de

216 4050 472 4115 Dionysio
491 4052 825 4118 Areopagita
842 4052 1215 4102 Plotinizante.
1241 4052 1353 4101 Erl.
1379 4054 1528 4101 1823.
1550 4070 1601 4118 p.
1624 4055 1707 4103 50.
1729 4068 1769 4103 s.
1801 4053 1864 4102 L.
1883 4052 1946 4103 F.
1967 4052 2030 4103 O.
2051 4052 2699 4118 Baumgarten-Crusium,

214 4136 277 4186 de
314 4138 571 4203 Dionysio
618 4140 949 4205 Areopagita
982 4140 1037 4189 in
1072 4154 1257 4205 opusc.
1294 4139 1415 4190 Jen.
1458 4142 1603 4190 1836.
1643 4157 1694 4205 p.
1729 4142 1846 4190 268.
1881 4156 1922 4191 s.
1957 4128 2039 4190 ⁰R.
2074 4140 2314 4205 Koepke‚
2351 4140 2495 4205 apud
2527 4141 2700 4203 Pertz,

214 4224 357 4273 Mon.
386 4224 557 4275 Germ.
582 4225 708 4275 hist.
734 4226 915 4275 Hann.
944 4225 1095 4279 1851.
1121 4226 1213 4287 XI,
1242 4227 1359 4275 343.
1399 4226 1487 4275 Fr.
1508 4226 1715 4292 Hipler,
1736 4228 2027 4291 Dionysius
2047 4226 2142 4275 der
2158 4228 2480 4292 Areopagite
2500 4227 2700 4292 Augsb.

218 4313 367 4361 1861.
397 4328 444 4377 p.
473 4316 553 4362 11.
581 4328 622 4362 s.
665 4313 755 4377 qui
784 4312 895 4363 suis
927 4327 1081 4377 opem
1108 4312 1343 4362 tulerunt
1378 4312 1543 4376 libris,
1583 4328 1690 4362 non
1718 4318 1800 4363 est
1829 4328 1924 4363 cur
1955 4312 2055 4362 hoc
2081 4312 2201 4362 loco
2232 4313 2435 4378 prolixe
2464 4328 2702 4379 agamus.

216 4397 418 4447 Horum
442 4399 605 4450 libros
635 4399 812 4461 adeat,
839 4400 929 4464 qui
952 4398 1100 4448 volet
1124 4398 1300 4465 legere
1322 4399 1387 4448 de
1412 4402 1776 4450 controversia
1802 4415 1964 4465 super
1988 4400 2199 4465 scriptis
2224 4401 2436 4450 nomine
2456 4401 2704 4466 Dionysii

214 4484 546 4548 circumlatis,
588 4500 729 4551 quae
754 4498 945 4551 parum
971 4490 1119 4535 certa
1143 4491 1197 4535 et
1220 4487 1431 4535 sincera
1455 4491 1595 4535 sunt.
1634 4488 1820 4552 Neque
1847 4486 2126 4551 apologiae
2151 4487 2209 4536 P.
2238 4487 2303 4536 de
2328 4486 2562 4549 Halloix,
2591 4486 2702 4538 Ser.

216 4570 305 4619 Or.
332 4570 375 4629 1,
399 4574 444 4621 2.
468 4589 510 4622 s.
548 4587 596 4622 a.
623 4571 853 4633 Natalis,
882 4570 1005 4622 diss.
1039 4572 1212 4621 XXII.
1240 4572 1281 4634 I,
1310 4574 1427 4621 225.
1466 4574 1611 4623 Petri
1636 4572 1904 4622 Lansselii
1931 4570 1982 4620 S.
2009 4570 2078 4631 J.,
2107 4573 2252 4637 apud
2278 4572 2590 4623 Corderium
2616 4591 2703 4639 op.

214 4655 285 4719 11,
310 4659 424 4708 469.
460 4659 667 4726 aliquid
704 4659 1064 4724 profecerunt.
1139 4658 1179 4725 ³)
1225 4659 1469 4723 Ingenua
1504 4665 1557 4710 et
1593 4661 1918 4725 conspicuae
1954 4660 2165 4709 virtutis
2201 4666 2459 4710 matrona.
