3267 5259
1059 459 1105 500 S.
1126 454 1251 501 Pauli
1280 455 1491 509 epistolae
1516 455 1649 501 Roma
1675 456 1818 501 (istae.
2558 444 2688 513 435

202 641 272 695 ut
318 632 653 695 communi
710 632 1139 719 interpretum
1197 632 1436 698 iudicio
1487 654 1523 697 e
1571 634 1806 697 ceteris
1850 631 2152 719 Apostoli
2213 632 2502 719 epistolis
2558 656 2691 698 una

202 746 314 825 sit,
386 752 453 807 et
516 742 737 808 verbis
797 754 863 809 et
928 744 1227 810 sensibus
1288 747 1573 811 maxime
1641 745 1952 811 involuta.
2041 745 2438 831 Dogmatica
2503 756 2688 832 parte

202 855 519 943 epistolae
550 860 591 939 ¹,
660 881 709 923 s.
755 857 999 923 Paulus
1064 858 1389 945 Ephesios
1454 858 1752 924 hortatur
1819 858 1902 922 ad
1972 860 2402 924 constantiam
2469 858 2687 924 fidei².
2773 922 2780 931 ,

200 970 483 1056 Eloquio
533 969 821 1057 quodam
876 970 1265 1037 exuberanti
1308 982 1512 1037 totam
1560 970 1922 1055 Salutis,
1971 993 2140 1057 quae
2188 973 2457 1057 contigit
2501 971 2689 1037 nobis

204 1082 681 1149 Oeconomiam
740 1084 986 1170 pandit.
1065 1084 1194 1150 Ubi
1253 1087 1439 1171 ponit
1500 1085 1774 1149 effectus
1835 1083 2286 1167 redemtionis,
2351 1085 2462 1171 qui
2507 1094 2687 1150 sunt:

202 1198 415 1281 gratia
456 1196 893 1279 sanctificans,
937 1196 1159 1263 filiatio
1208 1197 1547 1285 adoptiva,
1608 1207 2033 1285 peccatorum
2077 1198 2400 1281 remissie,
2463 1207 2530 1263 et
2570 1220 2692 1284 per

203 1330 619 1396 consequens
648 1310 893 1395 gloriae
918 1320 1225 1376 aeternae
1258 1310 1521 1398 adeptio
1544 1314 1586 1375 ³.
1634 1310 1727 1377 Ut
1755 1334 1912 1377 vero
1947 1310 2382 1396 intelligerent
2407 1311 2689 1376 lectores

202 1422 640 1488 differentiam
698 1423 869 1488 inter
930 1424 1368 1489 conditionem
1421 1426 1744 1511 priorem,
1802 1447 1842 1489 a
1887 1448 2018 1511 qua
2060 1425 2278 1489 vocati
2322 1424 2563 1490 fuerint
2606 1424 2691 1489 ad

201 1546 657 1620 praesentem3
720 1539 1275 1624 comparationem
1334 1539 1607 1603 instituit
1670 1547 1875 1602 status
1939 1537 2332 1602 infidelitatis
2394 1549 2460 1603 et
2501 1536 2688 1623 fidei3

200 1658 272 1712 ut
317 1672 407 1713 ex
452 1647 577 1713 hac
625 1649 985 1715 discerent:
1055 1651 1233 1738 quod
1288 1650 1561 1716 multum
1621 1660 1929 1716 tenentur
1981 1651 2236 1718 Christo
2299 1674 2442 1717 esse
2503 1651 2688 1737 grati,

200 1784 321 1847 per
368 1784 565 1848 quem
610 1763 903 1828 translati
950 1774 1100 1829 sunt
1137 1763 1221 1829 ab
1262 1762 1371 1829 illo
1416 1775 1593 1830 statu
1622 1764 1707 1828 ad
1751 1767 1944 1829 istum
1964 1768 2007 1828 ⁴.
2057 1764 2475 1852 Quapropter
2519 1766 2610 1829 ait
2632 1768 2688 1828 ⁵:

202 1898 271 1939 se
344 1874 833 1941 devotissimam
903 1877 1179 1943 fundere
1250 1880 1646 1961 orationem,
1728 1880 1795 1943 in
1864 1901 1994 1964 qua
2059 1877 2346 1965 postulat
2411 1902 2452 1944 a
2509 1878 2688 1961 Deo;

200 1998 273 2051 nt
302 1987 419 2053 det
447 1988 753 2076 Ephesiis
797 1991 1103 2055 virtutem
1134 1991 1285 2055 fidei
1330 1990 1509 2055 illum
1542 1993 1608 2055 in
1636 1991 1856 2075 finem,
1903 2001 1976 2055 ut
2017 2014 2240 2055 amore
2289 1990 2690 2057 corroborati

202 2100 675 2187 plenitudinem
709 2101 1029 2168 donorum
1063 2104 1340 2190 Spiritus
1373 2102 1438 2167 S.
1469 2113 1956 2191 consequantur
1973 2107 2017 2168 ⁶.
2079 2103 2186 2167 Ad
2215 2126 2469 2168 morum
2503 2126 2688 2169 acce-

204 2214 365 2279 dens
413 2214 809 2299 doctrinam,
862 2216 1161 2304 Ephesiis
1206 2216 1465 2303 regulas
1508 2217 1877 2304 impertitur
1922 2216 2008 2281 ad
2053 2219 2252 2281 vitam
2295 2217 2468 2282 bene
2513 2218 2690 2283 insti-

200 2328 529 2394 tuendam.
606 2329 837 2394 Monet
880 2352 993 2395 eos
1055 2332 1367 2417 imprimis
1428 2331 1513 2396 ad
1556 2332 1872 2395 unitatem
1934 2329 2210 2417 Spiritus
2231 2334 2276 2395 ⁷.
2351 2330 2502 2395 Jam
2547 2330 2689 2395 aliis

412 2640 451 2703 ¹)
481 2638 541 2689 C.
566 2641 717 2689 1-3.
756 2638 795 2703 ²)
826 2639 1001 2701 Dicta,
1028 2654 1095 2689 ea
1118 2654 1227 2705 qua
1251 2638 1387 2689 solet
1411 2640 1633 2703 ratione,
1662 2640 1832 2690 salute
1859 2640 2144 2690 lectoribus
2167 2644 2214 2703 1,
2237 2642 2283 2689 1.
2304 2643 2370 2702 2.,
2398 2640 2473 2705 pii
2497 2641 2684 2705 gratis-

202 2725 427 2791 simique
478 2726 643 2775 animi
688 2731 837 2776 motu
884 2726 1053 2775 fertur
1093 2726 1407 2791 Apostolus,
1463 2732 1525 2776 ut
1572 2725 1822 2776 laudibus
1870 2726 2042 2776 Deum
2098 2726 2354 2791 celebret3
2401 2732 2686 2793 propterea

202 2812 343 2877 qnod
392 2812 647 2878 Ephesiis
707 2814 1082 2879 augustissima
1136 2826 1381 2879 quaeque
1436 2814 1700 2863 beneficia
1753 2828 1848 2880 per
1903 2812 2097 2863 Christi
2152 2814 2460 2879 religionem
2523 2815 2684 2865 obve-

201 2905 407 2949 nerant.
472 2899 515 2963 ³)
560 2898 769 2950 Idcirco
816 2914 873 2951 se
919 2916 1028 2950 non
1074 2898 1317 2951 desinere
1354 2917 1451 2966 pro
1487 2902 1553 2951 iis
1591 2902 1792 2967 gratias
1835 2916 2011 2967 agere,
2054 2906 2216 2967 atque
2263 2900 2418 2952 simul
2461 2903 2684 2967 precari,

200 2992 257 3034 nt
290 2986 533 3036 habeant
578 2986 905 3037 illuminatos
950 2986 1135 3037 oculos
1170 2989 1361 3037 mentis
1398 2986 1467 3037 ad
1504 2987 1957 3052 cognoscendum:
2004 2993 2258 3053 quantam
2304 2988 2686 3039 haereditatem

200 3074 305 3123 sint
326 3076 494 3137 nacti,
520 3073 665 3139 quali
690 3076 931 3139 potentia
948 3074 1099 3125 Deus
1120 3090 1249 3140 erga
1264 3074 1450 3125 fideles
1476 3076 1670 3140 vigeat,
1699 3076 1882 3125 eadem
1906 3076 2067 3141 plane
2093 3076 2298 3125 ratione
2325 3091 2434 3141 qua
2457 3078 2686 3142 viguerit

202 3175 325 3225 erga
351 3160 651 3211 Christum:
688 3176 845 3227 quem
880 3162 937 3211 in
973 3162 1137 3211 vitam
1174 3163 1507 3212 revocaverit
1541 3176 1577 3211 a
1602 3164 1841 3223 mortuis,
1871 3167 2179 3213 revocatum
2205 3168 2384 3213 autem
2415 3164 2470 3212 in
2506 3163 2684 3215 coelos

202 3250 451 3311 evexerit,
490 3249 577 3297 cui
614 3249 793 3298 omnia
827 3248 1079 3313 subiecit3
1120 3265 1275 3315 quem
1315 3254 1477 3315 caput
1527 3249 1674 3299 dedit
1708 3250 2008 3311 Ecclesiae,
2047 3264 2184 3315 quae
2223 3254 2304 3299 est
2339 3264 2534 3316 corpus
2570 3252 2684 3301 eius

202 3340 251 3384 et
296 3335 579 3401 plenitudo
624 3332 891 3404 πλήρωμα,
938 3337 995 3387 ἰιι
1044 3350 1203 3401 quam
1240 3337 1317 3387 sic
1363 3338 1555 3401 iugiter
1601 3337 1802 3399 influit,
1848 3342 1910 3387 ut
1953 3336 2023 3386 ad
2067 3336 2224 3386 finem
2269 3352 2440 3402 nsque
2487 3336 2682 3392 foveat.

200 3424 457 3487 novisque
504 3423 843 3473 incrementis
888 3422 1193 3489 locupletet.
1234 3425 1280 3486 1,
1320 3425 1505 3473 3—23.
1562 3423 1605 3487 ⁴)
1651 3423 1866 3473 Etenim
1913 3422 2162 3474 differunt
2204 3424 2360 3475 sicuti
2404 3425 2584 3473 vivum
2631 3430 2684 3473 et

198 3514 478 3559 mortuum.
528 3510 665 3559 Nam
710 3514 881 3561 status
930 3510 1228 3577 paganismi
1264 3512 1312 3573 2,
1350 3512 1398 3559 2.
1440 3524 1483 3559 s.
1521 3515 1603 3560 est
1635 3515 1808 3561 status
1855 3512 2054 3573 mortis,
2101 3516 2316 3577 propter
2359 3516 2586 3576 peccata
2627 3512 2682 3561 in

200 3598 395 3661 quibus
430 3596 623 3647 vivunt
656 3596 910 3661 gentiles3
948 3602 1119 3647 status
1156 3602 1333 3648 autem
1372 3596 1497 3647 fidei
1534 3602 1617 3648 est
1653 3602 1822 3647 status
1857 3600 2026 3660 vitae,
2064 3604 2281 3663 propter
2315 3599 2540 3663 gratiam
2577 3612 2684 3664 qna

199 3682 597 3733 convivificavit
630 3698 729 3734 nos
754 3684 905 3734 Deus
938 3686 995 3733 in
1020 3683 1247 3748 Christo,
1286 3690 1341 3734 et
1376 3686 1820 3734 conresuscitavit
1856 3690 1910 3734 et
1939 3684 2120 3735 eduxit
2142 3686 2198 3734 in
2223 3684 2420 3739 coelos.
2459 3685 2682 3735 Cessare

200 3772 481 3822 discrimen
517 3772 659 3821 inter
693 3771 919 3837 gentiles
966 3787 1031 3821 ex
1076 3786 1185 3821 una
1228 3776 1397 3837 parte,
1445 3777 1499 3822 et
1533 3772 1708 3822 Deum
1745 3788 1809 3822 ac
1847 3771 2100 3839 populum
2135 3774 2435 3823 testamenti
2474 3788 2537 3822 ex
2575 3773 2684 3823 alia

197 3864 360 3923 parte.
402 3858 485 3908 Cf.
510 3857 561 3907 J.
602 3857 725 3908 Chr.
759 3859 951 3921 Dares,
989 3859 1053 3908 de
1090 3860 1295 3923 pariete
1331 3860 1653 3924 intergerino
1691 3875 1786 3925 per
1813 3858 2075 3909 Christum
2115 3858 2382 3909 destructo
2419 3860 2472 3909 in
2504 3860 2602 3909 Th.
2627 3876 2680 3910 n.

198 3962 245 4010 p.
264 3947 385 3997 918.
413 3960 457 3995 s.
497 3946 601 4007 Qui
627 3946 767 3995 enim
802 3946 950 4011 prius
974 3946 1188 3996 fuerant
1212 3945 1372 3995 alieni
1398 3960 1431 3995 a
1454 3947 1572 3997 Deo
1600 3952 1654 3997 et
1679 3948 1934 4008 extranei,
1971 3962 2068 4013 per
2105 3945 2368 3996 Christum
2394 3946 2523 3996 facti
2557 3951 2683 3997 sunt

198 4034 481 4098 propingni
515 4037 571 4082 et
607 4032 908 4097 domestici3
946 4049 1055 4083 non
1090 4047 1207 4083 esse
1246 4048 1337 4083 eos
1372 4032 1501 4083 dicit
1534 4033 1762 4099 amplius
1801 4033 2034 4097 hospites
2063 4038 2115 4083 et
2139 4033 2371 4096 alienos3
2409 4032 2506 4083 sed
2535 4034 2680 4083 cives

199 4120 381 4171 eodem
406 4122 525 4170 iure
552 4120 789 4170 fruentes
816 4120 1288 4187 superaedificatos
1315 4122 1369 4169 in
1394 4120 1568 4184 domo,
1607 4135 1772 4187 supra
1803 4120 2204 4171 fundamentum
2228 4121 2297 4170 ab
2322 4120 2592 4186 Apostolis
2629 4126 2682 4171 et

198 4208 469 4271 prophetis
488 4207 705 4271 iactum,
733 4222 871 4272 quae
894 4206 1104 4258 Christo
1125 4213 1380 4273 tanquam
1407 4209 1654 4273 angulari
1671 4208 1837 4274 lapidi
1863 4208 2133 4269 incumbit,
2160 4208 2212 4257 in
2241 4223 2348 4273 quo
2373 4207 2678 4273 copulatum

198 4298 359 4345 totum
392 4292 705 4345 aedilicium
742 4300 951 4345 crescat
985 4296 1041 4344 in
1065 4296 1343 4361 Templum
1368 4297 1585 4345 Domini
1618 4300 2034 4345 sacrosanctum.
2095 4296 2139 4360 ⁵)
2177 4298 2226 4357 3,
2255 4299 2302 4345 1.
2364 4294 2405 4360 ⁶)
2437 4296 2682 4345 Recurrit

198 4381 262 4430 acl
298 4382 475 4431 Deum
502 4382 733 4445 Patrem,
770 4386 833 4431 nt
866 4381 1115 4449 suppleat
1150 4398 1336 4449 preces
1376 4398 1471 4448 pro
1510 4382 1613 4433 illis
1653 4388 1950 4448 susceptas.
1999 4382 2141 4432 Huic
2179 4388 2356 4433 autem
2392 4384 2679 4433 sententia-

199 4484 307 4519 rum
342 4468 623 4519 contextui
658 4483 701 4519 s.
746 4468 947 4519 Paulus
994 4469 1152 4535 plura
1197 4470 1306 4520 alia
1354 4471 1662 4519 interseruit
1695 4472 1745 4532 3,
1783 4472 1989 4533 2—13.,
2041 4469 2106 4519 de
2151 4470 2327 4535 seipso
2365 4474 2420 4520 et
2463 4486 2680 4521 munere

200 4556 297 4605 sibi
333 4554 567 4619 credito3
604 4555 699 4606 ubi
723 4560 777 4605 et
806 4556 1048 4606 hortatur
1084 4570 1175 4607 eos
1208 4572 1276 4606 ne
1314 4556 1619 4621 affligantur
1655 4557 1800 4622 qnod
1832 4572 1926 4623 pro
1955 4556 2163 4608 Christo
2190 4557 2244 4606 in
2270 4557 2486 4607 vincula
2523 4558 2677 4609 datus

202 4640 351 4692 fuerit
388 4641 697 4709 Apostolus.
773 4642 815 4701 ⁷)
854 4642 901 4705 4,
941 4646 1127 4693 1-16.
1179 4644 1376 4693 Omnes
1416 4642 1611 4693 Christi
1649 4642 1834 4693 fideles
1875 4660 2040 4694 unum
2084 4644 2447 4695 tantummodo
2486 4660 2680 4711 corpus

2270 4732 2370 4781 28*
