3267 5259
628 440 713 502 36
1300 451 1424 494 nist.
1455 450 1561 493 Rev.
1590 451 1679 493 div.
1708 452 1764 495 N.
1789 451 1838 493 ¹1¹.
1869 452 2037 495 Period.
2066 452 2099 493 1.
2119 462 2212 503 cap.
2241 452 2441 504 prunum.

628 629 833 693 spiritu,
859 632 953 677 aut
986 628 1191 677 visione
1228 627 1283 675 id
1320 627 1528 689 fecisse,
1554 630 1869 679 temerarius
1907 633 2049 679 esset
2085 630 2326 694 quisquis
2362 627 2500 677 haec
2535 627 2807 677 adiiceret.
2857 628 2940 677 Ea
2975 628 3092 676 enim

626 716 1061 779 interpretatione
1098 712 1151 762 S.
1179 712 1231 762 S.
1258 712 1389 764 fides
1424 714 1864 764 labefactaretur:
1903 715 2165 780 siquidem
2195 730 2262 765 ea
2289 715 2481 777 omnia,
2509 728 2648 779 quae
2677 714 2836 764 nobis
2865 718 2924 763 nt
2949 714 3094 763 realis

626 805 1011 867 proponuntur,
1051 805 1271 865 possent
1306 801 1423 865 pari
1460 802 1575 850 iure
1610 802 1668 851 in
1703 802 1938 852 visiones
1975 806 2030 850 et
2063 802 2471 867 imaginationes
2507 801 2733 851 traduci.
2795 800 2938 862 Quid
2973 799 3094 865 quod

628 903 693 938 ea
728 888 932 937 ratione
968 886 1093 936 inde
1128 888 1285 937 varia.
1314 886 1692 952 colligerentur
1725 884 2018 955 πορίσματα,
2047 887 2117 937 ad
2146 902 2286 953 quae
2321 889 2435 937 veri
2473 889 2671 953 quique
2708 885 2892 936 fideles
2931 887 3094 936 exhor-

624 980 909 1027 rescerent.
969 973 1112 1023 Illud
1148 978 1327 1029 autem
1360 975 1602 1037 inprimis
1639 974 1932 1025 notandum
1987 990 2031 1023 c.
2071 974 2215 1039 quod
2245 990 2364 1023 cum
2395 972 2447 1023 S.
2472 974 2651 1023 Lucas
2679 974 2780 1022 Ev.
2809 973 2876 1022 de
2903 972 3093 1021 Christo

625 1064 923 1113 narraverit
948 1063 999 1123 4,
1027 1064 1073 1110 1.
1100 1056 1277 1128 ,,ἤγετο
1306 1056 1353 1109 ἐν
1380 1062 1451 1127 τῷ
1478 1058 1713 1128 πνεύματι
1741 1058 1806 1119 εἰς
1833 1056 1920 1125 τὴν
1950 1057 2165 1128 ἕρημον“
2189 1061 2354 1111 verbo
2381 1065 2563 1111 utatur
2591 1060 2872 1122 simillimo,
2903 1059 3094 1125 quando

626 1148 787 1199 refert
834 1144 1044 1215 „ista-sev
1082 1142 1223 1195 αὐτὸν
1270 1144 1336 1204 εἰς
1384 1144 1744 1215 Ἱερουσαλήμ“
1780 1164 1830 1197 v,
1859 1150 1932 1211 9.‚
1973 1153 2026 1197 et
2060 1149 2247 1197 iterum
2287 1148 2379 1197 ubi
2418 1148 2548 1196 dicit
2583 1142 2876 1215 ,,ἆναγαγὼν
2911 1140 3044 1195 αὐτὸν
3073 1140 3096 1193 ὁ

626 1232 854 1301 διάβολος
890 1231 957 1292 εἰς
992 1228 1105 1301 ὅρος
1140 1228 1360 1299 ὕψηλόν“
1399 1250 1448 1283 v·
1486 1238 1535 1283 5.
1595 1234 1720 1283 Jam
1755 1250 1884 1285 vero
1921 1250 2042 1285 cum
2079 1234 2218 1284 idem
2255 1233 2578 1284 vocabulum
2623 1227 2781 1301 ἄγειν,
2827 1234 3008 1283 iisdem
3049 1234 3094 1280 in

624 1322 885 1383 historiis,
934 1320 1227 1385 eademque
1280 1336 1455 1370 rerum
1511 1322 1672 1383 serie,
1719 1326 1800 1371 ter
1855 1326 2123 1383 occurrat,
2171 1336 2348 1371 nonne
2393 1320 2626 1371 ludibrio
2679 1320 2760 1369 illi
2813 1326 3094 1371 contextum
3188 1338 3189 1343 ¹

626 1408 842 1471 habent,
883 1408 976 1473 qui
1012 1407 1207 1457 docent
1240 1408 1413 1473 prima
1448 1408 1565 1455 vice
1611 1408 1825 1469 realem,
1865 1407 1984 1458 aliis
2020 1424 2147 1457 vero
2181 1408 2389 1459 vicibus
2435 1408 2802 1472 imaginariam
2847 1412 3092 1471 transpor-

622 1495 879 1544 tationem
898 1494 1201 1559 significari.
1220 1494 1477 1543 Addimus
1500 1494 1549 1543 d.
1564 1495 1609 1544 si
1628 1494 1876 1545 diabolus
1895 1496 2099 1545 visione
2120 1494 2303 1560 aliqua
2323 1493 2381 1545 C.
2397 1494 2463 1543 D.
2478 1494 2658 1557 illusit,
2677 1494 2866 1543 horum
2891 1494 3094 1543 alterum

624 1582 929 1631 necessario
974 1582 1242 1643 evenisse,
1290 1586 1349 1630 ut
1392 1579 1479 1630 vel
1540 1597 1583 1629 α.
1632 1581 1879 1632 sensibus
1926 1586 1978 1631 et
2023 1582 2394 1646 imaginationi
2435 1586 2667 1642 tantum,
2714 1580 2802 1629 vel
2861 1576 2903 1645 β.
2951 1580 3094 1628 menti

626 1683 839 1734 quoque
884 1668 1064 1717 fucum
1108 1666 1319 1729 fecerit,
1364 1666 1666 1732 falsumque
1712 1667 1922 1717 Christo
1969 1670 2318 1733 persuaserit,
2375 1669 2550 1731 ipsum
2596 1682 2671 1718 sc.
2707 1682 3008 1733 quanquam
3049 1668 3096 1714 in

624 1756 841 1821 regione
877 1754 1041 1820 plana
1076 1758 1389 1816 versaretur,
1426 1755 1482 1803 in
1524 1754 1814 1819 pinnaculo
1859 1760 2038 1805 tamen
2081 1754 2290 1819 Templi
2337 1760 2432 1805 aut
2473 1756 2668 1806 montis
2713 1755 2910 1803 vertice
2955 1759 3095 1803 stare.

625 1841 1009 1907 Quodcumque
1060 1847 1237 1891 autem
1285 1826 1609 1902 admittatur,
1647 1842 1964 1906 gravissima
1998 1857 2116 1892 sese
2167 1840 2393 1890 offerunt
2441 1841 2795 1891 incommoda.
2867 1840 2924 1889 Si
2971 1840 3094 1889 enim

624 1944 673 1981 κ.
712 1930 861 1993 prius
898 1933 1178 1990 statuatur,
1215 1927 1272 1976 id
1308 1932 1621 1993 sequeretur
1657 1927 1802 1977 illius
1839 1928 2186 1977 tentationem
2221 1927 2410 1978 Matth.
2448 1931 2497 1991 4,
2537 1930 2584 1977 6.
2623 1929 2954 1993 nugatoriam
2992 1942 3094 1976 esse

625 2023 679 2067 et
713 2019 951 2077 inanem,
992 2031 1055 2065 eo
1102 2014 1247 2080 quod
1294 2012 1537 2064 Christus
1582 2015 1780 2079 optime
1824 2018 1953 2064 tunc
1995 2018 2202 2077 nosset,
2238 2014 2295 2063 id
2341 2030 2459 2065 esse
2504 2030 2721 2077 prorsus
2767 2014 3094 2077 impossibile,

625 2106 753 2170 quia
788 2109 914 2153 tunc
951 2104 1007 2151 in
1044 2101 1159 2152 solo
1197 2100 1469 2165 aequabili
1514 2101 1710 2151 stabat.
1767 2102 1956 2167 Neque
2003 2107 2119 2151 erat
2162 2102 2308 2167 quod
2343 2106 2566 2151 satanae
2613 2101 2958 2167 responderet
2991 2101 3022 2149 l.
3055 2115 3094 2149 c.

621 2208 673 2241 v.
713 2194 757 2241 7.
818 2188 976 2251 Quod
1020 2190 1065 2239 si
1108 2188 1373 2253 posterius
1418 2200 1460 2239 2.
1499 2188 1617 2253 quis
1675 2188 1978 2251 perhibeat,
2015 2188 2072 2237 id
2119 2188 2496 2239 scandalosum
2543 2187 2670 2254 quid
2717 2204 2848 2253 prae
2883 2204 2940 2239 se
2975 2188 3092 2247 fert3

622 2279 701 2329 sic
726 2279 867 2328 enim
899 2276 1163 2341 potuisset
1186 2278 1419 2323 tentator
1448 2272 1659 2323 Christo
1689 2275 2031 2339 persuadere,
2062 2276 2436 2340 praecipitium
2467 2290 2584 2325 esse
2611 2276 2784 2325 solum
2812 2274 3094 2339 aequabile,

626 2366 801 2430 ipsum
840 2378 905 2413 eo
941 2362 1217 2423 inducere,
1255 2366 1317 2410 ut
1352 2376 1409 2410 se
1446 2362 1793 2426 praecipitem
1830 2362 2004 2423 daret,
2043 2362 2236 2413 falsum
2272 2363 2386 2411 veri
2422 2362 2540 2411 loco
2583 2377 2902 2427 supponere.
2959 2362 3095 2422 Quae

622 2453 802 2501 omnia
846 2454 969 2501 sunt
1015 2447 1329 2498 detestanda
1365 2451 1419 2496 et
1460 2447 1612 2510 talia,
1662 2462 1800 2513 quae
1848 2450 2078 2510 optimus
2123 2450 2350 2515 quisque
2396 2454 2689 2499 aversatur.
2761 2446 2867 2497 Sed
2903 2452 2954 2497 et
2987 2462 3094 2495 cum

622 2537 890 2587 immensis
937 2536 1043 2585 illis
1090 2535 1383 2601 sapientiae
1430 2538 1483 2583 et
1528 2535 1787 2585 scientiae
1833 2534 2124 2597 thesauris,
2165 2551 2298 2601 quos
2343 2536 2398 2585 in
2447 2535 2658 2585 Christo
2703 2536 2966 2585 exstitisse
3007 2548 3092 2581 nos

628 2623 787 2673 docet
828 2622 1116 2689 Apostolus
1154 2621 1269 2671 Col.
1317 2624 1375 2683 2,
1422 2623 1471 2671 3.
1518 2635 1858 2687 nequaquam
1903 2626 2082 2683 potest
2125 2623 2432 2672 consistere.
2515 2622 2658 2683 Quid
2703 2622 2900 2671 multa?
2949 2620 3092 2684 longe

621 2708 987 2759 incredibilius
1025 2714 1107 2759 est
1142 2721 1452 2758 concessam
1488 2707 1736 2757 daemoni
1762 2708 1928 2758 fuisse
1959 2708 2268 2759 facultatem
2298 2708 2558 2758 illudendi
2585 2710 2748 2759 menti
2776 2709 3090 2767 Dominicae‚

624 2810 782 2861 quam
818 2794 1173 2845 transferendi
1208 2795 1276 2845 de
1312 2794 1431 2844 loco
1468 2796 1523 2844 in
1560 2794 1736 2844 locum
1774 2796 2028 2861 corporis.
2091 2812 2136 2845 e.
2175 2794 2391 2845 Nullum
2428 2800 2512 2845 est
2545 2796 2927 2845 inconveniens
2962 2792 3091 2859 quod

623 2882 869 2931 diabolus
898 2882 1163 2933 Christum
1189 2882 1513 2932 assumserit.
1561 2881 1869 2932 Meminisse
1894 2883 2034 2932 enim
2059 2886 2284 2948 oportet,
2312 2897 2452 2947 quae
2477 2882 2840 2933 divinissimus
2865 2880 3093 2930 Salvator

624 2971 757 3034 ipse,
794 2968 928 3018 Luc.
954 2970 1037 3030 22,
1065 2970 1149 3018 53.
1198 2968 1399 3019 Paulus
1438 2968 1503 3017 de
1542 2968 1753 3018 Christo
1789 2968 1956 3018 Hebr.
1981 2970 2031 3031 4,
2061 2970 2158 3030 15„
2190 2974 2244 3019 et
2273 2969 2339 3018 de
2363 2985 2422 3019 se
2455 2969 2508 3017 H
2537 2968 2658 3019 Cor.
2687 2972 2771 3031 12,
2800 2970 2845 3018 7.
2869 2973 3090 3017 testetur.

623 3056 823 3117 Quidni
866 3071 997 3105 vero
1043 3057 1279 3121 potuerit
1324 3055 1570 3104 diabolus
1619 3070 1650 3104 e
1694 3055 1814 3105 loco
1859 3056 1914 3105 in
1961 3055 2136 3105 locum
2181 3052 2468 3107 transferre
2512 3056 2662 3105 illum
2707 3057 2904 3122 ipsum,
2951 3069 3092 3119 quem

625 3145 740 3193 eius
786 3142 1047 3193 satellites
1092 3142 1290 3204 Judas,
1332 3140 1591 3205 Caiphae,
1629 3142 1837 3191 Pilatus
1871 3142 1930 3192 in
1965 3158 2178 3192 crucem
2219 3143 2472 3208 deinceps
2518 3147 2672 3192 erant
2715 3141 3001 3193 sublaturi?
3041 3144 3092 3187 ut

624 3232 874 3281 observat
911 3228 961 3278 d.
988 3228 1292 3295 Gregorius,
1332 3228 1470 3279 hom.
1504 3244 1546 3278 s.
1583 3245 1628 3278 c.
1684 3230 1826 3290 Quin
1874 3234 1926 3278 et
1971 3246 2034 3279 eo
2079 3230 2420 3280 illustriorem
2465 3229 2594 3279 fecit
2635 3230 2914 3279 victoriam
2955 3242 3092 3277 suam

618 3318 928 3379 Redemtor‚
968 3316 1111 3383 quod
1146 3316 1351 3366 isthaec
1386 3315 1696 3366 adversario
1733 3332 1830 3366 suo
1868 3317 2188 3381 permiserit3
2239 3315 2673 3382 quandoquidem
2713 3316 2858 3366 ultra
2889 3314 3012 3364 nihi]
3047 3313 3092 3361 ei

620 3404 959 3455 concesserit.
1008 3404 1082 3453 Et
1108 3408 1251 3453 certe
1280 3402 1477 3452 Christi
1506 3402 1722 3468 quidem
1759 3417 1953 3468 corpus
1989 3402 2162 3452 valuit
2195 3418 2434 3467 movere3
2473 3408 2530 3452 at
2555 3404 2718 3452 animi
2755 3402 3092 3453 constantiam

621 3508 649 3541 e
695 3494 800 3542 situ
844 3507 942 3542 suo
987 3490 1293 3540 nullatenus
1338 3490 1513 3555 potuit
1557 3504 1818 3539 emovere.
1891 3490 2004 3539 Imo
2052 3505 2169 3539 cum
2217 3489 2380 3540 Jesus
2425 3504 2460 3538 a
2503 3494 2696 3539 satana
2742 3489 3089 3545 deduceretur,

618 3580 791 3643 ipsum
828 3576 1014 3626 eodem
1051 3581 1287 3642 tempore
1321 3575 1549 3626 vinculis
1577 3577 1656 3626 sic
1683 3576 1958 3641 alligatum
1994 3565 2230 3638 tenebat,
2259 3576 2496 3627 eiusdem
2543 3576 2623 3627 sic
2667 3576 2913 3625 frenabat
2943 3575 3088 3632 vir-es,

619 3670 679 3713 ut
713 3665 919 3714 nullum
954 3663 1057 3714 sibi
1094 3669 1276 3725 posset
1309 3662 1549 3728 infligere
1588 3662 1854 3712 damnum.
1914 3663 2106 3728 Itaque
2142 3664 2200 3712 in
2235 3662 2338 3713 hac
2375 3662 2572 3713 Christi
2609 3663 2956 3722 assumtione,
2991 3673 3090 3708 non

618 3756 727 3800 tarn
764 3751 1036 3800 daemonis
1083 3765 1243 3816 quam
1290 3749 1582 3800 Salvatoris
1626 3750 1884 3800 mirabilis
1931 3750 2108 3799 elucet
2152 3751 2406 3815 potentia.
2465 3749 2645 3799 Audet
2689 3748 2933 3799 diabolus
2975 3746 3092 3810 quia

618 3838 765 3888 Deus
821 3838 1083 3903 permisit,
1131 3837 1221 3901 qui
1268 3836 1549 3901 prohibere
1594 3841 1820 3902 poterat.
1893 3838 2082 3902 Neque
2137 3836 2308 3887 solum
2353 3835 2611 3885 mirabilis
2659 3850 2727 3885 ea
2771 3836 2827 3885 in
2871 3850 2926 3883 re
2966 3832 3090 3881 Jesu

618 3925 880 3990 potentia;
926 3923 1163 3973 eiusdem
1198 3923 1413 3973 bonitas
1450 3924 1607 3988 longe
1645 3923 1960 3986 mirabilior,
1998 3924 2055 3971 in
2095 3938 2158 3972 eo
2197 3922 2341 3987 quod
2377 3924 2544 3973 nostri
2589 3937 2757 3973 causa
2791 3928 2898 3971 tam
2941 3932 3090 3985 grave

617 4013 961 4077 opprobrium
998 4010 1227 4060 voluerit
1272 4010 1468 4060 subire.
1528 4010 1778 4076 Denique
1832 4010 1867 4059 f.
1905 4012 1950 4061 si
1989 4010 2057 4059 ab
2105 4014 2534 4075 arg-umentorum
2581 4006 2993 4075 propugnaculis
3025 4003 3090 4053 ad

616 4097 931 4149 Maiorum
966 4098 1351 4147 testimonia
1387 4096 1736 4161 confugimus,
1774 4098 1831 4145 in
1867 4098 1932 4147 iis
1971 4102 2115 4147 certe
2150 4098 2434 4145 maximum
2471 4096 2730 4146 habemus
2765 4092 3088 4161 praesidiiun.

617 4186 936 4251 Quanquam
974 4185 1113 4235 enim
1148 4184 1369 4234 Veteres
1406 4184 1574 4246 multi,
1606 4199 1831 4248 quorum
1858 4200 2022 4249 penes
2059 4200 2158 4233 nos
2195 4188 2322 4233 sunt
2347 4183 2547 4248 scripta
2571 4210 2636 4219 --
2663 4182 2937 4246 Origenes,
2959 4178 3088 4227 hom.

617 4272 784 4322 XXX.
812 4278 867 4323 et
889 4272 1085 4323 XXXI.
1110 4273 1165 4321 in
1190 4272 1413 4321 Lucam.
1440 4270 1522 4320 ed.
1548 4272 1753 4321 Lomm.
1778 4288 1830 4334 p.
1859 4272 1972 4321 198.
2000 4273 2118 4322 200.
2145 4288 2186 4321 s.
2213 4286 2255 4321 s.
2285 4269 2345 4319 C.
2369 4270 2660 4331 Juvencus,
2687 4268 2720 4318 l.
2747 4270 2790 4318 1.
2817 4268 2882 4317 de
2915 4278 3088 4328 evang-

616 4358 736 4408 hist.
771 4358 852 4409 ed.
885 4360 1060 4425 Lugd.
1094 4375 1146 4424 p.
1182 4360 1264 4409 22.
1300 4357 1352 4406 S.
1386 4357 1655 4419 Hilarius,
1692 4373 1877 4409 comm.
1915 4358 1970 4406 in
2005 4358 2194 4408 Matth.
2230 4357 2338 4419 111,
2377 4358 2427 4407 4.
2464 4374 2517 4419 p.
2557 4358 2637 4406 14.
2689 4354 2742 4405 S.
2776 4352 3088 4411 Ambrosius,

618 4460 797 4507 expos.
824 4462 903 4496 ev-
930 4461 971 4496 s.
997 4447 1133 4496 Luc.
1156 4446 1191 4495 l.
1217 4446 1309 4508 IV,
1338 4447 1419 4495 23.
1446 4461 1488 4495 s.
1515 4461 1566 4509 p.
1596 4446 1746 4495 1340.
1773 4461 1814 4496 s.
1865 4443 1918 4494 S.
1943 4444 2184 4494 «Ioannes
2221 4442 2655 4507 Chrysostomus,
2690 4442 2832 4493 hom.
2865 4439 3006 4491 XIII.
3035 4438 3088 4484 in

614 4530 801 4580 Matth.
827 4534 876 4581 3.
902 4548 945 4582 s.
968 4548 1020 4597 p.
1048 4535 1164 4582 171.
1190 4550 1231 4583 s.
1260 4531 1311 4581 S.
1336 4532 1711 4596 Hieronymus,
1738 4547 1922 4581 comm.
1949 4532 2006 4580 in
2029 4530 2218 4580 Matth.
2243 4530 2278 4580 l.
2303 4530 2346 4593 1,
2377 4531 2426 4580 5.
2461 4545 2514 4595 p.
2541 4532 2624 4579 20.
2676 4528 2731 4579 S.
2755 4527 3087 4593 Augustinus,

616 4618 681 4670 de
707 4634 853 4668 cons.
877 4618 1084 4685 Evang.
1111 4618 1182 4681 Π,
1212 4622 1290 4669 16.
1317 4636 1369 4684 p.
1394 4620 1478 4669 47.
1530 4618 1582 4667 S.
1609 4618 1873 4669 Maximus
1906 4618 2272 4681 Taurinensis,
2306 4616 2445 4666 hom.
2473 4616 2539 4665 de
2563 4616 2767 4677 Quadr.
2789 4616 2881 4665 VI.
2907 4632 2954 4681 p.
2981 4612 3086 4662 127.
