3267 5259
590 418 717 483 218
1346 430 1541 473 nodeca
1570 430 1933 481 Disquinitionun
1963 430 2318 482 theologicarum.

590 610 855 683 linguam
878 608 1111 667 Christo
1142 612 1438 685 propriam
1468 614 1524 667 et
1558 610 1914 667 familiarem
1941 610 2136 667 fuisse.
2191 610 2636 668 concedendum
2666 610 2904 667 interim
2931 611 3043 675 erit,

592 720 822 789 praetor
852 732 1195 785 arumneam,
1230 716 1408 771 etiam
1439 714 1704 789 linguam
1735 734 2000 789 graecam
2031 716 2097 771 in
2125 718 2418 773 communi
2459 718 2618 772 vitae
2663 716 3046 771 consuetudine

588 818 764 875 fuisse
808 817 1185 887 familiarem;
1232 838 1379 896 quae
1422 820 1726 876 scribendo
1773 820 2026 875 maxime
2072 818 2425 895 legendoque
2441 864 2454 889 ,
2504 820 2570 875 in
2615 819 2950 875 commercio
2995 828 3038 872 et

590 924 715 979 foro
768 922 1165 979 adhiberetur.
1234 922 1366 979 Jam
1418 926 1577 979 enim
1620 923 1904 998 Syrorum
1957 928 2146 979 aetate
2189 923 2278 979 ita
2323 921 2641 979 invaluisse
2685 922 2946 989 videtur,
2992 934 3042 977 ut

590 1028 759 1102 pueri
790 1030 850 1082 et
880 1024 1151 1081 mulieres
1199 1044 1331 1083 cum
1360 1028 1597 1083 Graecis
1643 1026 1994 1103 colloquium
2040 1026 2254 1083 habere
2301 1027 2617 1101 potuerint.
2685 1026 2752 1081 ΙΙ
2783 1026 2962 1081 Mach.
2996 1031 3037 1091 ῖ,

596 1134 653 1186 9.
694 1134 789 1186 11.
830 1134 927 1185 16.
970 1134 1065 1185 18.
1102 1134 1203 1185 30.
1278 1128 1559 1204 Tempore
1611 1149 1752 1187 vero
1783 1129 2003 1187 Christi
2057 1131 2350 1187 cernimus
2394 1148 2704 1187 romanum
2751 1130 3042 1204 praesidem

594 1252 709 1291 non
754 1252 886 1291 cum
930 1233 1286 1289 doctioribus
1326 1235 1483 1289 inter
1518 1234 1784 1303 Judaeos,
1831 1235 1928 1290 sed
1979 1252 2112 1290 cum
2153 1233 2364 1308 populo
2393 1253 2621 1311 quoque
2651 1233 3042 1311 colloquentem

588 1342 649 1393 et
691 1338 753 1394 in
800 1338 892 1393 his
934 1338 1009 1393 ab
1054 1355 1119 1393 eo
1164 1336 1548 1395 intellectum.
1628 1337 1906 1394 Videmus
1953 1338 1990 1393 J
1993 1339 2200 1394 udaeos
2245 1337 2384 1395 locis
2427 1342 2488 1394 et
2531 1338 2794 1413 personis
2837 1338 3042 1395 nomina

588 1459 855 1497 aramaea
900 1442 1101 1497 dantes
1120 1484 1134 1509 ,
1184 1442 1495 1497 eorundem
1528 1447 1724 1497 tamen
1755 1442 2059 1497 nominum
2089 1442 2638 1515 interpretationem
2683 1458 2940 1515 graecam
2971 1442 3043 1495 ita

588 1544 867 1613 iunxisse,
900 1550 965 1599 ut
998 1562 1116 1600 non
1148 1545 1342 1601 minus
1372 1546 1480 1601 hoc
1509 1564 1686 1621 quam
1715 1564 1984 1601 aramaeo
2021 1546 2254 1603 nomine
2291 1546 2790 1619 dignoscerentur.
2851 1544 3044 1617 Cephas

587 1646 763 1703 simul
794 1647 982 1703 dictus
1010 1652 1094 1704 est
1128 1648 1363 1717 Petrus,
1414 1646 1663 1705 Thomas
1693 1648 2015 1724 Didymus,
2065 1647 2341 1705 similiter
2385 1648 2522 1704 aula
2568 1647 2848 1722 praesidis
2889 1665 3043 1722 aeque

588 1750 949 1807 lithostrotos
994 1750 1401 1825 adpellabatur
1460 1772 1527 1809 ac
1577 1752 1918 1819 Gabbatha3
1983 1758 2048 1808 ut
2101 1751 2220 1808 alia
2276 1752 2452 1807 missa
2494 1751 2778 1807 faciamus
2795 1794 2810 1819 ,
2861 1768 3042 1805 nomen

588 1854 829 1911 Messiae
874 1856 1041 1911 cessit
1072 1854 1321 1911 Christo.
1388 1854 1464 1911 Ut
1512 1857 1700 1929 igitur
1745 1874 1869 1912 rem
1913 1854 2324 1911 concludamus
2365 1856 2508 1911 haec
2534 1859 2727 1911 aetate
2757 1854 2960 1909 Christi
2987 1854 3042 1907 in

586 1958 921 2015 Palaestina
964 1958 1301 2031 linguarum
1348 1959 1603 2016 conditio
1653 1960 1798 2016 fuit:
1847 1960 1910 2015 in
1957 1958 2192 2031 vulgari
2238 1958 2396 2015 inter
2436 1978 2495 2014 se
2525 1959 2783 2015 invicem
2827 1956 3044 2013 necessi-

588 2063 791 2119 tudine
832 2062 866 2118 J
874 2064 1056 2131 udaei,
1112 2064 1365 2119 maxime
1412 2064 1453 2118 ii
1502 2064 1605 2139 qui
1649 2064 1774 2119 ruri
1821 2063 2106 2135 degebant
2155 2061 2248 2119 vel
2297 2063 2616 2119 tenaciores
2669 2066 2838 2117 erant
2885 2062 3042 2135 patrii

588 2168 765 2223 moris
806 2166 1195 2242 loquebantur
1238 2170 1556 2233 aramaice;
1606 2186 1785 2243 quare
1831 2168 2184 2223 aramaicam
2223 2170 2424 2240 utpote
2452 2166 2488 2221 J
2493 2166 2692 2221 udaeis
2723 2184 2789 2221 eo
2817 2170 3045 2238 tempore

588 2270 941 2327 familiarem
974 2270 1385 2343 Evangelistae
1430 2270 1696 2343 linguam
1727 2272 2060 2327 hebraicam
2097 2270 2334 2330 dicunt:
2382 2270 2594 2325 Joann.
2639 2274 2734 2339 19,
2771 2274 2867 2325 20.
2927 2270 3040 2322 Act.

591 2380 687 2442 21,
726 2378 825 2430 40.
874 2374 975 2430 ubi
1017 2393 1155 2429 vero
1202 2394 1333 2430 cum
1373 2375 1591 2430 exteris
1636 2374 1992 2431 versandum
2039 2380 2183 2443 erat,
2233 2393 2340 2429 usu
2387 2374 2552 2429 venit
2601 2390 2839 2445 graeca,
2885 2390 3042 2447 quam

587 2477 802 2533 eruditi
835 2496 869 2532 a
900 2478 1211 2549 magistris,
1246 2477 1458 2551 vulgus
1488 2478 1906 2534 consuetudine
1937 2478 2310 2552 percipiebat.
2371 2476 2444 2533 In
2475 2477 2656 2533 sacris
2685 2476 3043 2533 conventibus

588 2580 713 2636 Lex
744 2580 1045 2653 legebatur
1082 2581 1351 2638 hebraice
1370 2626 1383 2651 ,
1434 2581 1676 2638 aderant
1723 2586 1916 2638 tamen
1964 2582 2028 2638 in
2057 2583 2386 2657 synagogis,
2421 2582 2521 2658 qui
2555 2600 2686 2637 eam
2719 2582 3044 2653 interpreta-

590 2690 812 2741 rentur.
876 2684 1093 2740 Psalmi
1142 2684 1412 2741 hebraice
1452 2686 1831 2754 canebantur,
1881 2687 2036 2743 unde
2081 2705 2396 2759 puerorum
2439 2684 2744 2741 Hosanna.
2805 2684 3048 2759 Denique

586 2787 938 2845 Judaeorum
970 2788 1212 2845 auribus
1242 2789 1505 2861 linguam
1548 2808 1876 2847 aramaeam
1915 2793 2171 2847 sanctius
2217 2790 2360 2867 quid
2405 2792 2664 2845 sonuisse
2710 2788 2844 2845 inde
2889 2792 3046 2861 patet.

586 2891 737 2967 quod
784 2912 829 2947 s.
864 2890 1079 2947 Paulus
1124 2910 1257 2948 cum
1301 2911 1664 2970 quocumque
1701 2900 1884 2967 posset
1919 2893 2292 2968 popularium
2337 2893 2562 2949 animos
2605 2891 2845 2949 flectere
2871 2890 3047 2953 vellet,

588 2994 780 3069 patrio
812 2996 849 3051 i.
882 3014 931 3051 c.
966 3014 1021 3051 u.
1056 3014 1114 3051 v.
1148 3014 1415 3053 aramaeo
1444 3016 1708 3053 sermone
1740 2998 1810 3053 ad
1844 2998 2174 3055 concionem
2205 2998 2442 3054 diceret.

1767 3215 1882 3278 VI.

1512 3360 1612 3415 Do
1659 3354 2137 3429 δαιμονιζομένοις.

794 3522 1066 3583 Quaestio
1106 3522 1483 3579 celeberrima
1520 3528 1577 3579 et
1616 3523 1836 3579 famosa
1873 3542 1950 3579 an
1985 3522 2363 3591 daemoniaci,
2413 3524 2514 3599 qui
2562 3523 2628 3579 in
2659 3522 2828 3579 Novo
2869 3521 3052 3577 Testa-

588 3632 783 3681 mento
835 3622 904 3699 ,οἱ
956 3622 1421 3701 δαιμονιζόμενοι,
1478 3624 1700 3700 ἔχοντες
1761 3622 2029 3699 δαιμόνια,
2093 3621 2447 3695 ἐλαυνόμενοι
2499 3622 2600 3679 ὑπὸ
2651 3626 2746 3680 τοῦ
2797 3620 3051 3695 δαίμενες.

590 3725 859 3804 ἅνθρωποι
892 3725 947 3783 ἐν
976 3726 1237 3798 πνεύματι
1269 3724 1577 3804 ἀκαθάρτῳ,
1614 3727 1838 3803 ἔχοντες
1873 3729 2088 3799 πνεῦμα
2127 3725 2450 3803 ἀκάθαρτον,
2481 3728 2518 3799 ἢ
2547 3724 2780 3803 πενερὲν
2809 3735 2862 3785 et
2893 3744 3052 3781 κατα-

588 3828 1019 3903 δυνασευόμενού
1073 3832 1351 3888 dicuntur
1402 3833 1616 3889 Matt-h.
1661 3836 1716 3903 4,
1763 3836 1862 3889 24.
1929 3838 1984 3902 8,
2031 3837 2130 3889 28.
2193 3831 2333 3887 Luc.
2383 3839 2437 3900 8,
2487 3836 2586 3887 29.
2651 3832 2834 3888 Marc.
2881 3838 2930 3899 l,
2965 3834 3051 3885 23.

586 3938 719 3993 Act.
749 3941 804 4006 8,
839 3940 891 3991 7.
940 3934 1081 3992 Luc.
1116 3940 1168 4003 7,
1208 3940 1304 3991 21.
1356 3938 1485 3991 Act.
1528 3940 1623 3992 10.
1663 3940 1797 3991 38.:
1838 3954 2052 4012 quosve
2083 3935 2350 3991 Christus
2379 3940 2438 3991 et.
2469 3934 2733 4008 Apostoli
2769 3937 3051 3997 sanarunt,

586 4060 623 4095 a
661 4040 1027 4095 daemone
1069 4057 1249 4093 vere
1288 4040 1595 4095 fuerint
1639 4040 1934 4095 obsessi
1979 4042 2214 4115 atque
2245 4036 2559 4095 vexati?
2621 4042 2720 4095 An
2751 4058 2890 4095 vero
2917 4038 3054 4093 eius-

590 4144 743 4199 modi
774 4142 1277 4199 daemoniacorum
1310 4142 1708 4215 phaenomena
1739 4142 2050 4217 epilepsiae
2081 4144 2395 4211 mamaeae,
2439 4142 2716 4217 catalepsi
2749 4141 3052 4200 ecstaticae,

588 4246 1005 4302 melancholiae
1052 4244 1621 4321 hypochondriacae,
1659 4248 1858 4303 morbo
1897 4244 2213 4315 comitiali,
2247 4246 2509 4303 insaniae
2541 4244 2638 4301 vel
2667 4245 2786 4303 alio
2817 4245 3054 4319 corporis

588 4353 692 4404 aut
720 4350 900 4405 animi
936 4350 1135 4406 morbo
1176 4349 1419 4405 rationis
1461 4369 1846 4426 sensuumque
1892 4369 2060 4406 usum
2099 4350 2440 4423 impedienti
2483 4350 2730 4406 debeant
2779 4344 3054 4405 adscribi?

796 4453 927 4505 Inde
972 4454 1043 4507 ab
1088 4454 1237 4507 exitu
1284 4454 1490 4507 saeculi
1534 4455 1708 4523 elapsi
1754 4455 2098 4522 mter-pretam
2151 4454 2418 4522 imprimis
2461 4453 2902 4508 Anatholicorum
2937 4451 3054 4520 pla-

589 4555 714 4607 rimi
743 4584 825 4595 —
869 4554 1101 4623 Gruner,
1156 4558 1221 4609 de
1264 4556 1648 4610 daemoniacis.
1696 4556 1815 4614 Jen.
1855 4559 2021 4613 1775.
2073 4557 2334 4625 Famam,
2391 4556 2634 4610 Ver-meh
2679 4562 2734 4613 ii.
2780 4558 2831 4612 d.
2865 4556 3056 4607 Diimo-
