3267 5259
589 431 740 482 CXII

589 628 872 701 explicari
913 626 1243 683 ostenditur
1271 624 1506 683 LXXI.
1588 629 1687 697 46,
1738 620 2155 703 Βιβλιογραφία,
2198 628 2322 685 sive
2364 628 2621 685 recensio
2662 629 3060 703 interpretum,

588 732 690 808 qui
723 733 787 787 in
819 730 1115 789 Vaticinio
1145 730 1411 788 Danielis
1441 736 1596 788 recte
1626 730 1975 806 explicando
2004 731 2223 789 versati
2254 737 2394 789 sunt
2423 731 2727 789 LXXIII.

1324 934 1836 985 CHRONOTAXIS
1871 934 2340 985 APOSTOIACA.

799 1084 898 1151 47,
947 1078 1079 1141 Qua
1123 1081 1350 1137 ratione
1396 1078 1502 1136 illa
1543 1099 1692 1157 quae
1724 1080 1787 1135 in
1820 1079 1990 1137 Actis
2020 1079 2436 1155 Apostolorum
2475 1085 2796 1137 narrantur
2832 1097 3053 1136 connec-

589 1188 712 1241 tere
759 1189 1023 1260 oporteat
1075 1182 1363 1241 LXXIV.
1458 1188 1558 1255 48,
1623 1182 1909 1259 Tempora
1960 1184 2252 1241 Ecclesiae
2306 1184 2594 1247 nascentis
2646 1189 3053 1260 repraesentata

589 1287 840 1346 LXXV.
892 1292 990 1359 49,
1025 1287 1374 1365 Disquisitio
1400 1289 1470 1345 de
1493 1288 1711 1363 epocha
1733 1288 2126 1347 conversionis
2148 1286 2433 1345 Paulinae
2460 1287 2747 1345 LXXVI.
2798 1292 2893 1358 50,
2916 1287 3049 1344 Ten-

587 1398 782 1451 tamcn
807 1392 1124 1449 definiendi
1145 1398 1371 1468 tempus
1402 1391 1636 1450 itineris
1658 1390 1924 1468 Apostoli
1948 1392 2386 1469 Hierosolymas
2410 1391 2539 1449 Gal.
2563 1397 2619 1463 2,
2649 1397 2746 1449 12.
2780 1390 3046 1448 LXVIH.

591 1502 690 1569 51,
749 1501 898 1555 Acta
940 1518 985 1553 s.
1021 1496 1190 1554 Pauli
1239 1517 1275 1553 a
1325 1496 1581 1554 Concilio
1642 1496 2178 1573 Hierosolymitano
2224 1516 2406 1576 usque
2458 1497 2531 1553 ad
2586 1497 2901 1553 adventum
2940 1495 3049 1551 eius

592 1603 852 1678 primum
905 1602 1200 1677 Ephesum
1252 1601 1400 1659 serie
1451 1601 1861 1675 chronologica
1911 1602 2189 1677 disposita
2240 1600 2502 1658 LXXX.
2568 1606 2667 1673 52,
2724 1601 2812 1657 De
2861 1600 3047 1657 itinere

589 1706 645 1763 d.
679 1704 856 1763 Pauli
902 1710 1164 1781 suscepto
1205 1707 1274 1763 ad
1316 1706 1570 1763 insulam
1616 1706 1849 1763 Cretam
1885 1710 2060 1785 atque
2106 1707 2175 1763 de
2224 1711 2500 1782 temporo,
2554 1725 2668 1785 quo
2715 1706 2945 1783 epistola
2984 1704 3043 1761 ad

584 1832 629 1867 s.
673 1810 874 1867 Titum
920 1810 1139 1885 scripta
1184 1809 1280 1880 sit,
1329 1811 1771 1869 determinando
1826 1810 2191 1867 LXXXIII.
2274 1816 2372 1882 53,
2431 1811 2787 1886 Temporum
2828 1810 2967 1867 ratio
3014 1828 3044 1864 a

587 1914 778 1990 primo
808 1914 1075 1991 Apostoli
1107 1915 1364 1972 adventu
1395 1916 1695 1990 Ephesum
1740 1935 1923 1994 usque
1966 1916 2038 1973 ad
2079 1917 2493 1991 profectionem
2532 1915 2807 1973 ultimam
2844 1915 3043 1971 Jeroso-

585 2018 776 2095 lymas
821 2018 1175 2076 LXXXIV.
1267 2023 1366 2091 54,
1426 2017 1814 2076 vinculorum
1859 2019 2327 2097 Solymaeorum,
2379 2020 2851 2077 caesareensium
2896 2024 3045 2097 atquc

584 2124 981 2181 Romanorum
1025 2124 1202 2181 series
1249 2124 1654 2197 chronologica
1700 2122 2087 2181 LXXXVII.
2172 2130 2274 2195 55,
2332 2126 2507 2182 Anno
2558 2130 2657 2182 62.
2708 2146 2755 2181 s.
2792 2124 3043 2181 Jaoobum

586 2229 853 2298 ,fratrem
895 2228 1157 2285 Domini‘
1192 2229 1566 2285 interfectum
1598 2248 1716 2285 esse
1757 2230 2061 2299 credimini,
2095 2227 2223 2286 XC.
2290 2232 2388 2298 56,
2424 2227 2591 2290 Quod
2622 2250 2669 2285 s.
2700 2250 2746 2285 s.
2778 2229 2972 2285 Petrus
2996 2232 3045 2282 et-

582 2333 804 2391 Paulus
851 2353 1004 2391 anno
1057 2338 1184 2407 post
1234 2333 1454 2390 Christi
1509 2333 1705 2391 natale
1762 2338 1863 2390 67.
1915 2354 2031 2390 aer.
2078 2334 2239 2407 vulg.
2294 2334 2588 2409 martyrio
2640 2332 2893 2391 coronati
2942 2332 3037 2388 sint

585 2438 884 2495 evincitur
929 2436 1127 2494 XCII.
1208 2442 1307 2508 57,
1357 2438 1729 2515 Disquiritur
1759 2438 1830 2494 de
1861 2443 2137 2512 tempore,
2179 2458 2293 2515 quo
2331 2436 2582 2512 scriptae
2620 2442 2761 2495 sunt
2798 2436 3039 2512 epistolae

583 2563 629 2599 s.
663 2563 707 2598 ε.
743 2540 923 2611 Petri,
973 2541 1146 2598 Pauli
1197 2543 1268 2598 ad
1316 2541 1691 2599 Timotheum
1736 2542 2038 2617 posterior,
2086 2542 2290 2613 Judae,
2342 2541 2586 2599 Joannis
2632 2547 2807 2619 atque
2846 2544 3039 2616 Apoca-

584 2647 784 2721 lypsiS.
818 2645 1070 2702 XCVII.
1121 2646 1409 2703 Recensus
1441 2648 1793 2721 scriptorum
1822 2647 1893 2703 de
1925 2648 2096 2704 rebus
2126 2646 2541 2721 Apostolorum
2574 2646 2707 2703 CII.

825 2937 1146 3016 Ἐπίμετρον
1191 2944 1289 3011 τῆς
1335 2938 1721 3018 Προθεωρίαςε
1768 2940 1855 2998 De
1898 2942 2289 2999 Ethnicorum
2332 2940 2638 3015 Religione
2684 2940 2834 2999 CIV.

1610 3854 2041 3919 FINIS.
