3267 5259
1200 448 1345 491 com
1372 448 1558 491 nomini.
2495 438 2526 501 1
2540 437 2616 503 11

1414 592 1443 603 .-

188 622 263 670 sibi
284 620 549 673 manducat
579 623 605 672 1
632 621 755 673 Cor.
782 627 864 686 11,
891 626 973 675 29.
1016 625 1099 675 An
1124 629 1185 675 ut
1206 640 1305 675 suo
1333 624 1549 675 doceret
1574 624 1816 690 exemplo
1843 623 1987 690 quod
2023 624 2274 677 sacerdos
2311 641 2419 675 non
2466 625 2632 677 debet

188 710 249 759 illi
279 712 679 760 communionem
714 726 927 777 negare,
965 712 1117 763 cuius
1156 713 1358 762 crimen
1406 712 1507 761 etsi
1534 711 1635 761 sibi
1661 711 1730 760 sit
1751 714 1952 773 notum,
1989 726 2097 761 non
2133 716 2312 762 tamen
2345 711 2628 762 Ecclesiae

188 796 495 857 manifestim,
540 812 609 846 ne
656 797 793 847 forte
838 813 948 847 non
990 799 1062 847 sit
1116 804 1387 848 corrector
1433 796 1528 847 sed
1584 797 1826 862 proditor
1845 834 1858 847 .
1879 833 1894 847 .
1915 832 1928 846 .
1950 833 1964 847 .
2033 796 2090 846 Si
2135 813 2263 847 vero
2316 803 2622 864 quaeratur,

186 889 323 931 utrum
344 881 575 931 Christus
610 883 681 933 ad
718 884 933 947 bonum,
972 898 1043 933 an
1068 885 1136 935 ad
1164 885 1362 934 malum
1397 884 1792 934 Eucharistiam
1829 883 2006 933 Judae
2041 882 2336 934 tradiderit.
2379 884 2621 950 Respon-

188 968 273 1017 deri
310 970 561 1019 verissime
606 975 813 1035 potest,
848 970 1041 1036 quodsi
1076 972 1371 1037 propositio
1417 972 1766 1021 intentionem
1813 970 2032 1020 denotet
2071 970 2161 1019 vel
2195 970 2467 1035 affectum,
2506 987 2626 1021 cum

188 1054 339 1105 dicitur
376 1054 517 1105 dedit
550 1056 621 1106 ad
656 1056 883 1119 malum,
920 1057 1061 1107 falsa
1109 1062 1193 1107 est
1233 1059 1547 1123 propositio,
1609 1056 1666 1107 Si
1705 1062 1883 1107 autem
1921 1059 2352 1107 consecutionem
2387 1059 2625 1109 insinuat

186 1141 249 1190 rel
286 1142 505 1192 effectum
554 1158 687 1193 vera
734 1148 833 1193 est.
901 1143 1017 1194 Nec
1065 1144 1226 1194 debet
1268 1144 1517 1209 intelligi,
1568 1144 1713 1210 quod
1758 1145 1859 1195 sub
1905 1144 2152 1194 buccella
2199 1146 2354 1209 panis
2398 1147 2626 1196 intincta

190 1227 381 1279 Christus
413 1229 809 1279 Eucharistiam
844 1230 1051 1281 dederit
1086 1231 1345 1293 traditori,
1384 1232 1481 1281 scd
1514 1247 1611 1297 per
1645 1230 1944 1281 buccellam
1985 1232 2264 1280 intinctam
2307 1237 2468 1297 atque
2504 1248 2624 1297 por-

190 1322 357 1378 rectam,
388 1330 536 1366 sunm
573 1316 809 1382 denique
847 1317 1157 1367 traditorem
1194 1319 1471 1384 expressit,
1508 1318 1736 1368 fortasse
1761 1333 1856 1383 per
1885 1318 2042 1382 panis
2077 1319 2446 1368 intinctionem
2481 1318 2626 1368 illius

189 1401 437 1463 simiificans
467 1402 787 1453 fictionem.“
836 1404 911 1454 Ut
943 1409 1121 1454 autem
1154 1405 1223 1453 ad
1252 1394 1607 1470 proditionem
1641 1404 1817 1455 Judae
1851 1404 2132 1454 redeamus
2167 1409 2328 1469 prout
2359 1407 2624 1471 passionis

190 1503 235 1537 sc
260 1490 417 1541 mortis
450 1490 746 1555 praedictio
784 1492 1115 1541 incrementa
1138 1506 1237 1543 sua
1271 1492 1477 1554 habuit,
1501 1491 1578 1541 ita
1602 1490 1758 1541 simul
1789 1492 1846 1539 in
1875 1490 2160 1555 proditoris
2197 1491 2624 1543 manifestatione

190 1575 395 1639 quosdam
443 1576 641 1641 gradus
696 1578 985 1627 observare
1034 1578 1176 1627 licet.
1249 1579 1535 1628 Peccatum
1590 1579 1627 1627 J
1630 1577 1770 1627 udae
1821 1581 1936 1627 erat
1983 1576 2160 1626 adhuc
2208 1579 2476 1628 occultum
2523 1577 2624 1629 soli

190 1660 353 1711 Christo
376 1690 436 1700 —
459 1679 566 1713 non
602 1664 834 1713 scientia
868 1664 1102 1714 humana
1140 1664 1235 1715 sed
1273 1665 1457 1714 divina
1479 1692 1547 1701 -
1572 1669 1770 1714 notum.
1821 1664 1999 1714 Judae
2035 1662 2212 1720 scelus
2249 1664 2484 1715 nondum
2510 1670 2626 1715 erat

188 1748 227 1794 iu
260 1748 407 1799 lucem
448 1755 805 1815 protractum,
850 1752 1028 1801 animo
1074 1766 1173 1802 suo
1218 1751 1352 1802 illud
1398 1752 1575 1801 adhuc
1620 1751 1862 1801 clausum
1905 1751 2150 1814 tenebat3
2207 1766 2332 1816 ergo
2383 1750 2624 1802 Christus

190 1850 277 1883 eum
322 1835 381 1885 ad
428 1851 615 1887 sacrae
660 1852 881 1887 mensae
928 1839 1352 1888 communionem
1401 1838 1642 1888 admisit:
1696 1839 1776 1887 ita
1817 1842 2025 1900 tamen,
2069 1842 2130 1887 ut
2171 1840 2324 1902 gravi
2371 1854 2437 1889 ac
2485 1840 2627 1889 seria

190 1924 551 1983 praemonitione
590 1939 627 1973 a
660 1924 857 1974 nefarii
892 1924 1109 1975 sceleris
1144 1927 1419 1992 proposito
1454 1926 1629 1990 ipsum
1667 1926 1816 1991 prius
1853 1924 2237 1974 dehortaretur.
2283 1924 2472 1974 Mundi
2497 1927 2624 1977 estis

188 2007 339 2071 aiebat,
364 2010 449 2059 sed
466 2026 575 2060 non
595 2026 798 2061 omnes.
828 2012 1178 2062 Denuntiatio
1198 2017 1323 2062 ante
1339 2011 1737 2061 Eucharistiam
1765 2010 1868 2060 fuit
1899 2010 2074 2061 adhuc
2093 2011 2376 2075 generalis,
2406 2016 2549 2061 tecta
2569 2017 2623 2062 et

188 2093 549 2159 indeterminata,
590 2112 735 2164 quae
772 2112 1111 2164 nequaquam
1136 2098 1357 2161 obstitit,
1395 2100 1676 2163 quominus
1713 2096 1952 2163 proditor
1987 2098 2056 2147 ad
2092 2097 2465 2148 Eucharistiae
2500 2114 2622 2165 par·

188 2180 491 2245 ticipationem
523 2183 737 2233 admitti
770 2185 1017 2249 potuerit.
1066 2185 1138 2233 At
1160 2186 1207 2235 si
1232 2183 1475 2233 Christus
1498 2183 1894 2234 Eucharistiam
1931 2185 1980 2233 ei
2015 2190 2280 2249 negasset,
2319 2186 2626 2251 specialiter

188 2274 329 2329 aperte
360 2275 409 2319 et
452 2270 809 2321 determinate
844 2271 1169 2336 proditorem
1202 2271 1475 2337 Apostolis
1510 2271 1928 2332 manifestasset,
1966 2271 2022 2319 id
2060 2271 2203 2336 quod
2240 2277 2357 2321 erat
2401 2273 2622 2323 consilio

188 2351 338 2403 Christi
368 2358 707 2407 contrarium.
770 2356 1011 2407 Christus
1047 2358 1316 2408 enimvero
1353 2362 1465 2407 tum
1501 2357 1712 2407 demum
1734 2356 1908 2407 voluit
1930 2357 2072 2406 hunc
2107 2357 2430 2423 proditorem
2467 2374 2620 2409 suum

187 2442 491 2507 manifestare,
536 2448 829 2509 postquam
876 2444 1039 2495 nullis
1094 2444 1281 2494 mediis
1318 2472 1381 2481 -
1419 2460 1519 2493 nec
1566 2458 1786 2495 mensae
1835 2445 2229 2508 communione,
2279 2460 2378 2495 nec
2427 2445 2622 2510 pedum

187 2524 355 2589 lotione,
386 2546 479 2579 nec
512 2530 898 2581 Eucharistiae
934 2531 1347 2597 participatione
1370 2558 1437 2567 -
1464 2530 1535 2580 ad
1570 2532 1838 2582 saniorem
1883 2535 2110 2581 mentem
2153 2532 2396 2581 revocari
2431 2532 2621 2596 potuit.

187 2612 263 2671 Qui
307 2618 607 2667 contrariam
662 2622 849 2667 tenent
903 2618 1220 2667 sententiam
1276 2621 1587 2683 argumento
1641 2618 1972 2683 potissimum
2025 2622 2304 2667 moventur
2361 2618 2620 2683 sequenti.

184 2698 363 2751 Joannis
395 2706 479 2767 13,
504 2706 591 2754 30.
630 2703 843 2767 dicitur,
883 2704 1025 2771 quod
1059 2708 1183 2769 post
1218 2708 1493 2768 acceptam
1530 2703 1844 2765 buccellam,
1882 2719 1978 2770 per
2013 2718 2172 2769 quam
2196 2704 2426 2769 proditio
2451 2705 2620 2770 ipsius

184 2786 399 2847 Apostolis
428 2792 894 2853 manifestabatur,
932 2790 1105 2841 Judas
1142 2791 1342 2841 exierit.
1384 2790 1509 2840 Jam
1529 2806 1658 2840 vero
1685 2806 1750 2839 ex
1775 2790 1963 2840 Matth.
1989 2792 2074 2853 26,
2100 2793 2183 2840 23.
2231 2790 2398 2841 Marc.
2426 2792 2508 2855 14,
2535 2792 2619 2842 21.

186 2873 419 2939 colligitur,
454 2877 759 2929 buccellam
798 2882 921 2927 ante
958 2877 1333 2928 Eucharistiae
1368 2878 1756 2927 institutionem
1798 2876 1976 2927 Judae
2012 2877 2178 2927 fixisse
2213 2878 2478 2928 traditam.
2536 2878 2620 2927 Ad

187 2974 289 3023 quae
318 2964 615 3030 simpliciter
654 2965 1021 3030 respondetur.
1081 2964 1279 3014 Judam
1316 2968 1439 3029 post
1474 2968 1752 3029 acceptam
1789 2963 2090 3013 buccellam
2125 2965 2303 3013 statim
2339 2964 2553 3029 quidem
2591 2982 2620 3015 e

188 3052 427 3101 coenaculo
450 3052 693 3103 abivisse
713 3080 778 3088 —
800 3052 927 3116 quia
950 3050 1191 3101 Joannes
1228 3048 1493 3115 significat
1518 3050 1794 3099 buccellae
1831 3049 2114 3099 traditione
2139 3050 2336 3101 Judam
2359 3052 2620 3103 irritatum

186 3132 323 3194 fnisse,
344 3142 399 3186 ut
431 3154 459 3187 e
495 3138 797 3189 coenaculo
834 3139 1013 3189 statim
1051 3153 1171 3188 sese
1206 3138 1517 3203 proriperet,
1554 3141 1840 3202 propterea
1877 3136 2020 3202 quod
2057 3151 2114 3186 se
2145 3152 2262 3187 esse
2297 3138 2621 3203 proditorem

186 3223 519 3275 manifestatum
554 3224 885 3290 intelligeret
910 3253 993 3286 —,
1029 3225 1370 3275 traditionem
1406 3228 1585 3273 autem
1622 3223 1899 3273 buccellae
1935 3239 2044 3273 non
2081 3237 2200 3273 esse
2235 3224 2432 3274 factam
2477 3229 2618 3287 ante,

188 3307 253 3354 ³0¹1
286 3316 389 3373 post
428 3313 729 3362 institutam
775 3311 1191 3361 Eucharistiam.
1263 3310 1519 3371 Quamvis
1569 3310 1710 3359 enim
1757 3323 1927 3359 coena
1973 3309 2240 3374 paschalis
2287 3315 2341 3359 et
2383 3310 2620 3375 vulgaris

188 3393 261 3441 iim
294 3404 494 3461 peracta
538 3404 711 3459 esset,
752 3412 937 3448 mensa
980 3403 1158 3449 tamen
1204 3398 1323 3462 ipsa
1366 3396 1602 3445 nondum
1653 3400 1768 3445 erat
1813 3400 2016 3445 remota
2047 3422 2116 3431 -—
2149 3397 2500 3447 coenantibus
2546 3397 2622 3447 ait

186 3476 329 3531 Matth.
349 3485 423 3543 26,
448 3486 529 3535 26.
556 3490 613 3534 et
657 3484 823 3533 Marc.
854 3486 934 3545 14,
961 3486 1045 3533 21.
1072 3499 1165 3547 ——·;
1200 3483 1321 3532 ideo
1346 3484 1523 3547 potuit
1552 3481 1794 3533 Christus
1821 3483 1980 3531 etiam
2005 3487 2128 3546 post
2163 3498 2310 3532 esum
2346 3487 2458 3532 tum
2495 3486 2618 3549 agni

186 3567 421 3631 paschalis,
462 3576 573 3621 tum
624 3585 827 3620 coenae
874 3574 1189 3630 consuetae,
1226 3567 1525 3618 buccellam
1574 3570 1754 3619 catino
1799 3570 2076 3619 intinctam
2119 3569 2298 3619 Judae
2343 3570 2618 3635 praebere,

91 3644 94 3651 ’
188 3658 225 3697 ‘³¹
263 3653 345 3705 hac
390 3657 669 3707 buccellae
730 3657 1015 3706 traditione
1080 3670 1201 3705 eum
1260 3656 1618 3704 manifestare.
1698 3654 2063 3705 Affirmantem
2117 3663 2320 3722 partem
2374 3661 2618 3707 tuentur:

186 3734 237 3785 u.
256 3738 387 3807 nugo
408 3744 469 3793 de
494 3762 535 3795 s.
564 3744 807 3805 Victore,
834 3743 865 3792 Ι.
892 3743 963 3791 11.
990 3743 1055 3791 de
1084 3757 1217 3791 sacr.
1244 3758 1295 3807 p.
1322 3742 1372 3791 8.
1398 3758 1443 3791 c.
1470 3742 1518 3791 4.
1546 3741 1628 3790 ed.
1662 3740 1906 3791 Rothom.
1933 3757 1983 3806 p.
2011 3744 2127 3791 632.
2179 3743 2237 3792 P.
2265 3742 2618 3806 Lombardus,

188 3820 238 3867 IV
258 3826 377 3877 Sent.
409 3830 641 3880 distinct.
679 3833 761 3880 11.
796 3844 842 3879 c.
877 3831 927 3877 5.
963 3828 1043 3878 ed.
1081 3828 1269 3877 Colon.
1310 3830 1459 3877 1513.
1493 3828 1584 3877 sol.
1628 3830 1744 3877 167.
1775 3828 1828 3876 b.
1865 3826 1933 3875 ‘S.
1958 3826 2218 3890 Thomas,
2243 3830 2306 3881 P.
2329 3829 2428 3878 111.
2454 3845 2506 3895 q.
2531 3831 2618 3880 81.

188 3919 257 3957 m.
276 3914 315 3961 2.
336 3914 409 3965 cd.
434 3916 643 3967 Bonon.
670 3916 769 3978 XI,
796 3917 917 3967 587.
942 3918 993 3965 8.
1029 3916 1087 3965 C.
1118 3918 1177 3965 R.
1204 3914 1585 3976 Bellarminus‚
1622 3915 1690 3963 de
1717 3913 1968 3964 Controv.
1993 3914 2030 3964 f.
2057 3914 2090 3963 l.
2117 3915 2159 3964 Ι.
2187 3915 2253 3965 de
2277 3930 2416 3965 sacr.
2440 3915 2616 3964 Euch.

189 4009 219 4041 ι’.
236 4000 298 4046 13.
314 4000 399 4063 111,
418 4004 532 4053 678.
570 4002 736 4051 Corn.
756 4002 1047 4053 Jansenius
1075 4018 1159 4066 cp.
1178 4002 1302 4067 Ipr.,
1328 4002 1386 4050 in
1410 4000 1769 4051 Tetrateucho
1797 4001 1868 4051 ad
1893 4000 2088 4051 Joann.
2119 4003 2200 4063 13,
2227 4004 2308 4051 26.
2337 4000 2418 4051 ed.
2444 4001 2616 4065 Lugd.

190 4082 299 4132 1713.
320 4102 363 4151 p.
386 4091 495 4138 522.
548 4090 835 4147 Batonius,
863 4089 933 4139 ad
956 4089 1093 4137 Ann.
1120 4091 1203 4137 34.
1230 4104 1283 4137 n.
1310 4090 1393 4139 63.
1422 4088 1503 4137 ed.
1531 4088 1666 4137 Luc.
1691 4104 1742 4152 p.
1773 4089 1904 4148 137„
1942 4087 2300 4148 Maldonatus,
2336 4087 2532 4138 Comm.
2559 4088 2616 4137 in

190 4165 325 4221 naith.
354 4176 437 4237 26,
471 4178 554 4226 20.
590 4194 643 4241 p.
679 4178 801 4225 561.
868 4174 1137 4239 Sylveira,
1184 4174 1383 4225 Comm.
1417 4176 1473 4223 in
1508 4180 1634 4227 text.
1671 4190 1751 4223 ev,
1785 4178 1908 4223 tom.
1944 4175 2007 4223 V.
2051 4190 2102 4239 p.
2137 4176 2221 4223 87.
2270 4173 2426 4225 Unde
2453 4175 2616 4223 etiam

190 4252 377 4309 Ecclesia
397 4264 535 4312 canit
560 4264 617 4311 in
640 4262 835 4326 hymno
861 4262 1161 4311 notissimo:
1192 4260 1415 4321 „Cibum
1440 4262 1631 4311 turbae
1658 4259 1952 4321 duodenae,
1974 4276 2032 4309 se
2062 4258 2153 4308 dat
2173 4261 2284 4309 suis
2315 4260 2611 4311 manibus.“

192 4337 327 4406 Neque
366 4354 439 4397 est
480 4348 770 4399 verisimile
823 4348 1023 4397 Judam
1071 4361 1105 4395 a
1148 4361 1335 4397 mensa
1382 4347 1674 4397 surrexisse
1725 4352 1780 4395 et
1827 4346 2048 4407 abiisse,
2099 4352 2388 4411 antequam
2437 4349 2618 4397 omnia

191 4436 321 4478 esseut
360 4441 592 4497 peracta,
642 4435 781 4485 alias
831 4433 1187 4496 proditionem
1237 4447 1387 4483 suam
1440 4434 1556 4499 ipse
1610 4433 2020 4483 manifestasset.
2091 4432 2237 4497 Ergo
2286 4432 2458 4483 Judas
2506 4450 2614 4484 non

192 4513 317 4564 minus
357 4536 501 4585 quam
556 4523 723 4573 ceteri
772 4520 1021 4587 Apostoli
1076 4518 1271 4569 Christi
1326 4536 1520 4585 corpus
1576 4520 1786 4584 accepit
1832 4524 1888 4569 et
1933 4520 2250 4585 sanguinem
2294 4520 2456 4582 bibit,
2507 4536 2617 4571 non

191 4602 321 4651 tamen
353 4606 415 4656 ad
448 4609 671 4659 salutem
710 4608 809 4661 sed
844 4608 916 4657 ad
950 4606 1224 4657 iudicium.
1283 4607 1529 4672 Denique
1554 4611 1767 4671 praeter
1802 4605 2054 4671 hymnum
2088 4606 2368 4657 Ecclesiae
2391 4621 2488 4672 pro
2511 4606 2616 4657 hac
