3267 5259
1127 492 1412 534 chronotuis
1440 492 1704 543 spontanea.
2387 477 2664 527 LXXXIX

220 676 285 730 sic
308 672 681 729 Philemonem
710 672 1111 730 Colossensem
1139 670 1473 729 salutarunt
1498 668 1533 728 ¹.
1587 672 1680 728 Ad
1713 672 1856 729 haec
1886 671 2209 743 Onesimus,
2243 673 2344 749 qui
2379 673 2666 748 perferret

222 778 385 834 literas
410 778 477 833 ad
506 776 913 833 Philemonem
929 774 972 847 ²,
1007 775 1249 853 Tychici
1282 795 1467 833 comes
1497 776 1616 833 fuit
1647 775 1956 851 epistolam
1985 776 2056 833 ad
2087 776 2442 833 Colossenses
2474 776 2664 852 perfe-

222 878 419 937 mutis-2.
475 881 551 937 Et.
590 882 749 959 quod
782 880 1099 955 Apostolus
1144 880 1223 937 ad
1270 879 1764 936 Philemonem
1809 881 1980 937 toties
2010 880 2382 937 vinculorum
2424 900 2662 938 suorum

220 984 507 1041 meminerit
524 982 567 1055 ⁴,
614 985 677 1041 id
719 986 900 1059 probe
945 984 1311 1041 commendat
1361 985 1717 1042 sententiam
1763 984 1873 1041 hoc
1916 983 2252 1059 epistolium
2296 1004 2427 1042 cum
2471 984 2663 1042 literis

220 1089 275 1145 sd
300 1087 629 1145 Colosseuses
674 1106 795 1145 uno
840 1089 1153 1164 eodemque
1199 1106 1353 1145 anno
1384 1089 1800 1145 concinnatum
1846 1106 1966 1144 esse
2006 1087 2072 1145 in
2101 1088 2357 1145 vinculis
2387 1088 2667 1147 Romanis

222 1192 469 1267 prioribus
494 1190 536 1248 ⁵.
598 1191 749 1249 Cum
794 1193 915 1248 iam
959 1190 1133 1248 facile
1180 1191 1536 1267 perspiceret
1567 1192 1880 1268 Apostolus
1923 1210 1981 1248 se
2011 1211 2130 1249 esse
2163 1193 2499 1267 propediem
2529 1193 2665 1250 vin-

218 1295 335 1352 culis
354 1295 715 1353 liberandum
740 1314 897 1352 anno
919 1300 1216 1372 utcunque
1244 1300 1345 1353 62.
1371 1297 1607 1372 scripsit
1628 1295 1936 1371 epistolam
1968 1297 2050 1352 ad
2080 1296 2279 1354 Phili
2296 1316 2381 1371 pp
2397 1316 2600 1353 enses
2622 1294 2664 1354 ⁶.

219 1404 345 1455 Ante
372 1398 613 1456 Nemnis
666 1402 1127 1474 persecutionem
1174 1418 1310 1457 cum
1353 1400 1510 1457 laeta
1548 1399 1917 1458 liberationis
1947 1420 2077 1476 spes
2107 1400 2289 1458 Paulo
2336 1400 2664 1475 affulgeret,

220 1522 299 1576 per
334 1502 471 1560 illud
514 1504 706 1577 igitur
734 1504 1063 1575 biennium,
1108 1506 1261 1582 quod
1284 1502 1307 1541 ⁷
1339 1511 1851 1575 commemoratur,
1894 1506 2001 1561 has
2031 1504 2234 1562 literas
2263 1506 2510 1581 scriptas
2549 1524 2668 1563 esse

218 1607 491 1685 unicuique
508 1608 603 1664 vel
629 1608 825 1665 obiter
840 1628 937 1666 eas
954 1610 1287 1683 inspicienti
1308 1609 1517 1684 patet‘i
1554 1608 1840 1667 Currente
1861 1629 2015 1667 anno
2035 1614 2136 1667 63.
2163 1611 2358 1667 circa
2389 1615 2454 1667 te
2469 1630 2526 1667 m
2541 1630 2578 1685 p
2592 1630 2668 1667 us

220 1730 496 1768 vernum
544 1711 855 1769 solutas
906 1713 1156 1769 fuisse
1204 1713 1446 1772 Paulo
1503 1719 1822 1771 catenas
1877 1714 2189 1789 priores
2241 1716 2664 1772 existimamus.

218 1814 319 1871 Hoc
356 1822 541 1873 autem
588 1835 747 1873 anno
796 1815 1103 1891 epistolam
1144 1818 1226 1874 ad
1274 1818 1640 1876 Hebraeos
1684 1818 1965 1894 scriptam
2013 1819 2192 1875 fuisse
2241 1824 2410 1877 ante
2441 1824 2664 1876 motum

218 1918 461 1992 bellum,
494 1922 645 1997 quod
678 1919 861 1994 vulgo
890 1940 1167 1979 vocamus
1196 1922 1230 1978 J
1246 1922 1613 1991 udaicum3
1647 1922 1870 1997 insigni
1901 1928 2246 1997 argumento
2278 1929 2366 1982 est
2394 1943 2446 1981 a.
2479 1923 2667 1982 altum

218 2022 271 2078 de
296 2024 493 2082 crudeli
524 2026 640 2082 ista
663 2042 866 2099 pugna
896 2025 1219 2096 silentium,
1254 2045 1431 2103 quam
1464 2028 1748 2084 intactam
1771 2046 1888 2084 non
1914 2027 2308 2101 praeteriisset
2330 2027 2662 2103 Apostolus,

222 2126 273 2182 Id
293 2148 357 2185 ex
378 2134 567 2186 tenore
590 2135 651 2186 et
673 2128 921 2186 consilio
946 2129 1221 2204 epistolae
1246 2130 1744 2205 probatissimum,
1777 2133 1834 2190 b.
1854 2138 1992 2189 ante
2023 2130 2251 2207 Templi
2283 2133 2657 2203 eversionem,

222 2232 431 2289 durante
458 2234 649 2291 adhuc
680 2233 879 2291 cultus
908 2234 1163 2292 Levitici
1195 2234 1547 2294 solennitate
1578 2234 1988 2294 concinnatam
2020 2256 2157 2309 esse,
2193 2256 2324 2294 cum
2355 2237 2474 2295 iam
2505 2237 2664 2296 exci-

222 2336 355 2393 dium
400 2338 753 2413 reipublicae
808 2339 1074 2396 iudaicae
1120 2340 1620 2419 appropinquaret
1645 2338 1687 2398 9.
1749 2341 1955 2418 Neque
2008 2340 2236 2399 inficias
2289 2344 2376 2398 ire
2430 2347 2670 2417 possunt

218 2438 359 2499 aliter
376 2444 711 2500 sentientes:
746 2462 797 2501 c.
818 2442 1059 2501 lectores
1082 2440 1130 2481 ¹⁰
1153 2462 1260 2519 per
1280 2444 1523 2519 longum
1548 2449 1776 2521 tempus
1805 2446 1925 2503 iam
1947 2465 2112 2503 sacra
2138 2445 2358 2503 Christi
2383 2447 2666 2521 professos

216 2564 325 2602 esse.
380 2547 641 2625 Denique
691 2548 750 2605 d.
776 2548 1012 2625 quando
1052 2553 1111 2605 et
1139 2548 1243 2606 ubi
1274 2554 1519 2607 exarata
1548 2550 1629 2607 sit
1657 2548 1904 2625 epistola
1945 2554 2211 2607 accurate
2241 2550 2668 2608 determinatur

218 2649 536 2709 conclusione
566 2651 851 2727 epistolae
874 2649 940 2709 ¹¹.
988 2652 1309 2711 Enimvero
1340 2652 1633 2712 &Paulus
1663 2654 1960 2711 Hebraeos
1990 2672 2120 2711 suos
2149 2656 2421 2711 certiores
2452 2654 2666 2725 reddit,

220 2754 421 2812 fratrem
436 2756 812 2815 Timotheum
836 2756 1093 2815 vinculis
1117 2757 1426 2815 dimissum
1447 2776 1591 2827 esse;
1620 2776 1827 2833 nempe
1851 2756 2082 2829 Romae,
2110 2757 2214 2815 ubi
2239 2776 2372 2816 cum
2391 2758 2670 2833 Apostolo

220 2857 535 2935 aliquamdiu
566 2866 703 2919 ante
736 2862 1147 2919 liberationem
1178 2862 1349 2919 Pauli
1390 2862 1457 2919 in
1502 2863 1763 2920 custodia
1811 2862 2022 2933 fuerat,
2057 2869 2232 2940 atque
2277 2864 2401 2920 eius
2445 2865 2670 2919 adven-

224 2973 321 3019 tum
342 2960 385 2999 ¹²
418 2985 474 3022 se
504 2984 663 3023 nunc
691 2966 914 3041 operiri
946 2966 1257 3040 significat,
1301 2972 1371 3025 ut
1400 2986 1535 3024 cum
1564 2986 1631 3025 eo
1664 2968 1778 3024 iter
1807 2967 1880 3024 ad
1911 2966 2064 3042 ipsos
2095 2968 2362 3045 prosequi
2397 2967 2576 3043 possit
2604 2964 2669 3025 ¹³.

228 3117 416 3127 ———
437 3122 474 3128 —-
495 3123 587 3129 --——

398 3189 431 3253 ¹)
466 3189 525 3237 V.
562 3190 648 3238 24.
712 3188 753 3253 ²)
792 3190 857 3238 V.
898 3190 979 3238 12.
1040 3189 1081 3254 ³)
1118 3191 1168 3253 4,
1196 3191 1242 3239 7.
1269 3190 1318 3238 9.
1380 3190 1421 3253 ⁴)
1461 3190 1522 3239 V.
1552 3192 1597 3252 1,
1624 3192 1675 3239 9.
1705 3191 1785 3238 13.
1816 3190 1898 3239 23.
1961 3190 2004 3253 ι5)
2043 3190 2340 3251 Quominus
2378 3192 2674 3255 posteriora

228 3271 347 3321 Pauli
378 3275 583 3325 vincula
619 3291 891 3326 sumamus
927 3280 1073 3326 vetat
1102 3292 1152 3325 v,
1179 3278 1263 3326 22.
1301 3276 1371 3326 ad
1407 3276 1799 3340 Philemonem3
1840 3292 1944 3341 quo
1984 3274 2204 3327 confidit
2225 3276 2512 3341 Apostolus
2553 3293 2672 3327 sese

228 3356 417 3410 fidelium
450 3364 783 3413 orationibus
822 3363 888 3413 ad
924 3364 1099 3413 Deum
1136 3364 1268 3412 fusis
1308 3380 1337 3412 e
1374 3364 1686 3429 captivitate
1737 3362 2006 3413 dimissum
2048 3364 2130 3412 iri.
2192 3362 2502 3427 Apostolica
2538 3363 2673 3413 haec

226 3460 323 3509 spes
355 3448 462 3498 coll.
488 3450 557 3499 11.
584 3450 723 3499 Tim.
756 3452 806 3512 4,
834 3452 883 3499 6.
911 3452 958 3499 7.
998 3450 1145 3499 nullo
1182 3454 1344 3515 pacto
1383 3450 1611 3515 quadrat
1648 3451 1704 3497 in
1742 3449 1960 3499 vincula
1995 3450 2306 3515 posteriora.
2355 3450 2475 3499 Hoc
2513 3452 2672 3499 etiam

225 3538 421 3598 tempore
468 3536 519 3585 S.
556 3536 713 3586 Pauli
750 3536 967 3586 vincula
1014 3536 1249 3586 celebria
1284 3536 1431 3586 facta
1480 3540 1607 3586 sunt
1641 3536 1695 3585 in
1735 3536 1876 3584 omni
1914 3536 2198 3601 praetorio.
2256 3535 2486 3602 Philipp.
2515 3540 2561 3598 1,
2594 3540 2672 3587 13.

225 3618 259 3674 ‘J
294 3623 331 3680 l,
364 3624 438 3672 25.
508 3623 549 3688 ⁷)
587 3624 707 3673 Act.
744 3625 830 3684 28,
868 3625 951 3673 30.
1026 3622 1069 3687 8)
1120 3624 1243 3673 Non
1290 3628 1464 3674 autem
1514 3624 1666 3673 initio
1705 3623 2030 3688 captivitatis
2065 3622 2340 3673 Romanae
2379 3638 2470 3675 eas
2506 3625 2674 3675 fuisse

228 3710 541 3774 conscriptas3
580 3710 677 3759 sed
716 3710 929 3759 nonnisi
966 3724 1156 3759 versus
1192 3711 1307 3759 eius
1344 3708 1500 3759 finem
1537 3710 1844 3759 universnm
1878 3709 2058 3775 prodit
2083 3716 2466 3775 argumentum.
2521 3712 2675 3773 Quae

227 3792 339 3841 enim
381 3800 529 3846 antea
564 3796 727 3846 valde
764 3810 955 3861 aspera
990 3796 1093 3845 fuit
1138 3795 1190 3845 S.
1217 3795 1373 3845 Pauli
1410 3796 1671 3859 conditio,
1717 3811 1862 3846 nunc
1905 3797 1962 3845 in
1996 3796 2267 3847 meliorem
2318 3801 2525 3847 mutata
2565 3804 2675 3863 est3

226 3878 405 3930 nucula
438 3882 679 3948 Apostoli
715 3883 773 3932 in
810 3884 887 3933 rei
924 3882 1259 3933 Christianae
1310 3882 1720 3933 emolumentum
1766 3898 1990 3933 cessere.
2051 3882 2212 3933 Initio
2251 3889 2432 3934 autem
2469 3890 2674 3935 tantum

228 3964 391 4030 aberat,
425 3970 565 4035 quod
600 3969 937 4021 vinculorum
974 3983 1141 4020 causa
1178 3970 1427 4021 omnibus
1472 3970 1858 4034 innotesceret3
1910 3974 1970 4019 ut
2018 3972 2248 4019 carceris
2299 3970 2492 4033 locum,
2539 3971 2675 4021 sorte

226 4052 359 4113 ipsius
392 4056 536 4107 Pauli
574 4058 737 4107 etiam
776 4055 1078 4118 adventum,
1116 4056 1267 4106 multi
1302 4058 1624 4121 ignorarent.
1690 4056 1731 4121 ⁹)
1770 4055 1852 4106 Cf.
1885 4057 1934 4119 8,
1960 4057 2008 4105 4.
2046 4073 2088 4106 s.
2135 4059 2184 4118 9,
2224 4058 2270 4105 6.
2307 4071 2350 4106 s.
2391 4059 2472 4119 13,
2514 4060 2594 4106 10.
2631 4074 2674 4107 s.

230 4138 279 4201 ¹³)
309 4140 425 4191 Coll.
450 4146 495 4205 2,
522 4146 571 4193 3.
610 4146 660 4206 6,
704 4145 784 4192 12.
826 4146 907 4203 10,
945 4145 1029 4193 32.
1066 4158 1107 4192 s.
1148 4145 1231 4205 12,
1268 4145 1318 4193 4.
1359 4144 1441 4204 13,
1480 4144 1528 4192 7.
1595 4142 1656 4207 ¹¹)
1701 4144 1779 4204 13,
1818 4144 1901 4192 23.
1941 4144 2022 4191 24.
2089 4140 2150 4207 ¹²)
2189 4141 2322 4192 coll.
2361 4141 2588 4209 Philipp.
2627 4148 2675 4205 2,

230 4226 293 4273 19.
323 4244 359 4277 ιι.
428 4230 485 4295 ¹³)
532 4230 689 4281 Certe
745 4230 947 4280 Paulus
1002 4230 1057 4279 in
1110 4230 1321 4279 Italiam
1376 4230 1646 4295 proprie
1698 4229 1892 4279 dictam
1938 4228 2194 4279 secedens
2251 4234 2677 4296 exspectansque

226 4312 514 4367 Timotheum
560 4318 711 4367 dedit
764 4317 1043 4383 epistolam
1097 4317 1167 4366 ad
1214 4317 1507 4367 Hebraeos.
1580 4317 1870 4366 Enimvero
1926 4332 1969 4364 α.
2027 4317 2080 4365 in
2135 4314 2231 4365 illa
2285 4316 2514 4381 epistola
2569 4333 2676 4367 non

228 4402 425 4452 meminit
458 4404 696 4465 fratrum,
734 4405 1017 4465 sociorum,
1056 4408 1109 4453 et
1146 4405 1452 4465 amicorum,
1492 4418 1624 4467 quos
1651 4404 1854 4452 Romae
1877 4402 2138 4466 habebat3
2180 4402 2322 4467 quod
2362 4405 2675 4470 ceteroquin

228 4482 305 4547 ipsi
336 4490 525 4552 privum
560 4490 727 4540 fuisse
764 4489 1021 4553 vidimus;
1072 4490 1167 4540 sed
1211 4494 1415 4539 tantum
1450 4488 1784 4551 Italicorum,
1830 4504 2023 4552 nempe
2074 4504 2208 4555 quos
2258 4490 2313 4539 in
2351 4490 2538 4541 itinere
2575 4506 2673 4540 suo

228 4576 542 4625 recentissime
579 4576 807 4637 viderat,
846 4581 899 4625 et
934 4578 1025 4641 qui
1062 4576 1165 4626 hoc
1201 4577 1469 4627 salutandi
1494 4577 1776 4627 Hebraeos
1803 4575 2034 4625 officium
2061 4576 2232 4627 Paulo
2271 4594 2414 4627 nunc
2450 4578 2674 4642 primum

230 4661 709 4711 commendaverunt.
780 4661 1002 4712 Accedit
1048 4660 1090 4727 β.
1140 4662 1455 4728 Apostolum
1509 4662 1578 4713 ad
1632 4662 1912 4712 Hebraeos
1970 4663 2289 4713 scribentem
2344 4664 2678 4713 vinculorum
