3267 5259
610 408 738 471 224
1360 420 1555 463 Dodocu
1583 420 1950 472 malui-itionum
1979 422 2336 473 theologicum.

608 600 897 676 baptismo
938 620 973 657 a
1012 620 1073 657 se
1118 599 1418 671 institutO,
1472 620 1587 658 uon
1620 607 1816 657 autem
1855 608 1924 659 ut
1969 602 2205 679 quidam
2234 599 2462 669 volunt,
2507 599 2788 675 baptismo
2823 600 3049 657 Joannis.

609 705 911 781 Nusquam
932 704 1091 760 enim
1108 702 1327 776 legitur
1346 704 1733 778 rebaptizatos
1757 704 1904 775 illos,
1937 724 2078 781 quos
2101 703 2376 779 discipuli
2397 703 2617 761 Christi
2642 703 3051 777 baptizaverunt

610 814 746 865 ante
778 808 1116 881 passionem,
1160 826 1293 865 cum
1324 812 1517 865 tamen
1548 810 1740 865 denuo
1773 809 2096 884 baptizatos
2125 808 2382 881 legamus
2412 826 2522 877 eos,
2577 826 2718 885 quos
2741 808 2974 864 Joannes
2999 807 3052 863 B.

610 912 1033 987 baptizaverat.
1074 910 1219 969 Coll.
1252 913 1386 968 Act.
1429 916 1525 981 19,
1563 916 1620 969 5.
1683 912 1772 969 De
1801 930 1920 989 qua
1947 932 2010 968 re
2039 912 2407 989 prosequitur
2437 912 2592 968 idem
2623 911 2682 968 S.
2713 912 2898 968 Pater.
2925 930 2978 967 u.
3007 915 3053 967 ἴ).

613 1017 835 1093 ,Neque
866 1015 1025 1072 enim
1054 1014 1449 1072 ministerium
1482 1016 1822 1090 baptizandi
1861 1016 2162 1089 defugeret
2189 1048 2274 1057 —
2305 1016 2546 1073 edition.
2579 1016 2658 1072 al.
2689 1014 2880 1072 deficit
2905 1047 2977 1055 --
3002 1022 3053 1069 ut

608 1120 851 1177 haberet
880 1119 1202 1193 baptizatos
1230 1138 1441 1189 servos,
1476 1138 1579 1193 per
1606 1138 1748 1197 quos
1781 1124 1996 1177 ceteros
2025 1118 2380 1193 baptizarem
2431 1120 2534 1196 qui
2566 1138 2685 1176 non
2721 1118 2932 1192 defugit
2959 1136 3054 1173 me-

612 1222 910 1281 morabilis
939 1222 1103 1279 illius
1138 1222 1496 1280 humilitatis
1528 1224 1940 1294 ministerium,
1975 1224 2208 1300 quando
2235 1224 2317 1280 eis
2357 1223 2507 1281 lavit
2536 1224 2726 1298 pedeS,
2769 1230 2826 1279 et
2867 1222 3054 1297 petenti

614 1328 805 1397 Petr0,
840 1332 909 1383 ut
938 1344 1055 1382 nou
1091 1330 1325 1383 tantum
1357 1327 1545 1401 pedes,
1578 1346 1788 1383 verum
1817 1327 1995 1384 etiam
2026 1346 2232 1383 manus
2253 1340 2313 1384 et
2332 1332 2505 1401 caput
2529 1330 2582 1383 ei
2609 1326 2830 1385 lavaret
2857 1344 3056 1400 respon-

610 1431 715 1501 dit,
750 1432 852 1507 qui
884 1430 1035 1487 lotus
1066 1434 1151 1487 cst
1181 1450 1297 1487 non
1328 1432 1558 1503 indiget
1587 1432 1704 1487 uisi
1734 1436 1802 1487 ut
1831 1432 2002 1505 pedes
2029 1429 2207 1503 lavet,
2249 1432 2346 1487 sed
2375 1436 2462 1487 est
2493 1432 2742 1488 muudus
2769 1435 2946 1495 totus;
2975 1430 3056 1485 ubi

609 1532 987 1607 intelligitur,
1036 1534 1188 1609 quod
1234 1534 1351 1590 iam
1382 1533 1591 1591 Petrus
1636 1534 1818 1591 fuerit
1849 1536 2220 1608 baptizatus!
2281 1534 2550 1611 Denique
2581 1533 2646 1591 in
2675 1535 2832 1591 hunc
2858 1534 3056 1589 modum

610 1636 905 1695 concludit
934 1657 993 1694 n.
1030 1641 1086 1695 3.
1120 1656 1177 1711 p.
1214 1641 1359 1695 896.
1422 1637 1611 1707 ,Unde
1641 1644 1796 1696 recte
1825 1638 1944 1695 dici
1991 1644 2210 1713 potest,
2257 1638 2398 1715 quia
2441 1657 2576 1695 cum
2605 1638 2814 1695 Petrus
2855 1636 3058 1709 negavit

609 1743 961 1811 Dominum,
1018 1742 1277 1799 nondum
1322 1742 1557 1799 fueraut
1586 1742 1854 1817 Apostoli
1901 1742 2213 1817 baptizati,
2263 1760 2400 1799 non
2451 1747 2684 1799 tamen
2731 1760 2924 1819 aqua,
2965 1738 3060 1795 sed

610 1846 893 1920 Spiritu
924 1844 1211 1903 Sancto.
1253 1847 1425 1915 Act„
1466 1850 1520 1903 1.
1556 1826 1627 1903 5.‘
1663 1846 1728 1903 Si
1757 1850 1951 1905 autem
1969 1846 2216 1903 dicimus
2241 1864 2394 1923 aqua
2417 1864 2532 1903 nou
2555 1844 2732 1903 fuisse
2755 1844 3060 1919 baptizatos,

610 1948 987 2007 metuendum
1010 1952 1115 2019 est,
1150 1968 1223 2005 ne
1246 1949 1509 2021 graviter
1531 1948 1595 2006 in
1626 1951 1710 2005 eis
1739 1952 2038 2007 erremus.‘
2086 1949 2180 2006 Ad
2203 1950 2586 2007 obiectiouem
2619 1948 2776 2006 nihil
2803 1950 2870 2005 de
2897 1946 3064 2020 bapti-

610 2053 757 2111 zatis
780 2050 1073 2128 Apostolis
1096 2053 1379 2126 scriptum
1402 2053 1648 2127 reperiri
1671 2074 1717 2109 s.
1741 2055 2110 2127 Augustinus
2134 2052 2220 2110 ita
2241 2052 2567 2128 respondit:
2593 2052 2724 2121 ,Sed
2756 2071 2870 2109 nou
2897 2049 3064 2107 omnia

610 2176 757 2235 quae
780 2157 937 2213 facta
956 2162 1111 2225 sunt,
1146 2156 1325 2213 etiam
1347 2157 1566 2230 scripta
1587 2156 1994 2227 inveniuntur,
2029 2176 2236 2215 verum
2257 2162 2454 2214 tamen
2479 2157 2634 2213 facta
2655 2175 2778 2212 esse-
2799 2176 2868 2213 ex
2891 2152 3066 2211 ceteris

609 2261 972 2318 documentis
1003 2259 1343 2333 probantur.
1378 2259 1678 2334 Scriptum
1699 2266 1786 2318 eet
1815 2263 2045 2338 quando
2067 2261 2400 2335 baptizatus
2421 2261 2499 2317 sit
2523 2258 2838 2334 Apostolus
2857 2256 3063 2323 Paulus,

611 2370 671 2421 et
702 2366 988 2439 scriptum
1020 2383 1137 2421 non
1178 2369 1263 2420 est
1301 2364 1533 2441 quando
1575 2364 1860 2438 baptizati
1891 2364 2012 2421 sint
2057 2364 2160 2421 alii
2199 2362 2494 2439 Apostoli,
2543 2377 2754 2421 verum
2797 2368 2976 2421 tamen
3021 2366 3064 2415 et

614 2469 769 2543 ipsos
800 2468 1123 2542 baptizatos
1154 2466 1483 2540 intelligere
1515 2468 1830 2526 debemus.‘
1862 2488 1919 2543 p.
1955 2473 2100 2525 897.
2145 2468 2206 2526 S.
2239 2466 2644 2525 Eucherius
2673 2465 3065 2541 Lugdunensis,

608 2571 679 2627 de
732 2575 951 2649 quaest.
1002 2570 1073 2629 V.
1106 2570 1173 2627 Τ.
1208 2570 1271 2627 in
1304 2571 1449 2627 Gen.
1482 2571 1690 2629 interr.
1735 2592 1826 2647 op.
1860 2572 1948 2629 ed.
1981 2571 2135 2629 Bibl.
2168 2572 2252 2629 M.
2285 2570 2404 2629 Col.
2439 2570 2510 2627 V.
2543 2572 2594 2641 I,
2637 2575 2778 2628 756.
2839 2570 2997 2641 ,Nam
3021 2576 3066 2622 et

607 2672 911 2751 aliquanta
940 2694 1087 2751 quae
1116 2694 1233 2731 non
1264 2674 1621 2743 scribuntur,
1655 2676 1940 2753 quomodo
1963 2675 2032 2731 de
2055 2674 2261 2732 ceteris
2283 2674 2717 2747 intelligantur,
2751 2673 3065 2731 ostenditur.

607 2777 773 2835 Sicut
800 2782 861 2834 et
890 2778 1156 2853 Apostoli
1187 2778 1473 2853 baptizati
1499 2778 1870 2853 intelligendi
1900 2784 2056 2849 sunt,
2091 2798 2224 2837 cum
2254 2778 2579 2853 baptizatos
2609 2798 2702 2835 eos
2725 2796 2844 2835 nou
2866 2776 3068 2851 penitus

612 2880 947 2938 manifestet
970 2882 1240 2957 -apertior
1277 2882 1716 2957 Scripturarum
1761 2882 2199 2956 significantia.‘
2255 2882 2420 2939 Idem
2459 2887 2710 2940 testatur
2745 2878 3070 2957 Euthymius

613 2984 759 3057 zig„
794 3002 999 3042 comm.
1032 2985 1097 3043 in
1126 2985 1379 3044 Johann.
1415 2990 1471 3055 3,
1510 2992 1567 3043 6.
1600 2986 1724 3055 ΙΙΙ,
1763 2990 1864 3043 94.

782 3088 955 3143 -Οιιηι
998 3090 1125 3143 divo
1172 3088 1475 3160 Auqaetino
1510 3089 1760 3157 faciunt.-
1819 3089 2058 3161 Amyclae
2103 3090 2347 3159 Scholae,
2393 3090 2450 3145 S.
2495 3090 2602 3143 III.
2649 3108 2698 3159 q.
2747 3086 3060 3141 XXXVIII.

618 3193 737 3247 Art.
774 3196 827 3249 6.
862 3194 940 3246 ad
970 3210 1075 3248 sec.
1112 3194 1182 3262 X,
1218 3196 1351 3247 804.
1427 3194 1497 3251 R.
1526 3194 1927 3262 Bellon-minus,
1983 3192 2236 3248 Controv.
2275 3199 2311 3247 t.
2354 3210 2398 3249 ε.
2437 3195 2504 3247 de
2549 3168 2800 3262 baptism.
2837 3192 2882 3261 L
2911 3193 3000 3245 23.
3016 3206 3068 3257 p.

626 3298 759 3353 129.
830 3296 925 3353 Th.
957 3297 1205 3365 Iti-hard,
1254 3295 1447 3353 Comm.
1492 3297 1550 3349 in
1597 3297 1744 3353 Bibl.
1794 3315 1836 3350 e.
1894 3298 2047 3368 Vulq.
2097 3296 2326 3367 Auyuet.
2378 3294 2587 3351 Vindel.
2633 3298 2806 3352 1735.
2853 3296 2924 3365 II,
2961 3294 3072 3347 199.
3184 3318 3185 3367 ἦ

617 3400 688 3455 F.
736 3397 960 3467 Suarez,
1014 3398 1206 3455 Comm.
1254 3399 1369 3453 sive
1414 3400 1550 3468 disp.
1596 3400 1655 3453 in
1703 3406 1820 3455 tert.
1859 3406 2007 3468 part.
2055 3401 2106 3453 d.
2165 3398 2396 3455 Thomas
2441 3400 2524 3453 ed.
2569 3398 2722 3470 Moy.
2776 3400 2938 3455 1619.
2981 3395 3064 3461 III,

610 3503 750 3571 disp.
798 3503 957 3569 XIX,
1004 3520 1047 3555 ε.
1094 3502 1137 3555 Ι.
1161 3520 1221 3571 p.
1258 3504 1399 3558 200.
1446 3502 1650 3558 Joann.
1701 3504 1774 3555 da
1810 3502 2080 3573 Sylveira,
2115 3502 2396 3558 Commeat.
2435 3503 2493 3556 in
2522 3501 2666 3557 Acta
2695 3502 3069 3571 Apostolorum.

620 3604 745 3659 Ven.
792 3608 961 3658 1728.
1008 3605 1064 3660 in
1112 3623 1155 3659 c.
1200 3609 1248 3661 1.
1306 3624 1357 3675 q.
1404 3608 1492 3661 10.
1539 3624 1583 3661 ε.
1620 3624 1682 3675 p.
1733 3608 1782 3665 7.
1831 3624 1874 3659 ε.
1967 3607 2357 3674 Maldonatue,
2417 3607 2476 3659 ὑι
2533 3606 2740 3664 Joann.
2799 3608 2886 3673 13,
2935 3606 2982 3659 7.
3011 3619 3064 3669 p.

612 3710 768 3761 1716.
822 3711 871 3763 7.
972 3708 1251 3763 Cornelius
1310 3728 1347 3763 a
1404 3710 1648 3779 Lapide,
1715 3708 1909 3763 Gomm.
1973 3710 2030 3764 in
2071 3709 2271 3763 Joann.
2331 3712 2419 3778 13,
2467 3712 2553 3765 10.
2604 3710 2688 3763 ed.
2735 3707 2878 3779 Any.
2935 3706 3066 3759 Vina.
3182 3730 3183 3733 =

610 3813 778 3867 1747.
825 3812 901 3881 II,
949 3814 1083 3866 449.
1150 3812 1255 3865 His
1298 3813 1556 3882 iunqendi
1600 3818 1728 3867 sunt
1771 3814 2100 3867 Leonardus
2145 3830 2181 3865 a
2239 3810 2299 3868 S.
2348 3812 2612 3881 Martum,
2663 3812 2856 3868 Eoeam.
2899 3810 3064 3877 script.

609 3915 667 3970 in
714 3918 769 3973 9.
816 3916 921 3971 Ευ.
981 3914 1242 3969 Gandavi
1283 3917 1453 3971 1764.
1493 3933 1553 3984 p.
1604 3918 1743 3970 298.
1796 3914 1860 3971 A.
1907 3914 2154 3985 Sandini,
2201 3915 2456 3969 Historia
2485 3915 2824 3984 Apostolica.
2859 3910 3074 3969 Patavii.

613 4021 777 4073 1731.
816 4036 879 4087 p.
930 4022 981 4071 6.
1031 4036 1073 4071 ε.
1119 4026 1285 4087 atquc
1352 4017 1409 4073 C'.
1458 4019 1756 4089 Baronius,
1803 4020 1881 4073 ad
1925 4037 1978 4072 a.
2011 4022 2098 4076 31.
2144 4038 2226 4073 nr.
2275 4022 2373 4075 40.
2421 4020 2466 4087 I,
2518 4021 2606 4075 77.
2662 4021 2754 4073 78.
2801 4020 2898 4089 qai
2939 4018 3076 4072 etiam

612 4123 853 4177 ordinem
898 4122 1154 4191 baptismi
1197 4127 1437 4177 enarrat.
1540 4121 1686 4176 citat
1745 4124 2020 4191 quandam
2067 4122 2270 4177 Fmodii
2315 4152 2396 4162 —
2445 4129 2584 4177 certe
2630 4122 2877 4191 alterius,
2935 4135 3074 4191 quam
3180 4116 3181 4137 ἢ

610 4226 815 4279 Fmodii
873 4225 1025 4278 illiue
1078 4226 1173 4294 qui
1216 4232 1349 4294 post
1392 4226 1445 4278 cl.
1496 4226 1720 4279 Petrum
1764 4225 2146 4280 Antiochenam
2192 4227 2331 4279 rexit
2375 4226 2694 4280 Ecclesiam.
2755 4243 2810 4279 v.
2875 4220 3080 4279 Eusebia·

612 4330 685 4383 H.
730 4332 798 4387 Ε.
846 4330 950 4398 III,
1000 4332 1095 4383 22.
1130 4348 1195 4399 p.
1247 4332 1332 4382 91.
1398 4360 1482 4369 -
1546 4330 1828 4398 epistolam
1877 4331 2123 4383 omnibus
2183 4328 2465 4383 Veteribus
2507 4330 2746 4399 iqnotam
2815 4330 2973 4397 ,Lux‘
3015 4326 3080 4377 ia·

611 4433 869 4501 scriptam
914 4435 1066 4501 apud
1109 4433 1473 4502 Nicephorum
1508 4432 1758 4501 Callisti,
1799 4434 1948 4486 Eccl.
1995 4434 2140 4485 Hist.
2189 4433 2260 4501 ῙῙ,
2308 4436 2363 4488 3.
2413 4435 2492 4486 ed.
2541 4432 2846 4487 Frontonis
2887 4426 3084 4485 Ducam·

610 4536 655 4605 I,
703 4538 839 4591 134.
930 4538 1127 4604 ‚Porro
1176 4537 1395 4589 divinus
1439 4536 1690 4589 Fmodizw
1743 4536 1840 4604 qui
1885 4541 1934 4587 et
1977 4536 2094 4604 ipse
2140 4534 2524 4603 Apostolorum
2569 4552 2855 4589 successor
2882 4534 2998 4603 fuit
3039 4532 3082 4583 in

3177 4458 3179 4526 4
