<?xml version="1.0" encoding="UTF-8"?>
<!DOCTYPE html PUBLIC "-//W3C//DTD XHTML 1.0 Transitional//EN"
    "http://www.w3.org/TR/xhtml1/DTD/xhtml1-transitional.dtd">
<html xmlns="http://www.w3.org/1999/xhtml" xml:lang="en" lang="en">
 <head>
  <title>
</title>
<meta http-equiv="Content-Type" content="text/html;charset=utf-8" />
  <meta name='ocr-system' content='tesseract 3.04.00' />
  <meta name='ocr-capabilities' content='ocr_page ocr_carea ocr_par ocr_line ocrx_word'/>
</head>
<body>
  <div class='ocr_page' id='page_1' title='image "./historiarevelat00unkngoog_0080.png"; bbox 0 0 3267 5259; ppageno 0'>
   <div class='ocr_carea' id='block_1_1' title="bbox 549 443 2207 512">
    <p class='ocr_par' dir='ltr' id='par_1_1' title="bbox 549 443 2207 512">
     <span class='ocr_line' id='line_1_1' title="bbox 549 443 2207 512; baseline 0 -10"><span class='ocrx_word' id='word_1_1' title='bbox 549 443 724 494; x_wconf 74' lang='lat' dir='ltr'><strong>LXIV</strong></span> <span class='ocrx_word' id='word_1_2' title='bbox 1377 460 1625 512; x_wconf 64' lang='lat' dir='ltr'><strong>Apparatus</strong></span> <span class='ocrx_word' id='word_1_3' title='bbox 1652 459 1871 503; x_wconf 72' lang='lat' dir='ltr'><strong>Historiae</strong></span> <span class='ocrx_word' id='word_1_4' title='bbox 1885 485 1935 492; x_wconf 94' lang='lat'><strong>—</strong></span> <span class='ocrx_word' id='word_1_5' title='bbox 1955 461 2207 504; x_wconf 72' lang='lat' dir='ltr'><strong>ehu-unicus.</strong></span> 
     </span>
    </p>
   </div>
   <div class='ocr_carea' id='block_1_2' title="bbox 543 640 3037 2922">
    <p class='ocr_par' dir='ltr' id='par_1_2' title="bbox 543 640 3037 2922">
     <span class='ocr_line' id='line_1_2' title="bbox 549 640 3027 722; baseline 0.003 -26"><span class='ocrx_word' id='word_1_6' title='bbox 549 659 849 716; x_wconf 84' lang='lat' dir='ltr'><strong>possumus</strong></span> <span class='ocrx_word' id='word_1_7' title='bbox 880 640 1142 697; x_wconf 84' lang='lat' dir='ltr'><strong>conferre</strong></span> <span class='ocrx_word' id='word_1_8' title='bbox 1173 641 1498 716; x_wconf 78' lang='lat' dir='ltr'><strong>passionem</strong></span> <span class='ocrx_word' id='word_1_9' title='bbox 1527 645 1588 698; x_wconf 89' lang='lat' dir='ltr'><strong>et</strong></span> <span class='ocrx_word' id='word_1_10' title='bbox 1615 645 1865 700; x_wconf 86' lang='lat' dir='ltr'><strong>mortem</strong></span> <span class='ocrx_word' id='word_1_11' title='bbox 1894 641 2153 714; x_wconf 88' lang='lat' dir='ltr'><strong>Domini,</strong></span> <span class='ocrx_word' id='word_1_12' title='bbox 2203 647 2441 720; x_wconf 84' lang='lat' dir='ltr'><strong>propter</strong></span> <span class='ocrx_word' id='word_1_13' title='bbox 2480 647 2785 722; x_wconf 82' lang='lat' dir='ltr'><strong>sequentes</strong></span> <span class='ocrx_word' id='word_1_14' title='bbox 2815 663 3027 703; x_wconf 63' lang='lat' dir='ltr'><strong>causas</strong></span> 
     </span>
     <span class='ocr_line' id='line_1_3' title="bbox 551 743 3037 826; baseline 0.002 -25"><span class='ocrx_word' id='word_1_15' title='bbox 551 747 759 802; x_wconf 83' lang='lat' dir='ltr'><strong>Annus</strong></span> <span class='ocrx_word' id='word_1_16' title='bbox 799 743 1143 802; x_wconf 77' lang='lat' dir='ltr'>Consulatus</span> <span class='ocrx_word' id='word_1_17' title='bbox 1173 745 1554 803; x_wconf 82' lang='lat' dir='ltr'><strong>Geminorum</strong></span> <span class='ocrx_word' id='word_1_18' title='bbox 1598 745 1916 820; x_wconf 88' lang='lat' dir='ltr'><strong>insignitus</strong></span> <span class='ocrx_word' id='word_1_19' title='bbox 1960 751 2118 804; x_wconf 85' lang='lat' dir='ltr'><strong>caret</strong></span> <span class='ocrx_word' id='word_1_20' title='bbox 2147 746 2221 804; x_wconf 90' lang='lat' dir='ltr'><strong>iis</strong></span> <span class='ocrx_word' id='word_1_21' title='bbox 2265 747 2535 819; x_wconf 80' lang='lat' dir='ltr'><strong>indiciis,</strong></span> <span class='ocrx_word' id='word_1_22' title='bbox 2598 768 2742 826; x_wconf 89' lang='lat' dir='ltr'><strong>quos</strong></span> <span class='ocrx_word' id='word_1_23' title='bbox 2797 748 3037 807; x_wconf 88' lang='lat' dir='ltr'><strong>omnino</strong></span> 
     </span>
     <span class='ocr_line' id='line_1_4' title="bbox 548 848 3036 928; baseline 0.002 -21"><span class='ocrx_word' id='word_1_24' title='bbox 548 849 896 907; x_wconf 88' lang='lat' dir='ltr'><strong>necessarios</strong></span> <span class='ocrx_word' id='word_1_25' title='bbox 925 848 1338 924; x_wconf 86' lang='lat' dir='ltr'><strong>Evangelistae</strong></span> <span class='ocrx_word' id='word_1_26' title='bbox 1385 851 1690 924; x_wconf 86' lang='lat' dir='ltr'><strong>assignant</strong></span> <span class='ocrx_word' id='word_1_27' title='bbox 1735 870 1888 909; x_wconf 87' lang='lat' dir='ltr'><strong>anno</strong></span> <span class='ocrx_word' id='word_1_28' title='bbox 1937 851 2247 909; x_wconf 76' lang='lat' dir='ltr'>Passionis,</span> <span class='ocrx_word' id='word_1_29' title='bbox 2308 851 2575 910; x_wconf 89' lang='lat' dir='ltr'><strong>Primum</strong></span> <span class='ocrx_word' id='word_1_30' title='bbox 2621 859 3036 928; x_wconf 72' lang='lat' dir='ltr'><strong>argumentum</strong></span> 
     </span>
     <span class='ocr_line' id='line_1_5' title="bbox 547 954 3036 1037; baseline 0.002 -27"><span class='ocrx_word' id='word_1_31' title='bbox 547 957 631 1012; x_wconf 90' lang='lat' dir='ltr'><strong>sic</strong></span> <span class='ocrx_word' id='word_1_32' title='bbox 673 955 992 1012; x_wconf 84' lang='lat' dir='ltr'><strong>formatur:</strong></span> <span class='ocrx_word' id='word_1_33' title='bbox 1036 955 1312 1012; x_wconf 81' lang='lat' dir='ltr'><strong>Decimus</strong></span> <span class='ocrx_word' id='word_1_34' title='bbox 1357 954 1600 1033; x_wconf 87' lang='lat' dir='ltr'><strong>quintus</strong></span> <span class='ocrx_word' id='word_1_35' title='bbox 1642 975 1832 1014; x_wconf 86' lang='lat' dir='ltr'><strong>annus</strong></span> <span class='ocrx_word' id='word_1_36' title='bbox 1878 955 2100 1014; x_wconf 86' lang='lat' dir='ltr'><strong>Tiberii</strong></span> <span class='ocrx_word' id='word_1_37' title='bbox 2142 977 2179 1015; x_wconf 87' lang='lat' dir='ltr'><strong>a</strong></span> <span class='ocrx_word' id='word_1_38' title='bbox 2216 977 2261 1015; x_wconf 92' lang='lat' dir='ltr'><strong>s.</strong></span> <span class='ocrx_word' id='word_1_39' title='bbox 2306 957 2466 1016; x_wconf 82' lang='lat' dir='ltr'><strong>Luca</strong></span> <span class='ocrx_word' id='word_1_40' title='bbox 2504 963 2877 1030; x_wconf 74' lang='lat' dir='ltr'><strong>memoratuS,</strong></span> <span class='ocrx_word' id='word_1_41' title='bbox 2924 978 3036 1037; x_wconf 91' lang='lat' dir='ltr'><strong>quo</strong></span> 
     </span>
     <span class='ocr_line' id='line_1_6' title="bbox 548 1060 3035 1138; baseline 0.002 -22"><span class='ocrx_word' id='word_1_42' title='bbox 548 1061 704 1135; x_wconf 87' lang='lat' dir='ltr'><strong>cepit</strong></span> <span class='ocrx_word' id='word_1_43' title='bbox 747 1060 1240 1135; x_wconf 78' lang='lat' dir='ltr'><strong>praedicationem</strong></span> <span class='ocrx_word' id='word_1_44' title='bbox 1283 1080 1450 1118; x_wconf 87' lang='lat' dir='ltr'><strong>suam</strong></span> <span class='ocrx_word' id='word_1_45' title='bbox 1477 1061 1516 1117; x_wconf 89' lang='lat' dir='ltr'><strong>J</strong></span> <span class='ocrx_word' id='word_1_46' title='bbox 1517 1081 1730 1119; x_wconf 85' lang='lat' dir='ltr'><strong>oannes</strong></span> <span class='ocrx_word' id='word_1_47' title='bbox 1770 1062 1858 1133; x_wconf 92' lang='grc' dir='ltr'><strong>Β.,</strong></span> <span class='ocrx_word' id='word_1_48' title='bbox 1908 1062 2123 1119; x_wconf 81' lang='lat' dir='ltr'><strong>incidit</strong></span> <span class='ocrx_word' id='word_1_49' title='bbox 2167 1063 2233 1118; x_wconf 88' lang='lat' dir='ltr'><strong>in</strong></span> <span class='ocrx_word' id='word_1_50' title='bbox 2276 1082 2499 1134; x_wconf 85' lang='lat' dir='ltr'><strong>annum</strong></span> <span class='ocrx_word' id='word_1_51' title='bbox 2530 1067 2720 1120; x_wconf 85' lang='lat' dir='ltr'><strong>Aerae</strong></span> <span class='ocrx_word' id='word_1_52' title='bbox 2758 1063 3035 1138; x_wconf 79' lang='lat' dir='ltr'><strong>Vulgaris</strong></span> 
     </span>
     <span class='ocr_line' id='line_1_7' title="bbox 547 1163 3037 1243; baseline 0.001 -22"><span class='ocrx_word' id='word_1_53' title='bbox 547 1163 771 1221; x_wconf 88' lang='lat' dir='ltr'><strong>XXVI</strong></span> <span class='ocrx_word' id='word_1_54' title='bbox 797 1163 832 1222; x_wconf 87' lang='lat'><strong>¹.</strong></span> <span class='ocrx_word' id='word_1_55' title='bbox 899 1165 1046 1223; x_wconf 88' lang='lat' dir='ltr'><strong>Cum</strong></span> <span class='ocrx_word' id='word_1_56' title='bbox 1077 1165 1275 1243; x_wconf 88' lang='lat' dir='ltr'><strong>itaque</strong></span> <span class='ocrx_word' id='word_1_57' title='bbox 1307 1185 1357 1222; x_wconf 92' lang='lat' dir='ltr'><strong>a.</strong></span> <span class='ocrx_word' id='word_1_58' title='bbox 1393 1186 1467 1222; x_wconf 87' lang='lat' dir='ltr'><strong>ex</strong></span> <span class='ocrx_word' id='word_1_59' title='bbox 1499 1165 1763 1224; x_wconf 91' lang='lat' dir='ltr'><strong>omnium</strong></span> <span class='ocrx_word' id='word_1_60' title='bbox 1794 1166 2311 1240; x_wconf 80' lang='lat' dir='ltr'><strong>Evangelistarum</strong></span> <span class='ocrx_word' id='word_1_61' title='bbox 2340 1169 2608 1225; x_wconf 90' lang='lat' dir='ltr'><strong>unanimi</strong></span> <span class='ocrx_word' id='word_1_62' title='bbox 2641 1167 3037 1226; x_wconf 85' lang='lat' dir='ltr'><strong>affirmatione</strong></span> 
     </span>
     <span class='ocr_line' id='line_1_8' title="bbox 548 1271 3035 1350; baseline 0.002 -24"><span class='ocrx_word' id='word_1_63' title='bbox 548 1271 1072 1344; x_wconf 80' lang='lat' dir='ltr'><strong>compertissimum</strong></span> <span class='ocrx_word' id='word_1_64' title='bbox 1114 1271 1223 1328; x_wconf 89' lang='lat' dir='ltr'><strong>sit:</strong></span> <span class='ocrx_word' id='word_1_65' title='bbox 1271 1291 1306 1328; x_wconf 90' lang='lat' dir='ltr'><strong>a</strong></span> <span class='ocrx_word' id='word_1_66' title='bbox 1335 1271 1632 1347; x_wconf 84' lang='lat' dir='ltr'><strong>Baptistae</strong></span> <span class='ocrx_word' id='word_1_67' title='bbox 1682 1272 2128 1348; x_wconf 88' lang='lat' dir='ltr'><strong>praedicatione,</strong></span> <span class='ocrx_word' id='word_1_68' title='bbox 2181 1277 2241 1329; x_wconf 92' lang='lat' dir='ltr'><strong>et</strong></span> <span class='ocrx_word' id='word_1_69' title='bbox 2277 1273 2430 1329; x_wconf 86' lang='lat' dir='ltr'><strong>hanc</strong></span> <span class='ocrx_word' id='word_1_70' title='bbox 2474 1272 2701 1350; x_wconf 84' lang='lat' dir='ltr'><strong>aliquot</strong></span> <span class='ocrx_word' id='word_1_71' title='bbox 2745 1273 3035 1330; x_wconf 87' lang='lat' dir='ltr'><strong>mensium</strong></span> 
     </span>
     <span class='ocr_line' id='line_1_9' title="bbox 549 1374 3031 1452; baseline 0.001 -20"><span class='ocrx_word' id='word_1_72' title='bbox 549 1374 864 1434; x_wconf 80' lang='lat' dir='ltr'><strong>intervallo</strong></span> <span class='ocrx_word' id='word_1_73' title='bbox 923 1379 1116 1433; x_wconf 87' lang='lat' dir='ltr'><strong>secuto</strong></span> <span class='ocrx_word' id='word_1_74' title='bbox 1176 1374 1395 1433; x_wconf 84' lang='lat' dir='ltr'><strong>Christi</strong></span> <span class='ocrx_word' id='word_1_75' title='bbox 1455 1377 1745 1452; x_wconf 87' lang='lat' dir='ltr'><strong>baptismo</strong></span> <span class='ocrx_word' id='word_1_76' title='bbox 1764 1421 1777 1446; x_wconf 93' lang='lat'>‚</span> <span class='ocrx_word' id='word_1_77' title='bbox 1834 1377 1906 1434; x_wconf 90' lang='lat' dir='ltr'><strong>ad</strong></span> <span class='ocrx_word' id='word_1_78' title='bbox 1960 1376 2217 1434; x_wconf 86' lang='lat' dir='ltr'><strong>eiusdem</strong></span> <span class='ocrx_word' id='word_1_79' title='bbox 2267 1377 2600 1434; x_wconf 82' lang='lat' dir='ltr'><strong>Passionem</strong></span> <span class='ocrx_word' id='word_1_80' title='bbox 2652 1383 2713 1434; x_wconf 90' lang='lat' dir='ltr'><strong>et</strong></span> <span class='ocrx_word' id='word_1_81' title='bbox 2765 1381 3031 1448; x_wconf 87' lang='lat' dir='ltr'><strong>mortem,</strong></span> 
     </span>
     <span class='ocr_line' id='line_1_10' title="bbox 545 1478 3029 1560; baseline 0.001 -24"><span class='ocrx_word' id='word_1_82' title='bbox 545 1478 806 1538; x_wconf 85' lang='lat' dir='ltr'><strong>saltem</strong></span> <span class='ocrx_word' id='word_1_83' title='bbox 835 1481 1232 1538; x_wconf 80' lang='lat' dir='ltr'><strong>triennium</strong></span> <span class='ocrx_word' id='word_1_84' title='bbox 1259 1482 1634 1553; x_wconf 82' lang='lat' dir='ltr'><strong>intercedere,</strong></span> <span class='ocrx_word' id='word_1_85' title='bbox 1670 1483 1964 1560; x_wconf 85' lang='lat' dir='ltr'><strong>sequitur:</strong></span> <span class='ocrx_word' id='word_1_86' title='bbox 1996 1501 2220 1540; x_wconf 88' lang='lat' dir='ltr'><strong>annum</strong></span> <span class='ocrx_word' id='word_1_87' title='bbox 2248 1486 2349 1539; x_wconf 83' lang='lat'><strong>29.</strong></span> <span class='ocrx_word' id='word_1_88' title='bbox 2383 1485 2573 1540; x_wconf 87' lang='lat' dir='ltr'><strong>Aerae</strong></span> <span class='ocrx_word' id='word_1_89' title='bbox 2604 1481 2882 1556; x_wconf 86' lang='lat' dir='ltr'><strong>Vulgaris</strong></span> <span class='ocrx_word' id='word_1_90' title='bbox 2912 1501 3029 1540; x_wconf 91' lang='lat' dir='ltr'><strong>non</strong></span> 
     </span>
     <span class='ocr_line' id='line_1_11' title="bbox 547 1585 3035 1664; baseline 0.001 -23"><span class='ocrx_word' id='word_1_91' title='bbox 547 1603 709 1660; x_wconf 87' lang='lat' dir='ltr'><strong>posse</strong></span> <span class='ocrx_word' id='word_1_92' title='bbox 754 1585 958 1643; x_wconf 88' lang='lat' dir='ltr'><strong>haberi</strong></span> <span class='ocrx_word' id='word_1_93' title='bbox 1015 1585 1395 1644; x_wconf 82' lang='lat' dir='ltr'><strong>emortualem</strong></span> <span class='ocrx_word' id='word_1_94' title='bbox 1441 1587 1516 1642; x_wconf 90' lang='lat' dir='ltr'><strong>D.</strong></span> <span class='ocrx_word' id='word_1_95' title='bbox 1563 1587 1640 1643; x_wconf 88' lang='lat' dir='ltr'><strong>N.</strong></span> <span class='ocrx_word' id='word_1_96' title='bbox 1671 1587 1725 1643; x_wconf 87' lang='lat' dir='ltr'><strong>J.</strong></span> <span class='ocrx_word' id='word_1_97' title='bbox 1760 1585 1823 1644; x_wconf 89' lang='lat' dir='ltr'><strong>C.</strong></span> <span class='ocrx_word' id='word_1_98' title='bbox 1868 1586 1925 1643; x_wconf 91' lang='lat' dir='ltr'><strong>b.</strong></span> <span class='ocrx_word' id='word_1_99' title='bbox 2001 1585 2169 1643; x_wconf 88' lang='lat' dir='ltr'><strong>Idem</strong></span> <span class='ocrx_word' id='word_1_100' title='bbox 2213 1585 2402 1664; x_wconf 87' lang='lat' dir='ltr'><strong>liquet</strong></span> <span class='ocrx_word' id='word_1_101' title='bbox 2439 1605 2513 1643; x_wconf 80' lang='lat' dir='ltr'><strong>ex</strong></span> <span class='ocrx_word' id='word_1_102' title='bbox 2560 1587 2839 1645; x_wconf 88' lang='lat' dir='ltr'><strong>decennio</strong></span> <span class='ocrx_word' id='word_1_103' title='bbox 2881 1587 3035 1664; x_wconf 91' lang='lat' dir='ltr'><strong>quod</strong></span> 
     </span>
     <span class='ocr_line' id='line_1_12' title="bbox 547 1688 3031 1766; baseline 0.001 -20"><span class='ocrx_word' id='word_1_104' title='bbox 547 1689 668 1763; x_wconf 87' lang='lat' dir='ltr'><strong>egit</strong></span> <span class='ocrx_word' id='word_1_105' title='bbox 718 1688 945 1748; x_wconf 88' lang='lat' dir='ltr'><strong>Pilatus</strong></span> <span class='ocrx_word' id='word_1_106' title='bbox 997 1690 1062 1747; x_wconf 90' lang='lat' dir='ltr'><strong>in</strong></span> <span class='ocrx_word' id='word_1_107' title='bbox 1113 1691 1523 1766; x_wconf 86' lang='lat' dir='ltr'><strong>procuratione</strong></span> <span class='ocrx_word' id='word_1_108' title='bbox 1567 1691 1606 1747; x_wconf 89' lang='lat' dir='ltr'><strong>J</strong></span> <span class='ocrx_word' id='word_1_109' title='bbox 1605 1692 1840 1748; x_wconf 86' lang='lat' dir='ltr'><strong>udaeae.</strong></span> <span class='ocrx_word' id='word_1_110' title='bbox 1916 1691 2011 1747; x_wconf 85' lang='lat' dir='ltr'><strong>Ad</strong></span> <span class='ocrx_word' id='word_1_111' title='bbox 2056 1692 2373 1748; x_wconf 87' lang='lat' dir='ltr'><strong>secundum</strong></span> <span class='ocrx_word' id='word_1_112' title='bbox 2426 1697 2843 1765; x_wconf 86' lang='lat' dir='ltr'><strong>argumentum</strong></span> <span class='ocrx_word' id='word_1_113' title='bbox 2895 1711 3031 1750; x_wconf 87' lang='lat' dir='ltr'><strong>eon·</strong></span> 
     </span>
     <span class='ocr_line' id='line_1_13' title="bbox 545 1792 3033 1873; baseline 0 -22"><span class='ocrx_word' id='word_1_114' title='bbox 545 1795 889 1852; x_wconf 88' lang='lat' dir='ltr'><strong>struendum</strong></span> <span class='ocrx_word' id='word_1_115' title='bbox 933 1794 1309 1871; x_wconf 78' lang='lat' dir='ltr'><strong>praemittere</strong></span> <span class='ocrx_word' id='word_1_116' title='bbox 1355 1797 1524 1854; x_wconf 81' lang='lat' dir='ltr'><strong>iuvat</strong></span> <span class='ocrx_word' id='word_1_117' title='bbox 1551 1792 1612 1851; x_wconf 73' lang='lat' dir='ltr'><strong>‘cb</strong></span> <span class='ocrx_word' id='word_1_118' title='bbox 1651 1793 1986 1872; x_wconf 73' lang='grc' dir='ltr'>κρινόμενον,</span> <span class='ocrx_word' id='word_1_119' title='bbox 2035 1815 2071 1852; x_wconf 88' lang='lat' dir='ltr'><strong>a</strong></span> <span class='ocrx_word' id='word_1_120' title='bbox 2114 1815 2228 1873; x_wconf 90' lang='lat' dir='ltr'><strong>quo</strong></span> <span class='ocrx_word' id='word_1_121' title='bbox 2272 1795 2446 1854; x_wconf 87' lang='lat' dir='ltr'><strong>unice</strong></span> <span class='ocrx_word' id='word_1_122' title='bbox 2493 1797 2709 1871; x_wconf 88' lang='lat' dir='ltr'><strong>pendet</strong></span> <span class='ocrx_word' id='word_1_123' title='bbox 2754 1796 3033 1853; x_wconf 86' lang='lat' dir='ltr'><strong>determi-</strong></span> 
     </span>
     <span class='ocr_line' id='line_1_14' title="bbox 545 1896 3031 1979; baseline 0.001 -23"><span class='ocrx_word' id='word_1_124' title='bbox 545 1900 708 1956; x_wconf 88' lang='lat' dir='ltr'><strong>natio</strong></span> <span class='ocrx_word' id='word_1_125' title='bbox 747 1896 1220 1977; x_wconf 75' lang='grc' dir='ltr'><strong>,,σταυρωσίμου“,</strong></span> <span class='ocrx_word' id='word_1_126' title='bbox 1267 1920 1418 1958; x_wconf 87' lang='lat' dir='ltr'><strong>esse:</strong></span> <span class='ocrx_word' id='word_1_127' title='bbox 1465 1920 1727 1958; x_wconf 91' lang='lat' dir='ltr'><strong>annum</strong></span> <span class='ocrx_word' id='word_1_128' title='bbox 1770 1919 1903 1978; x_wconf 94' lang='lat' dir='ltr'><strong>quo</strong></span> <span class='ocrx_word' id='word_1_129' title='bbox 1946 1899 2280 1958; x_wconf 88' lang='lat' dir='ltr'><strong>Christus</strong></span> <span class='ocrx_word' id='word_1_130' title='bbox 2325 1905 2542 1958; x_wconf 88' lang='lat' dir='ltr'><strong>natus</strong></span> <span class='ocrx_word' id='word_1_131' title='bbox 2583 1905 2723 1970; x_wconf 79' lang='lat' dir='ltr'><strong>est3</strong></span> <span class='ocrx_word' id='word_1_132' title='bbox 2770 1902 2912 1979; x_wconf 88' lang='lat' dir='ltr'><strong>quia</strong></span> <span class='ocrx_word' id='word_1_133' title='bbox 2956 1921 3031 1958; x_wconf 82' lang='lat' dir='ltr'><strong>ex</strong></span> 
     </span>
     <span class='ocr_line' id='line_1_15' title="bbox 547 2004 3032 2083; baseline 0 -21"><span class='ocrx_word' id='word_1_134' title='bbox 547 2004 961 2062; x_wconf 86' lang='lat' dir='ltr'><strong>constitutione</strong></span> <span class='ocrx_word' id='word_1_135' title='bbox 991 2006 1121 2064; x_wconf 81' lang='lat' dir='ltr'><strong>veri</strong></span> <span class='ocrx_word' id='word_1_136' title='bbox 1159 2005 1380 2064; x_wconf 87' lang='lat' dir='ltr'><strong>Christi</strong></span> <span class='ocrx_word' id='word_1_137' title='bbox 1411 2005 1662 2078; x_wconf 88' lang='lat' dir='ltr'><strong>Natalis,</strong></span> <span class='ocrx_word' id='word_1_138' title='bbox 1698 2006 1913 2081; x_wconf 88' lang='lat' dir='ltr'><strong>pendet</strong></span> <span class='ocrx_word' id='word_1_139' title='bbox 1935 2004 2201 2063; x_wconf 89' lang='lat' dir='ltr'><strong>definitio</strong></span> <span class='ocrx_word' id='word_1_140' title='bbox 2239 2005 2613 2082; x_wconf 83' lang='lat' dir='ltr'><strong>quaestionis,</strong></span> <span class='ocrx_word' id='word_1_141' title='bbox 2659 2011 2835 2083; x_wconf 90' lang='lat' dir='ltr'><strong>quoto</strong></span> <span class='ocrx_word' id='word_1_142' title='bbox 2865 2005 3032 2063; x_wconf 68' lang='lat' dir='ltr'><strong>Joeus</strong></span> 
     </span>
     <span class='ocr_line' id='line_1_16' title="bbox 547 2109 3035 2187; baseline 0 -20"><span class='ocrx_word' id='word_1_143' title='bbox 547 2110 755 2167; x_wconf 81' lang='lat' dir='ltr'><strong>aetatis</strong></span> <span class='ocrx_word' id='word_1_144' title='bbox 796 2129 933 2168; x_wconf 86' lang='lat' dir='ltr'><strong>suae</strong></span> <span class='ocrx_word' id='word_1_145' title='bbox 979 2130 1134 2168; x_wconf 87' lang='lat' dir='ltr'><strong>anno</strong></span> <span class='ocrx_word' id='word_1_146' title='bbox 1179 2129 1410 2168; x_wconf 86' lang='lat' dir='ltr'><strong>crucem</strong></span> <span class='ocrx_word' id='word_1_147' title='bbox 1450 2109 1738 2168; x_wconf 90' lang='lat' dir='ltr'><strong>subierit?</strong></span> <span class='ocrx_word' id='word_1_148' title='bbox 1786 2111 1941 2167; x_wconf 78' lang='lat' dir='ltr'><strong>Fixa</strong></span> <span class='ocrx_word' id='word_1_149' title='bbox 1986 2110 2144 2167; x_wconf 90' lang='lat' dir='ltr'><strong>enim</strong></span> <span class='ocrx_word' id='word_1_150' title='bbox 2190 2109 2367 2167; x_wconf 88' lang='lat' dir='ltr'><strong>semel</strong></span> <span class='ocrx_word' id='word_1_151' title='bbox 2398 2109 2806 2184; x_wconf 68' lang='lat' dir='ltr'><strong>Chronologia,</strong></span> <span class='ocrx_word' id='word_1_152' title='bbox 2857 2115 3035 2187; x_wconf 87' lang='lat' dir='ltr'><strong>quoto</strong></span> 
     </span>
     <span class='ocr_line' id='line_1_17' title="bbox 548 2211 3031 2293; baseline 0.001 -22"><span class='ocrx_word' id='word_1_153' title='bbox 548 2213 813 2272; x_wconf 88' lang='lat' dir='ltr'><strong>Christus</strong></span> <span class='ocrx_word' id='word_1_154' title='bbox 837 2219 1010 2272; x_wconf 84' lang='lat' dir='ltr'><strong>natus</strong></span> <span class='ocrx_word' id='word_1_155' title='bbox 1035 2219 1121 2272; x_wconf 87' lang='lat' dir='ltr'><strong>est</strong></span> <span class='ocrx_word' id='word_1_156' title='bbox 1142 2235 1320 2284; x_wconf 81' lang='lat' dir='ltr'><strong>ann03</strong></span> <span class='ocrx_word' id='word_1_157' title='bbox 1347 2216 1523 2272; x_wconf 89' lang='lat' dir='ltr'><strong>ceteri</strong></span> <span class='ocrx_word' id='word_1_158' title='bbox 1547 2215 1650 2293; x_wconf 90' lang='lat' dir='ltr'><strong>qui</strong></span> <span class='ocrx_word' id='word_1_159' title='bbox 1669 2215 1807 2272; x_wconf 90' lang='lat' dir='ltr'><strong>inde</strong></span> <span class='ocrx_word' id='word_1_160' title='bbox 1822 2219 2151 2292; x_wconf 81' lang='lat' dir='ltr'><strong>sequuntur</strong></span> <span class='ocrx_word' id='word_1_161' title='bbox 2166 2217 2307 2271; x_wconf 91' lang='lat' dir='ltr'><strong>anni</strong></span> <span class='ocrx_word' id='word_1_162' title='bbox 2324 2213 2496 2272; x_wconf 88' lang='lat' dir='ltr'><strong>facile</strong></span> <span class='ocrx_word' id='word_1_163' title='bbox 2516 2214 2974 2272; x_wconf 85' lang='lat' dir='ltr'><strong>dinumerantur</strong></span> <span class='ocrx_word' id='word_1_164' title='bbox 2988 2211 3031 2273; x_wconf 79' lang='lat'><strong>².</strong></span> 
     </span>
     <span class='ocr_line' id='line_1_18' title="bbox 547 2318 3026 2397; baseline 0 -21"><span class='ocrx_word' id='word_1_165' title='bbox 547 2318 764 2376; x_wconf 86' lang='lat' dir='ltr'><strong>Christi</strong></span> <span class='ocrx_word' id='word_1_166' title='bbox 806 2318 1038 2389; x_wconf 84' lang='lat' dir='ltr'><strong>natalis,</strong></span> <span class='ocrx_word' id='word_1_167' title='bbox 1087 2324 1156 2378; x_wconf 85' lang='lat' dir='ltr'><strong>ut</strong></span> <span class='ocrx_word' id='word_1_168' title='bbox 1197 2339 1272 2377; x_wconf 80' lang='lat' dir='ltr'><strong>ex</strong></span> <span class='ocrx_word' id='word_1_169' title='bbox 1301 2319 1634 2377; x_wconf 90' lang='lat' dir='ltr'><strong>illustribus</strong></span> <span class='ocrx_word' id='word_1_170' title='bbox 1682 2321 2011 2378; x_wconf 88' lang='lat' dir='ltr'><strong>rationibus</strong></span> <span class='ocrx_word' id='word_1_171' title='bbox 2036 2323 2085 2376; x_wconf 82' lang='lat' dir='ltr'><strong>&#39;a</strong></span> <span class='ocrx_word' id='word_1_172' title='bbox 2124 2340 2170 2377; x_wconf 77' lang='lat' dir='ltr'><strong>S.</strong></span> <span class='ocrx_word' id='word_1_173' title='bbox 2217 2319 2516 2377; x_wconf 81' lang='lat' dir='ltr'><strong>Matthaeo</strong></span> <span class='ocrx_word' id='word_1_174' title='bbox 2556 2319 2708 2376; x_wconf 80' lang='lat' dir='ltr'><strong>datis</strong></span> <span class='ocrx_word' id='word_1_175' title='bbox 2738 2320 3026 2397; x_wconf 87' lang='lat' dir='ltr'><strong>sequitur,</strong></span> 
     </span>
     <span class='ocr_line' id='line_1_19' title="bbox 545 2422 3029 2502; baseline 0 -22"><span class='ocrx_word' id='word_1_176' title='bbox 545 2427 791 2481; x_wconf 90' lang='lat' dir='ltr'><strong>mortem</strong></span> <span class='ocrx_word' id='word_1_177' title='bbox 838 2422 1107 2495; x_wconf 89' lang='lat' dir='ltr'><strong>Herodis,</strong></span> <span class='ocrx_word' id='word_1_178' title='bbox 1161 2443 1338 2502; x_wconf 85' lang='lat' dir='ltr'><strong>quam</strong></span> <span class='ocrx_word' id='word_1_179' title='bbox 1385 2423 1657 2482; x_wconf 89' lang='lat' dir='ltr'><strong>accidisse</strong></span> <span class='ocrx_word' id='word_1_180' title='bbox 1706 2427 1780 2482; x_wconf 83' lang='lat' dir='ltr'><strong>A.</strong></span> <span class='ocrx_word' id='word_1_181' title='bbox 1830 2423 1902 2483; x_wconf 89' lang='lat' dir='ltr'><strong>U.</strong></span> <span class='ocrx_word' id='word_1_182' title='bbox 1948 2423 2010 2482; x_wconf 86' lang='lat' dir='ltr'><strong>G.</strong></span> <span class='ocrx_word' id='word_1_183' title='bbox 2050 2427 2191 2482; x_wconf 85' lang='grc'><strong>750.</strong></span> <span class='ocrx_word' id='word_1_184' title='bbox 2230 2425 2623 2499; x_wconf 88' lang='lat' dir='ltr'><strong>probabimus,</strong></span> <span class='ocrx_word' id='word_1_185' title='bbox 2674 2426 3029 2493; x_wconf 77' lang='lat' dir='ltr'><strong>antevertit;</strong></span> 
     </span>
     <span class='ocr_line' id='line_1_20' title="bbox 545 2527 3029 2607; baseline -0 -22"><span class='ocrx_word' id='word_1_186' title='bbox 545 2548 681 2602; x_wconf 84' lang='lat' dir='ltr'><strong>ergo</strong></span> <span class='ocrx_word' id='word_1_187' title='bbox 712 2528 978 2587; x_wconf 89' lang='lat' dir='ltr'><strong>Christus</strong></span> <span class='ocrx_word' id='word_1_188' title='bbox 1010 2534 1184 2588; x_wconf 85' lang='lat' dir='ltr'><strong>natus</strong></span> <span class='ocrx_word' id='word_1_189' title='bbox 1215 2534 1303 2588; x_wconf 89' lang='lat' dir='ltr'><strong>est</strong></span> <span class='ocrx_word' id='word_1_190' title='bbox 1324 2532 1398 2587; x_wconf 80' lang='lat' dir='ltr'><strong>A.</strong></span> <span class='ocrx_word' id='word_1_191' title='bbox 1427 2529 1499 2587; x_wconf 87' lang='lat' dir='ltr'><strong>U.</strong></span> <span class='ocrx_word' id='word_1_192' title='bbox 1526 2529 1588 2587; x_wconf 86' lang='lat' dir='ltr'><strong>G.</strong></span> <span class='ocrx_word' id='word_1_193' title='bbox 1620 2533 1789 2600; x_wconf 87' lang='grc'><strong>749.;</strong></span> <span class='ocrx_word' id='word_1_194' title='bbox 1822 2535 2030 2607; x_wconf 86' lang='lat' dir='ltr'><strong>quarto</strong></span> <span class='ocrx_word' id='word_1_195' title='bbox 2059 2533 2211 2586; x_wconf 82' lang='lat' dir='ltr'><strong>ante-</strong></span> <span class='ocrx_word' id='word_1_196' title='bbox 2229 2530 2447 2586; x_wconf 86' lang='lat' dir='ltr'><strong>Aeram</strong></span> <span class='ocrx_word' id='word_1_197' title='bbox 2476 2528 2817 2602; x_wconf 80' lang='lat' dir='ltr'><strong>vulgarem.</strong></span> <span class='ocrx_word' id='word_1_198' title='bbox 2857 2527 3029 2586; x_wconf 88' lang='lat' dir='ltr'><strong>Unde</strong></span> 
     </span>
     <span class='ocr_line' id='line_1_21' title="bbox 544 2632 3030 2713; baseline 0 -23"><span class='ocrx_word' id='word_1_199' title='bbox 544 2633 592 2691; x_wconf 88' lang='lat' dir='ltr'><strong>si</strong></span> <span class='ocrx_word' id='word_1_200' title='bbox 625 2635 916 2692; x_wconf 87' lang='lat' dir='ltr'><strong>addantur</strong></span> <span class='ocrx_word' id='word_1_201' title='bbox 945 2635 1089 2693; x_wconf 87' lang='lat' dir='ltr'><strong>anni</strong></span> <span class='ocrx_word' id='word_1_202' title='bbox 1123 2639 1223 2693; x_wconf 87' lang='lat'><strong>33.</strong></span> <span class='ocrx_word' id='word_1_203' title='bbox 1256 2655 1398 2713; x_wconf 91' lang='lat' dir='ltr'><strong>quos</strong></span> <span class='ocrx_word' id='word_1_204' title='bbox 1427 2633 1701 2692; x_wconf 80' lang='lat' dir='ltr'><strong>Salvator</strong></span> <span class='ocrx_word' id='word_1_205' title='bbox 1731 2636 1795 2690; x_wconf 90' lang='lat' dir='ltr'><strong>in</strong></span> <span class='ocrx_word' id='word_1_206' title='bbox 1828 2633 2002 2691; x_wconf 86' lang='lat' dir='ltr'><strong>terris</strong></span> <span class='ocrx_word' id='word_1_207' title='bbox 2033 2632 2185 2707; x_wconf 82' lang='lat' dir='ltr'><strong>egit3</strong></span> <span class='ocrx_word' id='word_1_208' title='bbox 2230 2634 2427 2709; x_wconf 90' lang='lat' dir='ltr'><strong>prodit</strong></span> <span class='ocrx_word' id='word_1_209' title='bbox 2456 2653 2647 2690; x_wconf 90' lang='lat' dir='ltr'><strong>annus</strong></span> <span class='ocrx_word' id='word_1_210' title='bbox 2684 2637 2827 2691; x_wconf 90' lang='grc'><strong>783.</strong></span> <span class='ocrx_word' id='word_1_211' title='bbox 2859 2632 2934 2690; x_wconf 85' lang='lat' dir='ltr'><strong>U.</strong></span> <span class='ocrx_word' id='word_1_212' title='bbox 2968 2633 3030 2690; x_wconf 93' lang='lat' dir='ltr'><strong>C.</strong></span> 
     </span>
     <span class='ocr_line' id='line_1_22' title="bbox 543 2735 3029 2818; baseline -0.001 -23"><span class='ocrx_word' id='word_1_213' title='bbox 543 2759 644 2796; x_wconf 89' lang='lat' dir='ltr'><strong>seu</strong></span> <span class='ocrx_word' id='word_1_214' title='bbox 669 2739 1033 2810; x_wconf 82' lang='lat' dir='ltr'><strong>emortualis3</strong></span> <span class='ocrx_word' id='word_1_215' title='bbox 1066 2741 1168 2818; x_wconf 90' lang='lat' dir='ltr'><strong>qui</strong></span> <span class='ocrx_word' id='word_1_216' title='bbox 1193 2744 1280 2797; x_wconf 87' lang='lat' dir='ltr'><strong>est</strong></span> <span class='ocrx_word' id='word_1_217' title='bbox 1301 2759 1501 2797; x_wconf 85' lang='lat' dir='ltr'><strong>rursus</strong></span> <span class='ocrx_word' id='word_1_218' title='bbox 1524 2738 1734 2796; x_wconf 90' lang='lat' dir='ltr'><strong>XXX.</strong></span> <span class='ocrx_word' id='word_1_219' title='bbox 1763 2741 1838 2796; x_wconf 87' lang='lat' dir='ltr'><strong>A.</strong></span> <span class='ocrx_word' id='word_1_220' title='bbox 1865 2741 2004 2795; x_wconf 83' lang='lat' dir='ltr'><strong>Aer.</strong></span> <span class='ocrx_word' id='word_1_221' title='bbox 2031 2736 2209 2811; x_wconf 89' lang='lat' dir='ltr'><strong>Vulg.</strong></span> <span class='ocrx_word' id='word_1_222' title='bbox 2244 2737 2442 2811; x_wconf 88' lang='lat' dir='ltr'><strong>Igitur</strong></span> <span class='ocrx_word' id='word_1_223' title='bbox 2470 2757 2659 2795; x_wconf 88' lang='lat' dir='ltr'><strong>annus</strong></span> <span class='ocrx_word' id='word_1_224' title='bbox 2694 2742 2796 2796; x_wconf 85' lang='lat'><strong>29.</strong></span> <span class='ocrx_word' id='word_1_225' title='bbox 2823 2740 2929 2794; x_wconf 84' lang='lat' dir='ltr'><strong>Ae.</strong></span> <span class='ocrx_word' id='word_1_226' title='bbox 2956 2735 3029 2793; x_wconf 80' lang='lat' dir='ltr'><strong>V.</strong></span> 
     </span>
     <span class='ocr_line' id='line_1_23' title="bbox 543 2839 3028 2922; baseline -0 -22"><span class='ocrx_word' id='word_1_227' title='bbox 543 2843 680 2900; x_wconf 83' lang='lat' dir='ltr'><strong>talis</strong></span> <span class='ocrx_word' id='word_1_228' title='bbox 699 2863 814 2901; x_wconf 88' lang='lat' dir='ltr'><strong>non</strong></span> <span class='ocrx_word' id='word_1_229' title='bbox 841 2844 974 2915; x_wconf 83' lang='lat' dir='ltr'><strong>fuit,</strong></span> <span class='ocrx_word' id='word_1_230' title='bbox 996 2844 1136 2922; x_wconf 90' lang='lat' dir='ltr'><strong>quia</strong></span> <span class='ocrx_word' id='word_1_231' title='bbox 1157 2863 1216 2902; x_wconf 88' lang='lat' dir='ltr'><strong>se</strong></span> <span class='ocrx_word' id='word_1_232' title='bbox 1231 2863 1290 2902; x_wconf 87' lang='lat' dir='ltr'><strong>se</strong></span> <span class='ocrx_word' id='word_1_233' title='bbox 1315 2845 1486 2902; x_wconf 87' lang='lat' dir='ltr'><strong>offert</strong></span> <span class='ocrx_word' id='word_1_234' title='bbox 1508 2864 1698 2902; x_wconf 87' lang='lat' dir='ltr'><strong>annus</strong></span> <span class='ocrx_word' id='word_1_235' title='bbox 1714 2864 1751 2902; x_wconf 89' lang='lat' dir='ltr'><strong>a</strong></span> <span class='ocrx_word' id='word_1_236' title='bbox 1766 2841 2085 2900; x_wconf 85' lang='lat' dir='ltr'><strong>Consulatu</strong></span> <span class='ocrx_word' id='word_1_237' title='bbox 2108 2841 2489 2900; x_wconf 86' lang='lat' dir='ltr'><strong>Geminorum</strong></span> <span class='ocrx_word' id='word_1_238' title='bbox 2512 2841 2685 2917; x_wconf 90' lang='lat' dir='ltr'><strong>longe</strong></span> <span class='ocrx_word' id='word_1_239' title='bbox 2705 2841 2973 2901; x_wconf 78' lang='lat' dir='ltr'><strong>diversus</strong></span> <span class='ocrx_word' id='word_1_240' title='bbox 2988 2839 3028 2899; x_wconf 81' lang='lat'><strong>³.</strong></span> 
     </span>
    </p>
   </div>
   <div class='ocr_carea' id='block_1_3' title="bbox 546 3001 951 3009">
    <p class='ocr_par' dir='ltr' id='par_1_3' title="bbox 546 3001 951 3009">
     <span class='ocr_line' id='line_1_24' title="bbox 546 3001 951 3009; baseline 0 0"><span class='ocrx_word' id='word_1_241' title='bbox 546 3001 951 3009; x_wconf 95' lang='lat' dir='ltr'><strong> </strong></span> 
     </span>
    </p>
   </div>
   <div class='ocr_carea' id='block_1_4' title="bbox 540 3085 3034 4726">
    <p class='ocr_par' dir='ltr' id='par_1_4' title="bbox 544 3085 3034 3240">
     <span class='ocr_line' id='line_1_25' title="bbox 545 3085 3034 3153; baseline -0 -16"><span class='ocrx_word' id='word_1_242' title='bbox 545 3088 684 3150; x_wconf 88' lang='lat' dir='ltr'><strong>nius,</strong></span> <span class='ocrx_word' id='word_1_243' title='bbox 737 3103 918 3153; x_wconf 87' lang='lat' dir='ltr'><strong>opusc.</strong></span> <span class='ocrx_word' id='word_1_244' title='bbox 966 3087 1057 3150; x_wconf 88' lang='lat' dir='ltr'><strong>IV,</strong></span> <span class='ocrx_word' id='word_1_245' title='bbox 1104 3087 1237 3153; x_wconf 86' lang='lat' dir='ltr'><strong>prol.</strong></span> <span class='ocrx_word' id='word_1_246' title='bbox 1277 3087 1345 3136; x_wconf 83' lang='lat' dir='ltr'><strong>ad</strong></span> <span class='ocrx_word' id='word_1_247' title='bbox 1382 3088 1522 3137; x_wconf 79' lang='lat' dir='ltr'><strong>vitas</strong></span> <span class='ocrx_word' id='word_1_248' title='bbox 1557 3087 1781 3136; x_wconf 86' lang='lat' dir='ltr'><strong>Roman.</strong></span> <span class='ocrx_word' id='word_1_249' title='bbox 1820 3085 2137 3136; x_wconf 83' lang='lat' dir='ltr'><strong>Pontificum</strong></span> <span class='ocrx_word' id='word_1_250' title='bbox 2174 3087 2323 3136; x_wconf 86' lang='lat' dir='ltr'><strong>Rom.</strong></span> <span class='ocrx_word' id='word_1_251' title='bbox 2366 3087 2516 3135; x_wconf 88' lang='grc'><strong>1723.</strong></span> <span class='ocrx_word' id='word_1_252' title='bbox 2552 3087 2623 3148; x_wconf 92' lang='lat'><strong>11,</strong></span> <span class='ocrx_word' id='word_1_253' title='bbox 2664 3088 2726 3136; x_wconf 94' lang='lat'><strong>11</strong></span> <span class='ocrx_word' id='word_1_254' title='bbox 2766 3103 2807 3138; x_wconf 84' lang='lat' dir='ltr'><strong>s.</strong></span> <span class='ocrx_word' id='word_1_255' title='bbox 2846 3086 3034 3138; x_wconf 85' lang='lat' dir='ltr'><strong>horum</strong></span> 
     </span>
     <span class='ocr_line' id='line_1_26' title="bbox 544 3172 2511 3240; baseline -0.001 -16"><span class='ocrx_word' id='word_1_256' title='bbox 544 3174 879 3224; x_wconf 86' lang='lat' dir='ltr'><strong>consulatum</strong></span> <span class='ocrx_word' id='word_1_257' title='bbox 915 3189 1055 3224; x_wconf 82' lang='lat' dir='ltr'><strong>anno</strong></span> <span class='ocrx_word' id='word_1_258' title='bbox 1095 3175 1178 3224; x_wconf 83' lang='lat'><strong>28.</strong></span> <span class='ocrx_word' id='word_1_259' title='bbox 1215 3174 1401 3224; x_wconf 82' lang='lat' dir='ltr'><strong>Acrae.</strong></span> <span class='ocrx_word' id='word_1_260' title='bbox 1450 3174 1717 3240; x_wconf 85' lang='lat' dir='ltr'><strong>Vulgaris,</strong></span> <span class='ocrx_word' id='word_1_261' title='bbox 1755 3175 1869 3226; x_wconf 79' lang='lat' dir='ltr'><strong>sive</strong></span> <span class='ocrx_word' id='word_1_262' title='bbox 1904 3175 2271 3240; x_wconf 83' lang='lat' dir='ltr'><strong>Dionysianae</strong></span> <span class='ocrx_word' id='word_1_263' title='bbox 2308 3172 2511 3238; x_wconf 80' lang='lat' dir='ltr'><strong>alligat.</strong></span> 
     </span>
    </p>

    <p class='ocr_par' dir='ltr' id='par_1_5' title="bbox 540 3260 3032 4726">
     <span class='ocr_line' id='line_1_27' title="bbox 759 3260 3031 3328; baseline -0.001 -16"><span class='ocrx_word' id='word_1_264' title='bbox 759 3261 796 3328; x_wconf 87' lang='lat'><strong>¹)</strong></span> <span class='ocrx_word' id='word_1_265' title='bbox 833 3261 909 3312; x_wconf 89' lang='lat' dir='ltr'><strong>Ut</strong></span> <span class='ocrx_word' id='word_1_266' title='bbox 945 3261 1419 3311; x_wconf 80' lang='lat' dir='ltr'><strong>demonstravimus</strong></span> <span class='ocrx_word' id='word_1_267' title='bbox 1456 3279 1507 3327; x_wconf 87' lang='lat' dir='ltr'><strong>p.</strong></span> <span class='ocrx_word' id='word_1_268' title='bbox 1543 3262 1659 3311; x_wconf 85' lang='lat' dir='ltr'><strong>XL.</strong></span> <span class='ocrx_word' id='word_1_269' title='bbox 1686 3278 1728 3312; x_wconf 88' lang='lat' dir='ltr'><strong>s.</strong></span> <span class='ocrx_word' id='word_1_270' title='bbox 1802 3261 1843 3325; x_wconf 87' lang='lat'><strong>²)</strong></span> <span class='ocrx_word' id='word_1_271' title='bbox 1881 3261 1945 3310; x_wconf 88' lang='lat' dir='ltr'><strong>V.</strong></span> <span class='ocrx_word' id='word_1_272' title='bbox 1984 3277 2035 3326; x_wconf 91' lang='lat' dir='ltr'><strong>p.</strong></span> <span class='ocrx_word' id='word_1_273' title='bbox 2071 3261 2322 3310; x_wconf 86' lang='lat' dir='ltr'><strong>XXVIII.</strong></span> <span class='ocrx_word' id='word_1_274' title='bbox 2398 3260 2439 3325; x_wconf 79' lang='lat'><strong>³)</strong></span> <span class='ocrx_word' id='word_1_275' title='bbox 2476 3261 2737 3311; x_wconf 85' lang='lat' dir='ltr'><strong>Nolumus</strong></span> <span class='ocrx_word' id='word_1_276' title='bbox 2784 3277 2907 3311; x_wconf 88' lang='lat' dir='ltr'><strong>vero</strong></span> <span class='ocrx_word' id='word_1_277' title='bbox 2946 3260 3031 3310; x_wconf 87' lang='lat' dir='ltr'><strong>hic</strong></span> 
     </span>
     <span class='ocr_line' id='line_1_28' title="bbox 541 3348 3030 3415; baseline -0.001 -15"><span class='ocrx_word' id='word_1_278' title='bbox 541 3351 734 3400; x_wconf 85' lang='lat' dir='ltr'><strong>iterare</strong></span> <span class='ocrx_word' id='word_1_279' title='bbox 771 3363 872 3412; x_wconf 87' lang='lat' dir='ltr'><strong>res,</strong></span> <span class='ocrx_word' id='word_1_280' title='bbox 911 3363 1045 3415; x_wconf 82' lang='lat' dir='ltr'><strong>quas</strong></span> <span class='ocrx_word' id='word_1_281' title='bbox 1081 3348 1262 3399; x_wconf 85' lang='lat' dir='ltr'><strong>multis</strong></span> <span class='ocrx_word' id='word_1_282' title='bbox 1297 3349 1438 3400; x_wconf 80' lang='lat' dir='ltr'><strong>veris</strong></span> <span class='ocrx_word' id='word_1_283' title='bbox 1463 3349 1584 3398; x_wconf 82' lang='lat' dir='ltr'><strong>fulti</strong></span> <span class='ocrx_word' id='word_1_284' title='bbox 1609 3348 1941 3398; x_wconf 86' lang='lat' dir='ltr'><strong>documentis</strong></span> <span class='ocrx_word' id='word_1_285' title='bbox 1979 3348 2338 3412; x_wconf 79' lang='lat' dir='ltr'><strong>exhibuimus3</strong></span> <span class='ocrx_word' id='word_1_286' title='bbox 2376 3362 2529 3398; x_wconf 86' lang='lat' dir='ltr'><strong>suam</strong></span> <span class='ocrx_word' id='word_1_287' title='bbox 2564 3352 2801 3397; x_wconf 86' lang='lat' dir='ltr'><strong>ceterum</strong></span> <span class='ocrx_word' id='word_1_288' title='bbox 2840 3349 3030 3413; x_wconf 86' lang='lat' dir='ltr'><strong>cuique</strong></span> 
     </span>
     <span class='ocr_line' id='line_1_29' title="bbox 543 3435 3029 3502; baseline -0.001 -15"><span class='ocrx_word' id='word_1_289' title='bbox 543 3437 844 3502; x_wconf 86' lang='lat' dir='ltr'><strong>opinionem</strong></span> <span class='ocrx_word' id='word_1_290' title='bbox 865 3465 930 3472; x_wconf 93' lang='lat'><strong>—</strong></span> <span class='ocrx_word' id='word_1_291' title='bbox 951 3452 1072 3486; x_wconf 89' lang='lat' dir='ltr'><strong>cum</strong></span> <span class='ocrx_word' id='word_1_292' title='bbox 1097 3435 1452 3487; x_wconf 85' lang='lat' dir='ltr'><strong>eruditissimo</strong></span> <span class='ocrx_word' id='word_1_293' title='bbox 1479 3451 1544 3486; x_wconf 82' lang='lat' dir='ltr'><strong>ac</strong></span> <span class='ocrx_word' id='word_1_294' title='bbox 1567 3437 1805 3502; x_wconf 86' lang='lat' dir='ltr'><strong>piissimo</strong></span> <span class='ocrx_word' id='word_1_295' title='bbox 1834 3435 1897 3485; x_wconf 85' lang='lat' dir='ltr'><strong>G.</strong></span> <span class='ocrx_word' id='word_1_296' title='bbox 1917 3435 2276 3498; x_wconf 87' lang='lat' dir='ltr'><strong>Henschenio,</strong></span> <span class='ocrx_word' id='word_1_297' title='bbox 2304 3440 2405 3486; x_wconf 85' lang='lat' dir='ltr'><strong>eat.</strong></span> <span class='ocrx_word' id='word_1_298' title='bbox 2432 3439 2539 3485; x_wconf 83' lang='lat' dir='ltr'><strong>vet.</strong></span> <span class='ocrx_word' id='word_1_299' title='bbox 2559 3436 2725 3501; x_wconf 85' lang='lat' dir='ltr'><strong>antiq.</strong></span> <span class='ocrx_word' id='word_1_300' title='bbox 2749 3435 2909 3486; x_wconf 88' lang='lat' dir='ltr'><strong>Pont.</strong></span> <span class='ocrx_word' id='word_1_301' title='bbox 2934 3440 2969 3484; x_wconf 91' lang='grc'><strong>1.</strong></span> <span class='ocrx_word' id='word_1_302' title='bbox 2988 3435 3029 3485; x_wconf 92' lang='grc' dir='ltr'><strong>Ῑ.</strong></span> 
     </span>
     <span class='ocr_line' id='line_1_30' title="bbox 541 3509 3029 3590; baseline -0.002 -16"><span class='ocrx_word' id='word_1_303' title='bbox 541 3525 668 3590; x_wconf 88' lang='lat' dir='ltr'><strong>Apr.</strong></span> <span class='ocrx_word' id='word_1_304' title='bbox 694 3541 744 3589; x_wconf 88' lang='lat' dir='ltr'><strong>p.</strong></span> <span class='ocrx_word' id='word_1_305' title='bbox 771 3525 890 3573; x_wconf 90' lang='lat' dir='ltr'><strong>XII.</strong></span> <span class='ocrx_word' id='word_1_306' title='bbox 917 3553 983 3561; x_wconf 90' lang='lat'><strong>—-</strong></span> <span class='ocrx_word' id='word_1_307' title='bbox 1008 3509 1386 3589; x_wconf 72' lang='lat' dir='ltr'><strong>relinquentes,</strong></span> <span class='ocrx_word' id='word_1_308' title='bbox 1425 3538 1583 3589; x_wconf 88' lang='lat' dir='ltr'><strong>quam</strong></span> <span class='ocrx_word' id='word_1_309' title='bbox 1607 3525 1654 3574; x_wconf 87' lang='lat' dir='ltr'><strong>si</strong></span> <span class='ocrx_word' id='word_1_310' title='bbox 1687 3523 2097 3589; x_wconf 82' lang='lat' dir='ltr'><strong>probabiliorem</strong></span> <span class='ocrx_word' id='word_1_311' title='bbox 2134 3523 2341 3589; x_wconf 84' lang='lat' dir='ltr'><strong>possint</strong></span> <span class='ocrx_word' id='word_1_312' title='bbox 2378 3522 2799 3588; x_wconf 84' lang='lat' dir='ltr'><strong>argumentando</strong></span> <span class='ocrx_word' id='word_1_313' title='bbox 2836 3522 3029 3583; x_wconf 80' lang='lat' dir='ltr'><strong>facere,</strong></span> 
     </span>
     <span class='ocr_line' id='line_1_31' title="bbox 543 3609 3031 3676; baseline -0.001 -16"><span class='ocrx_word' id='word_1_314' title='bbox 543 3611 769 3662; x_wconf 85' lang='lat' dir='ltr'><strong>libenter</strong></span> <span class='ocrx_word' id='word_1_315' title='bbox 823 3612 1144 3662; x_wconf 87' lang='lat' dir='ltr'><strong>dimittemus</strong></span> <span class='ocrx_word' id='word_1_316' title='bbox 1185 3611 1458 3676; x_wconf 83' lang='lat' dir='ltr'><strong>disputata</strong></span> <span class='ocrx_word' id='word_1_317' title='bbox 1492 3610 1771 3673; x_wconf 84' lang='lat' dir='ltr'><strong>hactenus,</strong></span> <span class='ocrx_word' id='word_1_318' title='bbox 1810 3615 1865 3660; x_wconf 89' lang='lat' dir='ltr'><strong>et</strong></span> <span class='ocrx_word' id='word_1_319' title='bbox 1898 3611 2111 3660; x_wconf 85' lang='lat' dir='ltr'><strong>maioris</strong></span> <span class='ocrx_word' id='word_1_320' title='bbox 2150 3609 2483 3659; x_wconf 83' lang='lat' dir='ltr'><strong>certitudinis</strong></span> <span class='ocrx_word' id='word_1_321' title='bbox 2522 3609 2873 3674; x_wconf 67' lang='lat' dir='ltr'><strong>certior-isque</strong></span> <span class='ocrx_word' id='word_1_322' title='bbox 2897 3610 3031 3658; x_wconf 79' lang='lat' dir='ltr'><strong>veri-</strong></span> 
     </span>
     <span class='ocr_line' id='line_1_32' title="bbox 544 3696 3032 3765; baseline -0.001 -17"><span class='ocrx_word' id='word_1_323' title='bbox 544 3701 668 3749; x_wconf 83' lang='lat' dir='ltr'><strong>tatis</strong></span> <span class='ocrx_word' id='word_1_324' title='bbox 739 3699 911 3748; x_wconf 89' lang='lat' dir='ltr'><strong>lucem</strong></span> <span class='ocrx_word' id='word_1_325' title='bbox 984 3699 1356 3765; x_wconf 86' lang='lat' dir='ltr'><strong>undecumque</strong></span> <span class='ocrx_word' id='word_1_326' title='bbox 1427 3697 1661 3748; x_wconf 85' lang='lat' dir='ltr'><strong>oblatam</strong></span> <span class='ocrx_word' id='word_1_327' title='bbox 1722 3703 1995 3764; x_wconf 84' lang='lat' dir='ltr'><strong>gratanter</strong></span> <span class='ocrx_word' id='word_1_328' title='bbox 2053 3697 2393 3762; x_wconf 85' lang='lat' dir='ltr'><strong>excipiemus.</strong></span> <span class='ocrx_word' id='word_1_329' title='bbox 2474 3696 2725 3762; x_wconf 83' lang='lat' dir='ltr'><strong>Plerique</strong></span> <span class='ocrx_word' id='word_1_330' title='bbox 2776 3697 3032 3746; x_wconf 83' lang='lat' dir='ltr'><strong>Veterum</strong></span> 
     </span>
     <span class='ocr_line' id='line_1_33' title="bbox 545 3783 3031 3852; baseline -0.001 -17"><span class='ocrx_word' id='word_1_331' title='bbox 545 3786 810 3836; x_wconf 84' lang='lat' dir='ltr'><strong>Christum</strong></span> <span class='ocrx_word' id='word_1_332' title='bbox 845 3801 1062 3852; x_wconf 85' lang='lat' dir='ltr'><strong>passum</strong></span> <span class='ocrx_word' id='word_1_333' title='bbox 1101 3800 1218 3836; x_wconf 88' lang='lat' dir='ltr'><strong>esse</strong></span> <span class='ocrx_word' id='word_1_334' title='bbox 1257 3785 1465 3837; x_wconf 87' lang='lat' dir='ltr'><strong>duobus</strong></span> <span class='ocrx_word' id='word_1_335' title='bbox 1503 3785 1741 3835; x_wconf 87' lang='lat' dir='ltr'><strong>Geminis</strong></span> <span class='ocrx_word' id='word_1_336' title='bbox 1780 3783 2104 3836; x_wconf 86' lang='lat' dir='ltr'><strong>Consulibus</strong></span> <span class='ocrx_word' id='word_1_337' title='bbox 2142 3784 2429 3834; x_wconf 87' lang='lat' dir='ltr'><strong>credidere.</strong></span> <span class='ocrx_word' id='word_1_338' title='bbox 2466 3783 2539 3832; x_wconf 87' lang='lat' dir='ltr'><strong>Hi</strong></span> <span class='ocrx_word' id='word_1_339' title='bbox 2575 3789 2703 3833; x_wconf 82' lang='lat' dir='ltr'><strong>sunt</strong></span> <span class='ocrx_word' id='word_1_340' title='bbox 2737 3800 2876 3849; x_wconf 89' lang='lat' dir='ltr'><strong>quos</strong></span> <span class='ocrx_word' id='word_1_341' title='bbox 2921 3783 3031 3833; x_wconf 85' lang='lat' dir='ltr'><strong>fere</strong></span> 
     </span>
     <span class='ocr_line' id='line_1_34' title="bbox 543 3871 3030 3937; baseline -0.002 -13"><span class='ocrx_word' id='word_1_342' title='bbox 543 3889 725 3924; x_wconf 86' lang='lat' dir='ltr'><strong>omues</strong></span> <span class='ocrx_word' id='word_1_343' title='bbox 763 3873 913 3924; x_wconf 81' lang='lat' dir='ltr'><strong>affert</strong></span> <span class='ocrx_word' id='word_1_344' title='bbox 939 3873 1220 3936; x_wconf 83' lang='lat' dir='ltr'><strong>Baronius,</strong></span> <span class='ocrx_word' id='word_1_345' title='bbox 1257 3873 1447 3923; x_wconf 85' lang='lat' dir='ltr'><strong>Annal.</strong></span> <span class='ocrx_word' id='word_1_346' title='bbox 1475 3873 1604 3923; x_wconf 86' lang='lat' dir='ltr'><strong>eccl.</strong></span> <span class='ocrx_word' id='word_1_347' title='bbox 1633 3887 1680 3922; x_wconf 87' lang='lat' dir='ltr'><strong>a.</strong></span> <span class='ocrx_word' id='word_1_348' title='bbox 1708 3873 1767 3923; x_wconf 87' lang='lat' dir='ltr'><strong>C.</strong></span> <span class='ocrx_word' id='word_1_349' title='bbox 1788 3875 1855 3922; x_wconf 84' lang='lat'><strong>34</strong></span> <span class='ocrx_word' id='word_1_350' title='bbox 1880 3889 1931 3922; x_wconf 91' lang='lat' dir='ltr'><strong>n.</strong></span> <span class='ocrx_word' id='word_1_351' title='bbox 1960 3874 2076 3923; x_wconf 84' lang='lat'><strong>143.</strong></span> <span class='ocrx_word' id='word_1_352' title='bbox 2101 3883 2151 3937; x_wconf 87' lang='lat' dir='ltr'><strong>p.</strong></span> <span class='ocrx_word' id='word_1_353' title='bbox 2181 3873 2297 3922; x_wconf 87' lang='grc'><strong>163.</strong></span> <span class='ocrx_word' id='word_1_354' title='bbox 2334 3871 2725 3934; x_wconf 87' lang='lat' dir='ltr'><strong>Henschenius,</strong></span> <span class='ocrx_word' id='word_1_355' title='bbox 2762 3871 2799 3921; x_wconf 95' lang='lat' dir='ltr'><strong>l.</strong></span> <span class='ocrx_word' id='word_1_356' title='bbox 2828 3887 2873 3921; x_wconf 91' lang='lat' dir='ltr'><strong>c.</strong></span> <span class='ocrx_word' id='word_1_357' title='bbox 2900 3889 2952 3937; x_wconf 86' lang='lat' dir='ltr'><strong>p.</strong></span> <span class='ocrx_word' id='word_1_358' title='bbox 2976 3871 3030 3920; x_wconf 81' lang='lat'><strong>4.</strong></span> 
     </span>
     <span class='ocr_line' id='line_1_35' title="bbox 544 3959 3029 4026; baseline -0.002 -15"><span class='ocrx_word' id='word_1_359' title='bbox 544 3977 663 4012; x_wconf 90' lang='grc'><strong>0011.</strong></span> <span class='ocrx_word' id='word_1_360' title='bbox 713 3961 895 4012; x_wconf 88' lang='lat' dir='ltr'><strong>chron.</strong></span> <span class='ocrx_word' id='word_1_361' title='bbox 943 3961 1010 4012; x_wconf 83' lang='lat' dir='ltr'><strong>ad</strong></span> <span class='ocrx_word' id='word_1_362' title='bbox 1057 3967 1160 4012; x_wconf 83' lang='lat' dir='ltr'><strong>cat.</strong></span> <span class='ocrx_word' id='word_1_363' title='bbox 1209 3962 1362 4012; x_wconf 83' lang='lat' dir='ltr'><strong>Pont.</strong></span> <span class='ocrx_word' id='word_1_364' title='bbox 1408 3961 1464 4010; x_wconf 91' lang='lat' dir='ltr'><strong>in</strong></span> <span class='ocrx_word' id='word_1_365' title='bbox 1510 3960 1809 4026; x_wconf 82' lang='lat' dir='ltr'><strong>Propylaeo</strong></span> <span class='ocrx_word' id='word_1_366' title='bbox 1856 3960 1925 4009; x_wconf 81' lang='lat' dir='ltr'><strong>ad</strong></span> <span class='ocrx_word' id='word_1_367' title='bbox 1973 3960 2036 4009; x_wconf 90' lang='lat' dir='ltr'><strong>A.</strong></span> <span class='ocrx_word' id='word_1_368' title='bbox 2074 3959 2125 4009; x_wconf 89' lang='lat' dir='ltr'><strong>S.</strong></span> <span class='ocrx_word' id='word_1_369' title='bbox 2163 3959 2215 4009; x_wconf 84' lang='lat' dir='ltr'><strong>S.</strong></span> <span class='ocrx_word' id='word_1_370' title='bbox 2250 3959 2395 4009; x_wconf 83' lang='lat' dir='ltr'><strong>Maii.</strong></span> <span class='ocrx_word' id='word_1_371' title='bbox 2442 3960 2597 4008; x_wconf 85' lang='lat' dir='ltr'><strong>Antv.</strong></span> <span class='ocrx_word' id='word_1_372' title='bbox 2650 3961 2801 4009; x_wconf 85' lang='grc'><strong>1742.</strong></span> <span class='ocrx_word' id='word_1_373' title='bbox 2848 3976 2902 4022; x_wconf 86' lang='lat' dir='ltr'><strong>p.</strong></span> <span class='ocrx_word' id='word_1_374' title='bbox 2952 3959 3029 4007; x_wconf 90' lang='lat'><strong>18.</strong></span> 
     </span>
     <span class='ocr_line' id='line_1_36' title="bbox 540 4045 3027 4114; baseline -0.002 -15"><span class='ocrx_word' id='word_1_375' title='bbox 540 4048 794 4114; x_wconf 83' lang='lat' dir='ltr'><strong>Mynster,</strong></span> <span class='ocrx_word' id='word_1_376' title='bbox 843 4048 908 4099; x_wconf 85' lang='lat' dir='ltr'><strong>de</strong></span> <span class='ocrx_word' id='word_1_377' title='bbox 956 4053 1201 4098; x_wconf 88' lang='lat' dir='ltr'><strong>moment.</strong></span> <span class='ocrx_word' id='word_1_378' title='bbox 1241 4047 1420 4097; x_wconf 85' lang='lat' dir='ltr'><strong>chron.</strong></span> <span class='ocrx_word' id='word_1_379' title='bbox 1471 4064 1520 4113; x_wconf 89' lang='lat' dir='ltr'><strong>p.</strong></span> <span class='ocrx_word' id='word_1_380' title='bbox 1561 4049 1642 4097; x_wconf 87' lang='grc'><strong>16.</strong></span> <span class='ocrx_word' id='word_1_381' title='bbox 1704 4047 1755 4097; x_wconf 89' lang='lat' dir='ltr'><strong>J.</strong></span> <span class='ocrx_word' id='word_1_382' title='bbox 1792 4047 1856 4096; x_wconf 87' lang='lat' dir='ltr'><strong>N.</strong></span> <span class='ocrx_word' id='word_1_383' title='bbox 1894 4046 2052 4113; x_wconf 87' lang='lat' dir='ltr'><strong>Sepp,</strong></span> <span class='ocrx_word' id='word_1_384' title='bbox 2105 4046 2200 4095; x_wconf 86' lang='lat' dir='ltr'><strong>das</strong></span> <span class='ocrx_word' id='word_1_385' title='bbox 2248 4046 2435 4096; x_wconf 88' lang='lat' dir='ltr'><strong>Leben</strong></span> <span class='ocrx_word' id='word_1_386' title='bbox 2479 4047 2613 4096; x_wconf 89' lang='lat' dir='ltr'><strong>Jesu</strong></span> <span class='ocrx_word' id='word_1_387' title='bbox 2663 4045 2863 4095; x_wconf 84' lang='lat' dir='ltr'><strong>Christi</strong></span> <span class='ocrx_word' id='word_1_388' title='bbox 2902 4046 2945 4096; x_wconf 94' lang='lat'><strong>1.</strong></span> <span class='ocrx_word' id='word_1_389' title='bbox 2984 4049 3027 4106; x_wconf 91' lang='lat'><strong>1,</strong></span> 
     </span>
     <span class='ocr_line' id='line_1_37' title="bbox 543 4133 3028 4200; baseline -0.002 -14"><span class='ocrx_word' id='word_1_390' title='bbox 543 4137 660 4186; x_wconf 89' lang='grc'><strong>287.</strong></span> <span class='ocrx_word' id='word_1_391' title='bbox 700 4151 740 4184; x_wconf 88' lang='lat' dir='ltr'><strong>s.</strong></span> <span class='ocrx_word' id='word_1_392' title='bbox 792 4141 845 4185; x_wconf 91' lang='lat' dir='ltr'><strong>et</strong></span> <span class='ocrx_word' id='word_1_393' title='bbox 892 4136 1148 4186; x_wconf 80' lang='lat' dir='ltr'><strong>Patritius</strong></span> <span class='ocrx_word' id='word_1_394' title='bbox 1195 4136 1261 4185; x_wconf 88' lang='lat' dir='ltr'><strong>de</strong></span> <span class='ocrx_word' id='word_1_395' title='bbox 1305 4135 1512 4200; x_wconf 77' lang='lat' dir='ltr'><strong>Evang.</strong></span> <span class='ocrx_word' id='word_1_396' title='bbox 1549 4135 1655 4196; x_wconf 88' lang='grc' dir='ltr'><strong>ΙΙΙ,</strong></span> <span class='ocrx_word' id='word_1_397' title='bbox 1699 4137 1778 4196; x_wconf 87' lang='lat'><strong>19,</strong></span> <span class='ocrx_word' id='word_1_398' title='bbox 1817 4137 1864 4184; x_wconf 88' lang='grc'><strong>2.</strong></span> <span class='ocrx_word' id='word_1_399' title='bbox 1912 4151 1962 4200; x_wconf 92' lang='lat' dir='ltr'><strong>p.</strong></span> <span class='ocrx_word' id='word_1_400' title='bbox 2004 4135 2118 4183; x_wconf 90' lang='grc'><strong>186.</strong></span> <span class='ocrx_word' id='word_1_401' title='bbox 2155 4149 2226 4198; x_wconf 81' lang='lat' dir='ltr'><strong>s.;</strong></span> <span class='ocrx_word' id='word_1_402' title='bbox 2274 4135 2399 4183; x_wconf 86' lang='lat' dir='ltr'><strong>item</strong></span> <span class='ocrx_word' id='word_1_403' title='bbox 2437 4133 2564 4183; x_wconf 85' lang='lat' dir='ltr'><strong>diss.</strong></span> <span class='ocrx_word' id='word_1_404' title='bbox 2602 4135 2695 4195; x_wconf 85' lang='lat'><strong>51,</strong></span> <span class='ocrx_word' id='word_1_405' title='bbox 2734 4135 2784 4182; x_wconf 85' lang='lat'><strong>4.</strong></span> <span class='ocrx_word' id='word_1_406' title='bbox 2821 4151 2876 4198; x_wconf 89' lang='lat' dir='ltr'><strong>p.</strong></span> <span class='ocrx_word' id='word_1_407' title='bbox 2914 4135 3028 4182; x_wconf 81' lang='lat'><strong>516.</strong></span> 
     </span>
     <span class='ocr_line' id='line_1_38' title="bbox 543 4219 3027 4288; baseline -0.001 -17"><span class='ocrx_word' id='word_1_408' title='bbox 543 4222 745 4272; x_wconf 83' lang='lat' dir='ltr'><strong>Marius</strong></span> <span class='ocrx_word' id='word_1_409' title='bbox 783 4222 986 4288; x_wconf 86' lang='lat' dir='ltr'><strong>Lupus,</strong></span> <span class='ocrx_word' id='word_1_410' title='bbox 1026 4224 1150 4272; x_wconf 85' lang='lat' dir='ltr'><strong>diss.</strong></span> <span class='ocrx_word' id='word_1_411' title='bbox 1189 4224 1230 4272; x_wconf 91' lang='grc' dir='ltr'><strong>Ι.</strong></span> <span class='ocrx_word' id='word_1_412' title='bbox 1259 4222 1324 4272; x_wconf 85' lang='grc'><strong>(10</strong></span> <span class='ocrx_word' id='word_1_413' title='bbox 1362 4223 1502 4272; x_wconf 88' lang='lat' dir='ltr'><strong>notis</strong></span> <span class='ocrx_word' id='word_1_414' title='bbox 1539 4222 1719 4272; x_wconf 87' lang='lat' dir='ltr'><strong>chron.</strong></span> <span class='ocrx_word' id='word_1_415' title='bbox 1759 4221 1886 4271; x_wconf 83' lang='lat' dir='ltr'><strong>anni</strong></span> <span class='ocrx_word' id='word_1_416' title='bbox 1916 4221 2099 4271; x_wconf 85' lang='lat' dir='ltr'><strong>mortis</strong></span> <span class='ocrx_word' id='word_1_417' title='bbox 2137 4226 2190 4270; x_wconf 91' lang='lat' dir='ltr'><strong>et</strong></span> <span class='ocrx_word' id='word_1_418' title='bbox 2225 4221 2431 4270; x_wconf 85' lang='lat' dir='ltr'><strong>nativit.</strong></span> <span class='ocrx_word' id='word_1_419' title='bbox 2480 4221 2547 4270; x_wconf 93' lang='lat' dir='ltr'><strong>D.</strong></span> <span class='ocrx_word' id='word_1_420' title='bbox 2574 4221 2638 4269; x_wconf 89' lang='lat' dir='ltr'><strong>N.</strong></span> <span class='ocrx_word' id='word_1_421' title='bbox 2664 4220 2715 4269; x_wconf 89' lang='lat' dir='ltr'><strong>J.</strong></span> <span class='ocrx_word' id='word_1_422' title='bbox 2742 4219 2802 4269; x_wconf 88' lang='lat' dir='ltr'><strong>C.</strong></span> <span class='ocrx_word' id='word_1_423' title='bbox 2830 4220 3027 4269; x_wconf 84' lang='lat' dir='ltr'><strong>Romae</strong></span> 
     </span>
     <span class='ocr_line' id='line_1_39' title="bbox 546 4306 3027 4373; baseline -0.002 -15"><span class='ocrx_word' id='word_1_424' title='bbox 546 4311 694 4359; x_wconf 81' lang='lat'><strong>1744.</strong></span> <span class='ocrx_word' id='word_1_425' title='bbox 766 4311 817 4361; x_wconf 89' lang='lat' dir='ltr'><strong>J.</strong></span> <span class='ocrx_word' id='word_1_426' title='bbox 860 4311 922 4359; x_wconf 82' lang='lat' dir='ltr'><strong>T.</strong></span> <span class='ocrx_word' id='word_1_427' title='bbox 960 4310 1024 4360; x_wconf 92' lang='lat' dir='ltr'><strong>L.</strong></span> <span class='ocrx_word' id='word_1_428' title='bbox 1063 4311 1244 4373; x_wconf 81' lang='lat' dir='ltr'><strong>Danz,</strong></span> <span class='ocrx_word' id='word_1_429' title='bbox 1291 4309 1657 4361; x_wconf 83' lang='lat' dir='ltr'><strong>memorabilia</strong></span> <span class='ocrx_word' id='word_1_430' title='bbox 1712 4310 1857 4358; x_wconf 87' lang='lat' dir='ltr'><strong>eirca</strong></span> <span class='ocrx_word' id='word_1_431' title='bbox 1898 4309 2092 4358; x_wconf 80' lang='lat' dir='ltr'><strong>festum</strong></span> <span class='ocrx_word' id='word_1_432' title='bbox 2128 4307 2420 4358; x_wconf 83' lang='lat' dir='ltr'><strong>Paschatos</strong></span> <span class='ocrx_word' id='word_1_433' title='bbox 2464 4323 2529 4358; x_wconf 87' lang='lat' dir='ltr'><strong>ex</strong></span> <span class='ocrx_word' id='word_1_434' title='bbox 2568 4308 2743 4372; x_wconf 85' lang='lat' dir='ltr'><strong>Antiq.</strong></span> <span class='ocrx_word' id='word_1_435' title='bbox 2782 4306 2939 4370; x_wconf 65' lang='lat' dir='ltr'><strong>eccl„</strong></span> <span class='ocrx_word' id='word_1_436' title='bbox 2974 4309 3027 4356; x_wconf 89' lang='lat' dir='ltr'><strong>in</strong></span> 
     </span>
     <span class='ocr_line' id='line_1_40' title="bbox 542 4394 3027 4462; baseline -0.002 -17"><span class='ocrx_word' id='word_1_437' title='bbox 542 4396 700 4446; x_wconf 85' lang='lat' dir='ltr'><strong>Thes.</strong></span> <span class='ocrx_word' id='word_1_438' title='bbox 741 4395 940 4446; x_wconf 88' lang='lat' dir='ltr'><strong>Comm.</strong></span> <span class='ocrx_word' id='word_1_439' title='bbox 978 4397 1071 4448; x_wconf 88' lang='lat' dir='ltr'><strong>sel.</strong></span> <span class='ocrx_word' id='word_1_440' title='bbox 1110 4397 1414 4462; x_wconf 85' lang='lat' dir='ltr'><strong>Volbeding</strong></span> <span class='ocrx_word' id='word_1_441' title='bbox 1449 4413 1498 4462; x_wconf 91' lang='lat' dir='ltr'><strong>p.</strong></span> <span class='ocrx_word' id='word_1_442' title='bbox 1534 4399 1634 4446; x_wconf 90' lang='grc'><strong>211</strong></span> <span class='ocrx_word' id='word_1_443' title='bbox 1673 4410 1714 4446; x_wconf 86' lang='lat' dir='ltr'><strong>s.</strong></span> <span class='ocrx_word' id='word_1_444' title='bbox 1752 4396 1815 4445; x_wconf 94' lang='lat' dir='ltr'><strong>L.</strong></span> <span class='ocrx_word' id='word_1_445' title='bbox 1839 4397 1994 4459; x_wconf 75' lang='lat' dir='ltr'><strong>Vasa,</strong></span> <span class='ocrx_word' id='word_1_446' title='bbox 2033 4396 2205 4445; x_wconf 88' lang='lat' dir='ltr'><strong>Instit.</strong></span> <span class='ocrx_word' id='word_1_447' title='bbox 2231 4395 2299 4444; x_wconf 91' lang='lat' dir='ltr'><strong>H.</strong></span> <span class='ocrx_word' id='word_1_448' title='bbox 2324 4395 2391 4444; x_wconf 88' lang='grc' dir='ltr'><strong>Ε.</strong></span> <span class='ocrx_word' id='word_1_449' title='bbox 2428 4395 2555 4446; x_wconf 86' lang='lat' dir='ltr'><strong>Pest</strong></span> <span class='ocrx_word' id='word_1_450' title='bbox 2593 4395 2744 4445; x_wconf 87' lang='grc'><strong>1828.</strong></span> <span class='ocrx_word' id='word_1_451' title='bbox 2773 4394 2817 4457; x_wconf 91' lang='lat'><strong>1,</strong></span> <span class='ocrx_word' id='word_1_452' title='bbox 2849 4396 2962 4444; x_wconf 79' lang='lat'><strong>149.</strong></span> <span class='ocrx_word' id='word_1_453' title='bbox 2987 4407 3027 4441; x_wconf 86' lang='lat' dir='ltr'><strong>s.</strong></span> 
     </span>
     <span class='ocr_line' id='line_1_41' title="bbox 545 4482 3026 4550; baseline -0.002 -17"><span class='ocrx_word' id='word_1_454' title='bbox 545 4486 661 4534; x_wconf 90' lang='grc'><strong>187.</strong></span> <span class='ocrx_word' id='word_1_455' title='bbox 689 4499 730 4534; x_wconf 88' lang='lat' dir='ltr'><strong>s.</strong></span> <span class='ocrx_word' id='word_1_456' title='bbox 755 4485 816 4533; x_wconf 81' lang='lat' dir='ltr'><strong>F.</strong></span> <span class='ocrx_word' id='word_1_457' title='bbox 843 4485 1018 4550; x_wconf 87' lang='lat' dir='ltr'><strong>Piper,</strong></span> <span class='ocrx_word' id='word_1_458' title='bbox 1051 4484 1574 4550; x_wconf 84' lang='lat' dir='ltr'><strong>Kirchenrechnung.</strong></span> <span class='ocrx_word' id='word_1_459' title='bbox 1612 4483 1752 4534; x_wconf 88' lang='lat' dir='ltr'><strong>Berl.</strong></span> <span class='ocrx_word' id='word_1_460' title='bbox 1792 4485 1941 4534; x_wconf 87' lang='grc'><strong>1841.</strong></span> <span class='ocrx_word' id='word_1_461' title='bbox 1978 4501 2029 4549; x_wconf 88' lang='lat' dir='ltr'><strong>p.</strong></span> <span class='ocrx_word' id='word_1_462' title='bbox 2056 4485 2139 4533; x_wconf 83' lang='lat'><strong>54.</strong></span> <span class='ocrx_word' id='word_1_463' title='bbox 2166 4498 2207 4532; x_wconf 85' lang='lat' dir='ltr'><strong>s.</strong></span> <span class='ocrx_word' id='word_1_464' title='bbox 2247 4482 2315 4532; x_wconf 87' lang='lat' dir='ltr'><strong>ad</strong></span> <span class='ocrx_word' id='word_1_465' title='bbox 2348 4497 2498 4547; x_wconf 85' lang='lat' dir='ltr'><strong>quos,</strong></span> <span class='ocrx_word' id='word_1_466' title='bbox 2539 4484 2629 4548; x_wconf 87' lang='lat' dir='ltr'><strong>qui</strong></span> <span class='ocrx_word' id='word_1_467' title='bbox 2652 4482 2783 4531; x_wconf 86' lang='lat' dir='ltr'><strong>istas</strong></span> <span class='ocrx_word' id='word_1_468' title='bbox 2822 4487 3026 4532; x_wconf 86' lang='lat' dir='ltr'><strong>senten·</strong></span> 
     </span>
     <span class='ocr_line' id='line_1_42' title="bbox 541 4567 3025 4638; baseline -0.002 -18"><span class='ocrx_word' id='word_1_469' title='bbox 541 4571 644 4621; x_wconf 84' lang='lat' dir='ltr'><strong>tias</strong></span> <span class='ocrx_word' id='word_1_470' title='bbox 681 4571 858 4636; x_wconf 85' lang='lat' dir='ltr'><strong>legere</strong></span> <span class='ocrx_word' id='word_1_471' title='bbox 895 4572 1111 4623; x_wconf 83' lang='lat' dir='ltr'><strong>uberius</strong></span> <span class='ocrx_word' id='word_1_472' title='bbox 1158 4573 1405 4638; x_wconf 86' lang='lat' dir='ltr'><strong>cupiunt,</strong></span> <span class='ocrx_word' id='word_1_473' title='bbox 1456 4573 1786 4622; x_wconf 86' lang='lat' dir='ltr'><strong>remittimus.</strong></span> <span class='ocrx_word' id='word_1_474' title='bbox 1850 4571 1954 4621; x_wconf 83' lang='lat' dir='ltr'><strong>Sed</strong></span> <span class='ocrx_word' id='word_1_475' title='bbox 1991 4571 2098 4620; x_wconf 87' lang='lat' dir='ltr'><strong>iam</strong></span> <span class='ocrx_word' id='word_1_476' title='bbox 2146 4569 2270 4620; x_wconf 85' lang='lat' dir='ltr'><strong>olim</strong></span> <span class='ocrx_word' id='word_1_477' title='bbox 2312 4570 2608 4631; x_wconf 84' lang='lat' dir='ltr'><strong>Eusebius,</strong></span> <span class='ocrx_word' id='word_1_478' title='bbox 2658 4570 2714 4618; x_wconf 90' lang='lat' dir='ltr'><strong>in</strong></span> <span class='ocrx_word' id='word_1_479' title='bbox 2764 4567 3025 4618; x_wconf 87' lang='lat' dir='ltr'><strong>Chronico</strong></span> 
     </span>
     <span class='ocr_line' id='line_1_43' title="bbox 542 4655 3027 4726; baseline -0.001 -19"><span class='ocrx_word' id='word_1_480' title='bbox 542 4657 848 4724; x_wconf 82' lang='lat' dir='ltr'><strong>Hieronym.</strong></span> <span class='ocrx_word' id='word_1_481' title='bbox 875 4659 968 4709; x_wconf 90' lang='lat' dir='ltr'><strong>int.</strong></span> <span class='ocrx_word' id='word_1_482' title='bbox 994 4675 1046 4726; x_wconf 85' lang='lat' dir='ltr'><strong>p.</strong></span> <span class='ocrx_word' id='word_1_483' title='bbox 1081 4661 1184 4710; x_wconf 88' lang='grc'><strong>648</strong></span> <span class='ocrx_word' id='word_1_484' title='bbox 1211 4664 1432 4709; x_wconf 88' lang='lat' dir='ltr'><strong>mortem</strong></span> <span class='ocrx_word' id='word_1_485' title='bbox 1467 4660 1803 4710; x_wconf 84' lang='lat' dir='ltr'><strong>Dominicam</strong></span> <span class='ocrx_word' id='word_1_486' title='bbox 1840 4658 1907 4708; x_wconf 84' lang='lat' dir='ltr'><strong>ab</strong></span> <span class='ocrx_word' id='word_1_487' title='bbox 1948 4657 2243 4708; x_wconf 84' lang='lat' dir='ltr'><strong>Consulatu</strong></span> <span class='ocrx_word' id='word_1_488' title='bbox 2268 4655 2614 4706; x_wconf 81' lang='lat' dir='ltr'><strong>Geminorum</strong></span> <span class='ocrx_word' id='word_1_489' title='bbox 2652 4657 2906 4720; x_wconf 79' lang='lat' dir='ltr'><strong>removit3</strong></span> <span class='ocrx_word' id='word_1_490' title='bbox 2943 4655 3027 4704; x_wconf 90' lang='lat' dir='ltr'><strong>cui</strong></span> 
     </span>
    </p>
   </div>
   <div class='ocr_carea' id='block_1_5' title="bbox 3229 981 3233 1592">
    <p class='ocr_par' dir='ltr' id='par_1_6' title="bbox 3229 981 3233 1592">
     <span class='ocr_line' id='line_1_44' title="bbox 3229 981 3233 1592; baseline 0 0"><span class='ocrx_word' id='word_1_491' title='bbox 3229 981 3233 1592; x_wconf 95' lang='lat' dir='ltr'><strong> </strong></span> 
     </span>
    </p>
   </div>
   <div class='ocr_carea' id='block_1_6' title="bbox 3228 2253 3234 3148">
    <p class='ocr_par' dir='ltr' id='par_1_7' title="bbox 3228 2253 3234 3148">
     <span class='ocr_line' id='line_1_45' title="bbox 3228 2253 3234 3148; baseline 0 0"><span class='ocrx_word' id='word_1_492' title='bbox 3228 2253 3234 3148; x_wconf 95' lang='lat' dir='ltr'><strong> </strong></span> 
     </span>
    </p>
   </div>
  </div>
 </body>
</html>
