<?xml version="1.0" encoding="UTF-8"?>
<!DOCTYPE html PUBLIC "-//W3C//DTD XHTML 1.0 Transitional//EN"
    "http://www.w3.org/TR/xhtml1/DTD/xhtml1-transitional.dtd">
<html xmlns="http://www.w3.org/1999/xhtml" xml:lang="en" lang="en">
 <head>
  <title>
</title>
<meta http-equiv="Content-Type" content="text/html;charset=utf-8" />
  <meta name='ocr-system' content='tesseract 3.04.00' />
  <meta name='ocr-capabilities' content='ocr_page ocr_carea ocr_par ocr_line ocrx_word'/>
</head>
<body>
  <div class='ocr_page' id='page_1' title='image "./historiarevelat00unkngoog_0498.png"; bbox 0 0 3267 5259; ppageno 0'>
   <div class='ocr_carea' id='block_1_1' title="bbox 576 449 2321 521">
    <p class='ocr_par' dir='ltr' id='par_1_1' title="bbox 576 449 2321 521">
     <span class='ocr_line' id='line_1_1' title="bbox 576 449 2321 521; baseline -0.003 -8"><span class='ocrx_word' id='word_1_1' title='bbox 576 449 707 521; x_wconf 66' lang='lat'>370</span> <span class='ocrx_word' id='word_1_2' title='bbox 1318 460 1433 510; x_wconf 71' lang='lat' dir='ltr'>nist.</span> <span class='ocrx_word' id='word_1_3' title='bbox 1465 460 1569 508; x_wconf 72' lang='lat' dir='ltr'>Rev.</span> <span class='ocrx_word' id='word_1_4' title='bbox 1599 460 1692 508; x_wconf 80' lang='lat' dir='ltr'>div.</span> <span class='ocrx_word' id='word_1_5' title='bbox 1722 460 1890 508; x_wconf 76' lang='lat' dir='ltr'>Pei-iod.</span> <span class='ocrx_word' id='word_1_6' title='bbox 1918 460 1977 509; x_wconf 85' lang='lat'>11.</span> <span class='ocrx_word' id='word_1_7' title='bbox 1996 478 2091 518; x_wconf 79' lang='lat' dir='ltr'>cap.</span> <span class='ocrx_word' id='word_1_8' title='bbox 2122 462 2321 518; x_wconf 78' lang='lat' dir='ltr'>primum.</span> 
     </span>
    </p>
   </div>
   <div class='ocr_carea' id='block_1_2' title="bbox 569 639 3071 2081">
    <p class='ocr_par' dir='ltr' id='par_1_2' title="bbox 569 639 3071 2081">
     <span class='ocr_line' id='line_1_2' title="bbox 578 639 3066 727; baseline -0.001 -21"><span class='ocrx_word' id='word_1_9' title='bbox 578 642 958 707; x_wconf 77' lang='lat' dir='ltr'>exhortatur</span> <span class='ocrx_word' id='word_1_10' title='bbox 985 645 1022 707; x_wconf 91' lang='lat'>¹.</span> <span class='ocrx_word' id='word_1_11' title='bbox 1085 640 1257 705; x_wconf 91' lang='lat' dir='ltr'>Illud</span> <span class='ocrx_word' id='word_1_12' title='bbox 1303 650 1519 705; x_wconf 89' lang='lat' dir='ltr'>autem</span> <span class='ocrx_word' id='word_1_13' title='bbox 1565 643 1923 727; x_wconf 80' lang='lat' dir='ltr'>praecipue</span> <span class='ocrx_word' id='word_1_14' title='bbox 1970 641 2093 705; x_wconf 86' lang='lat' dir='ltr'>hae</span> <span class='ocrx_word' id='word_1_15' title='bbox 2138 663 2259 705; x_wconf 88' lang='lat' dir='ltr'>sua</span> <span class='ocrx_word' id='word_1_16' title='bbox 2303 639 2585 726; x_wconf 89' lang='lat' dir='ltr'>epistola</span> <span class='ocrx_word' id='word_1_17' title='bbox 2629 640 2899 725; x_wconf 79' lang='lat' dir='ltr'><strong>assequi</strong></span> <span class='ocrx_word' id='word_1_18' title='bbox 2944 652 3066 703; x_wconf 83' lang='lat' dir='ltr'>stu-</span> 
     </span>
     <span class='ocr_line' id='line_1_3' title="bbox 577 752 3071 838; baseline -0.001 -20"><span class='ocrx_word' id='word_1_19' title='bbox 577 756 717 819; x_wconf 82' lang='lat' dir='ltr'><strong>duit</strong></span> <span class='ocrx_word' id='word_1_20' title='bbox 759 754 1035 819; x_wconf 87' lang='lat' dir='ltr'>Paulus:</span> <span class='ocrx_word' id='word_1_21' title='bbox 1083 763 1154 819; x_wconf 92' lang='lat' dir='ltr'>ut</span> <span class='ocrx_word' id='word_1_22' title='bbox 1198 753 1819 820; x_wconf 77' lang='lat' dir='ltr'>Thessalonicenses</span> <span class='ocrx_word' id='word_1_23' title='bbox 1864 754 2136 819; x_wconf 82' lang='lat' dir='ltr'>meliora</span> <span class='ocrx_word' id='word_1_24' title='bbox 2178 753 2452 818; x_wconf 90' lang='lat' dir='ltr'>doceret</span> <span class='ocrx_word' id='word_1_25' title='bbox 2496 752 2580 817; x_wconf 91' lang='lat' dir='ltr'>de</span> <span class='ocrx_word' id='word_1_26' title='bbox 2626 752 2928 835; x_wconf 84' lang='lat' dir='ltr'>mortuis,</span> <span class='ocrx_word' id='word_1_27' title='bbox 2968 754 3071 838; x_wconf 91' lang='lat' dir='ltr'>qui</span> 
     </span>
     <span class='ocr_line' id='line_1_4' title="bbox 575 866 3067 951; baseline -0.001 -20"><span class='ocrx_word' id='word_1_28' title='bbox 575 877 727 933; x_wconf 87' lang='lat' dir='ltr'>ante</span> <span class='ocrx_word' id='word_1_29' title='bbox 772 866 1052 932; x_wconf 86' lang='lat' dir='ltr'>reditum</span> <span class='ocrx_word' id='word_1_30' title='bbox 1100 866 1455 931; x_wconf 86' lang='lat' dir='ltr'>Salvatoris</span> <span class='ocrx_word' id='word_1_31' title='bbox 1503 866 1839 931; x_wconf 81' lang='lat' dir='ltr'>solennem</span> <span class='ocrx_word' id='word_1_32' title='bbox 1887 866 2179 931; x_wconf 84' lang='lat' dir='ltr'>defuncti</span> <span class='ocrx_word' id='word_1_33' title='bbox 2213 876 2461 949; x_wconf 87' lang='lat' dir='ltr'>essent;</span> <span class='ocrx_word' id='word_1_34' title='bbox 2510 888 2795 951; x_wconf 89' lang='lat' dir='ltr'>quorum</span> <span class='ocrx_word' id='word_1_35' title='bbox 2832 878 3067 929; x_wconf 88' lang='lat' dir='ltr'>sortem</span> 
     </span>
     <span class='ocr_line' id='line_1_5' title="bbox 575 978 3069 1066; baseline -0 -23"><span class='ocrx_word' id='word_1_36' title='bbox 575 980 663 1045; x_wconf 93' lang='lat' dir='ltr'>illi</span> <span class='ocrx_word' id='word_1_37' title='bbox 707 980 1020 1066; x_wconf 83' lang='lat' dir='ltr'>lugebant</span> <span class='ocrx_word' id='word_1_38' title='bbox 1038 982 1080 1044; x_wconf 79' lang='lat'>².</span> <span class='ocrx_word' id='word_1_39' title='bbox 1151 979 1508 1065; x_wconf 82' lang='lat' dir='ltr'>Apostolus</span> <span class='ocrx_word' id='word_1_40' title='bbox 1552 978 1781 1044; x_wconf 89' lang='lat' dir='ltr'>fideles</span> <span class='ocrx_word' id='word_1_41' title='bbox 1837 979 1920 1043; x_wconf 85' lang='lat' dir='ltr'>ab</span> <span class='ocrx_word' id='word_1_42' title='bbox 1976 979 2325 1043; x_wconf 91' lang='lat' dir='ltr'>immodico</span> <span class='ocrx_word' id='word_1_43' title='bbox 2381 978 2563 1043; x_wconf 89' lang='lat' dir='ltr'>luctu</span> <span class='ocrx_word' id='word_1_44' title='bbox 2617 987 3069 1058; x_wconf 62' lang='lat' dir='ltr'>revocathS,</span> 
     </span>
     <span class='ocr_line' id='line_1_6' title="bbox 577 1090 3071 1179; baseline -0.001 -22"><span class='ocrx_word' id='word_1_45' title='bbox 577 1094 936 1157; x_wconf 86' lang='lat' dir='ltr'>certissima</span> <span class='ocrx_word' id='word_1_46' title='bbox 965 1114 1080 1179; x_wconf 90' lang='lat' dir='ltr'>spe</span> <span class='ocrx_word' id='word_1_47' title='bbox 1111 1094 1284 1157; x_wconf 85' lang='lat' dir='ltr'>vitae</span> <span class='ocrx_word' id='word_1_48' title='bbox 1332 1094 1576 1156; x_wconf 85' lang='lat' dir='ltr'>animat</span> <span class='ocrx_word' id='word_1_49' title='bbox 1621 1093 1879 1157; x_wconf 90' lang='lat' dir='ltr'>futurae</span> <span class='ocrx_word' id='word_1_50' title='bbox 1900 1096 1943 1155; x_wconf 80' lang='lat'>³.</span> <span class='ocrx_word' id='word_1_51' title='bbox 2005 1092 2097 1157; x_wconf 85' lang='lat' dir='ltr'>Ut</span> <span class='ocrx_word' id='word_1_52' title='bbox 2143 1114 2407 1157; x_wconf 92' lang='lat' dir='ltr'>omnem</span> <span class='ocrx_word' id='word_1_53' title='bbox 2450 1101 2671 1156; x_wconf 86' lang='lat' dir='ltr'>metus</span> <span class='ocrx_word' id='word_1_54' title='bbox 2718 1101 2789 1156; x_wconf 89' lang='lat' dir='ltr'>et</span> <span class='ocrx_word' id='word_1_55' title='bbox 2836 1090 3071 1156; x_wconf 86' lang='lat' dir='ltr'>doloris</span> 
     </span>
     <span class='ocr_line' id='line_1_7' title="bbox 576 1202 3069 1291; baseline -0.001 -21"><span class='ocrx_word' id='word_1_56' title='bbox 576 1228 840 1271; x_wconf 86' lang='lat' dir='ltr'>causam</span> <span class='ocrx_word' id='word_1_57' title='bbox 890 1214 1253 1291; x_wconf 83' lang='lat' dir='ltr'>expugnet,</span> <span class='ocrx_word' id='word_1_58' title='bbox 1321 1204 1565 1270; x_wconf 88' lang='lat' dir='ltr'>idcirco</span> <span class='ocrx_word' id='word_1_59' title='bbox 1634 1205 1902 1270; x_wconf 90' lang='lat' dir='ltr'>modum</span> <span class='ocrx_word' id='word_1_60' title='bbox 1972 1215 2037 1270; x_wconf 88' lang='lat' dir='ltr'>et</span> <span class='ocrx_word' id='word_1_61' title='bbox 2104 1206 2628 1270; x_wconf 88' lang='lat' dir='ltr'>circumstantias</span> <span class='ocrx_word' id='word_1_62' title='bbox 2700 1204 2949 1269; x_wconf 83' lang='lat' dir='ltr'>Christi</span> <span class='ocrx_word' id='word_1_63' title='bbox 2994 1202 3069 1267; x_wconf 88' lang='lat' dir='ltr'>ad</span> 
     </span>
     <span class='ocr_line' id='line_1_8' title="bbox 573 1316 3069 1404; baseline -0.001 -23"><span class='ocrx_word' id='word_1_64' title='bbox 573 1318 886 1383; x_wconf 89' lang='lat' dir='ltr'>iudicium</span> <span class='ocrx_word' id='word_1_65' title='bbox 927 1320 1186 1382; x_wconf 90' lang='lat' dir='ltr'>venturi</span> <span class='ocrx_word' id='word_1_66' title='bbox 1233 1318 1561 1383; x_wconf 79' lang='lat' dir='ltr'>describit.</span> <span class='ocrx_word' id='word_1_67' title='bbox 1625 1319 1949 1383; x_wconf 88' lang='lat' dir='ltr'>Dominus</span> <span class='ocrx_word' id='word_1_68' title='bbox 1994 1320 2059 1381; x_wconf 92' lang='lat' dir='ltr'>in</span> <span class='ocrx_word' id='word_1_69' title='bbox 2104 1319 2372 1404; x_wconf 87' lang='lat' dir='ltr'>propria</span> <span class='ocrx_word' id='word_1_70' title='bbox 2416 1340 2709 1403; x_wconf 84' lang='lat' dir='ltr'>persona</span> <span class='ocrx_word' id='word_1_71' title='bbox 2756 1316 2845 1380; x_wconf 88' lang='lat' dir='ltr'>de</span> <span class='ocrx_word' id='word_1_72' title='bbox 2894 1316 3069 1380; x_wconf 88' lang='lat' dir='ltr'>coelo</span> 
     </span>
     <span class='ocr_line' id='line_1_9' title="bbox 583 1430 3070 1517; baseline -0.002 -22"><span class='ocrx_word' id='word_1_73' title='bbox 583 1430 963 1513; x_wconf 82' lang='lat' dir='ltr'>descendet,</span> <span class='ocrx_word' id='word_1_74' title='bbox 988 1430 1410 1517; x_wconf 88' lang='lat' dir='ltr'>Angelosque</span> <span class='ocrx_word' id='word_1_75' title='bbox 1441 1431 1692 1495; x_wconf 87' lang='lat' dir='ltr'>iubebit</span> <span class='ocrx_word' id='word_1_76' title='bbox 1712 1454 1835 1517; x_wconf 91' lang='lat' dir='ltr'>per</span> <span class='ocrx_word' id='word_1_77' title='bbox 1856 1442 2061 1496; x_wconf 89' lang='lat' dir='ltr'>totum</span> <span class='ocrx_word' id='word_1_78' title='bbox 2086 1430 2401 1495; x_wconf 90' lang='lat' dir='ltr'>mundum</span> <span class='ocrx_word' id='word_1_79' title='bbox 2434 1439 2733 1495; x_wconf 88' lang='lat' dir='ltr'>mortuos</span> <span class='ocrx_word' id='word_1_80' title='bbox 2766 1431 3070 1494; x_wconf 79' lang='lat' dir='ltr'>excitare.</span> 
     </span>
     <span class='ocr_line' id='line_1_10' title="bbox 579 1541 3071 1630; baseline -0.002 -22"><span class='ocrx_word' id='word_1_81' title='bbox 579 1542 710 1624; x_wconf 82' lang='lat' dir='ltr'>Qui</span> <span class='ocrx_word' id='word_1_82' title='bbox 739 1546 974 1608; x_wconf 91' lang='lat' dir='ltr'>mortui</span> <span class='ocrx_word' id='word_1_83' title='bbox 1008 1554 1157 1609; x_wconf 91' lang='lat' dir='ltr'>sunt</span> <span class='ocrx_word' id='word_1_84' title='bbox 1185 1545 1252 1607; x_wconf 91' lang='lat' dir='ltr'>in</span> <span class='ocrx_word' id='word_1_85' title='bbox 1278 1543 1535 1609; x_wconf 88' lang='lat' dir='ltr'>Christo</span> <span class='ocrx_word' id='word_1_86' title='bbox 1568 1554 1911 1629; x_wconf 87' lang='lat' dir='ltr'>resurgent</span> <span class='ocrx_word' id='word_1_87' title='bbox 1940 1547 2240 1630; x_wconf 89' lang='lat' dir='ltr'>primum,</span> <span class='ocrx_word' id='word_1_88' title='bbox 2273 1553 2628 1629; x_wconf 85' lang='lat' dir='ltr'>antequam</span> <span class='ocrx_word' id='word_1_89' title='bbox 2653 1541 2768 1606; x_wconf 88' lang='lat' dir='ltr'>alii</span> <span class='ocrx_word' id='word_1_90' title='bbox 2796 1552 2959 1606; x_wconf 87' lang='lat' dir='ltr'>tunc</span> <span class='ocrx_word' id='word_1_91' title='bbox 2988 1543 3071 1604; x_wconf 73' lang='lat' dir='ltr'>vi-</span> 
     </span>
     <span class='ocr_line' id='line_1_11' title="bbox 571 1653 3071 1742; baseline -0.002 -21"><span class='ocrx_word' id='word_1_92' title='bbox 571 1667 799 1721; x_wconf 85' lang='lat' dir='ltr'>ventes</span> <span class='ocrx_word' id='word_1_93' title='bbox 822 1659 1161 1742; x_wconf 84' lang='lat' dir='ltr'>rapiantur</span> <span class='ocrx_word' id='word_1_94' title='bbox 1183 1679 1334 1721; x_wconf 88' lang='lat' dir='ltr'>cum</span> <span class='ocrx_word' id='word_1_95' title='bbox 1359 1656 1498 1739; x_wconf 90' lang='lat' dir='ltr'>illis,</span> <span class='ocrx_word' id='word_1_96' title='bbox 1524 1666 1733 1721; x_wconf 90' lang='lat' dir='ltr'>morte</span> <span class='ocrx_word' id='word_1_97' title='bbox 1758 1667 1979 1722; x_wconf 89' lang='lat' dir='ltr'>tamen</span> <span class='ocrx_word' id='word_1_98' title='bbox 2004 1656 2391 1721; x_wconf 84' lang='lat' dir='ltr'>brevissima</span> <span class='ocrx_word' id='word_1_99' title='bbox 2414 1654 2885 1737; x_wconf 87' lang='lat' dir='ltr'>antecedente,</span> <span class='ocrx_word' id='word_1_100' title='bbox 2912 1653 3071 1718; x_wconf 90' lang='lat' dir='ltr'>cele-</span> 
     </span>
     <span class='ocr_line' id='line_1_12' title="bbox 569 1768 3069 1854; baseline -0.001 -21"><span class='ocrx_word' id='word_1_101' title='bbox 569 1772 727 1834; x_wconf 89' lang='lat' dir='ltr'>riter</span> <span class='ocrx_word' id='word_1_102' title='bbox 751 1768 1012 1835; x_wconf 86' lang='lat' dir='ltr'>obviam</span> <span class='ocrx_word' id='word_1_103' title='bbox 1037 1770 1080 1834; x_wconf 87' lang='lat' dir='ltr'><strong>J</strong></span> <span class='ocrx_word' id='word_1_104' title='bbox 1084 1791 1219 1851; x_wconf 90' lang='lat' dir='ltr'>esu,</span> <span class='ocrx_word' id='word_1_105' title='bbox 1245 1772 1400 1833; x_wconf 89' lang='lat' dir='ltr'>etin</span> <span class='ocrx_word' id='word_1_106' title='bbox 1421 1792 1597 1833; x_wconf 86' lang='lat' dir='ltr'>nova</span> <span class='ocrx_word' id='word_1_107' title='bbox 1617 1772 1742 1835; x_wconf 87' lang='lat' dir='ltr'>ista</span> <span class='ocrx_word' id='word_1_108' title='bbox 1760 1769 2044 1854; x_wconf 84' lang='lat' dir='ltr'>gloriosa</span> <span class='ocrx_word' id='word_1_109' title='bbox 2066 1771 2203 1834; x_wconf 82' lang='lat' dir='ltr'>vita</span> <span class='ocrx_word' id='word_1_110' title='bbox 2226 1778 2364 1834; x_wconf 86' lang='lat' dir='ltr'>tota</span> <span class='ocrx_word' id='word_1_111' title='bbox 2387 1769 2783 1833; x_wconf 77' lang='lat' dir='ltr'>aeternitate</span> <span class='ocrx_word' id='word_1_112' title='bbox 2807 1768 3069 1831; x_wconf 88' lang='lat' dir='ltr'>Domini</span> 
     </span>
     <span class='ocr_line' id='line_1_13' title="bbox 574 1876 3071 1967; baseline -0.002 -20"><span class='ocrx_word' id='word_1_113' title='bbox 574 1884 885 1947; x_wconf 87' lang='lat' dir='ltr'>societate</span> <span class='ocrx_word' id='word_1_114' title='bbox 911 1883 1229 1946; x_wconf 87' lang='lat' dir='ltr'>fruentur.</span> <span class='ocrx_word' id='word_1_115' title='bbox 1277 1882 1512 1967; x_wconf 85' lang='lat' dir='ltr'>Itaque</span> <span class='ocrx_word' id='word_1_116' title='bbox 1537 1905 1729 1964; x_wconf 88' lang='lat' dir='ltr'>super</span> <span class='ocrx_word' id='word_1_117' title='bbox 1751 1891 1959 1947; x_wconf 89' lang='lat' dir='ltr'>morte</span> <span class='ocrx_word' id='word_1_118' title='bbox 1988 1904 2233 1965; x_wconf 87' lang='lat' dir='ltr'>eorum,</span> <span class='ocrx_word' id='word_1_119' title='bbox 2261 1883 2370 1967; x_wconf 88' lang='lat' dir='ltr'>qui</span> <span class='ocrx_word' id='word_1_120' title='bbox 2396 1882 2491 1945; x_wconf 89' lang='lat' dir='ltr'>sic</span> <span class='ocrx_word' id='word_1_121' title='bbox 2516 1876 2785 1945; x_wconf 88' lang='lat' dir='ltr'>dotibus</span> <span class='ocrx_word' id='word_1_122' title='bbox 2810 1878 3071 1965; x_wconf 81' lang='lat' dir='ltr'>gloriosi</span> 
     </span>
     <span class='ocr_line' id='line_1_14' title="bbox 573 1992 3068 2081; baseline -0.002 -22"><span class='ocrx_word' id='word_1_123' title='bbox 573 1997 866 2081; x_wconf 85' lang='lat' dir='ltr'>corporis</span> <span class='ocrx_word' id='word_1_124' title='bbox 913 1996 1488 2081; x_wconf 88' lang='lat' dir='ltr'>supervestientur,</span> <span class='ocrx_word' id='word_1_125' title='bbox 1536 2017 1669 2059; x_wconf 90' lang='lat' dir='ltr'>non</span> <span class='ocrx_word' id='word_1_126' title='bbox 1716 1994 1952 2059; x_wconf 85' lang='lat' dir='ltr'>decere</span> <span class='ocrx_word' id='word_1_127' title='bbox 2001 2018 2114 2059; x_wconf 89' lang='lat' dir='ltr'>eos</span> <span class='ocrx_word' id='word_1_128' title='bbox 2148 1994 2499 2059; x_wconf 88' lang='lat' dir='ltr'>immodica</span> <span class='ocrx_word' id='word_1_129' title='bbox 2529 1992 2711 2059; x_wconf 86' lang='lat' dir='ltr'>affici</span> <span class='ocrx_word' id='word_1_130' title='bbox 2752 1994 3068 2057; x_wconf 49' lang='lat' dir='ltr'>matitia&amp;</span> 
     </span>
    </p>
   </div>
   <div class='ocr_carea' id='block_1_3' title="bbox 561 2222 3069 4714">
    <p class='ocr_par' dir='ltr' id='par_1_3' title="bbox 561 2222 3069 4714">
     <span class='ocr_line' id='line_1_15' title="bbox 785 2222 3068 2291; baseline -0.001 -18"><span class='ocrx_word' id='word_1_131' title='bbox 785 2226 821 2289; x_wconf 91' lang='grc' dir='ltr'>ι)</span> <span class='ocrx_word' id='word_1_132' title='bbox 861 2224 920 2273; x_wconf 87' lang='lat' dir='ltr'>C.</span> <span class='ocrx_word' id='word_1_133' title='bbox 958 2226 1006 2273; x_wconf 85' lang='lat'>4.</span> <span class='ocrx_word' id='word_1_134' title='bbox 1045 2224 1120 2273; x_wconf 88' lang='lat' dir='ltr'>Ut</span> <span class='ocrx_word' id='word_1_135' title='bbox 1155 2224 1412 2273; x_wconf 81' lang='lat' dir='ltr'>memoria</span> <span class='ocrx_word' id='word_1_136' title='bbox 1448 2228 1635 2289; x_wconf 83' lang='lat' dir='ltr'>partae</span> <span class='ocrx_word' id='word_1_137' title='bbox 1673 2240 1767 2290; x_wconf 87' lang='lat' dir='ltr'>per</span> <span class='ocrx_word' id='word_1_138' title='bbox 1802 2224 1987 2273; x_wconf 81' lang='lat' dir='ltr'>Jesum</span> <span class='ocrx_word' id='word_1_139' title='bbox 2024 2222 2213 2274; x_wconf 80' lang='lat' dir='ltr'>salutis</span> <span class='ocrx_word' id='word_1_140' title='bbox 2250 2239 2433 2273; x_wconf 87' lang='lat' dir='ltr'>omnes</span> <span class='ocrx_word' id='word_1_141' title='bbox 2472 2222 2541 2272; x_wconf 86' lang='lat' dir='ltr'>ad</span> <span class='ocrx_word' id='word_1_142' title='bbox 2582 2222 2909 2291; x_wconf 80' lang='lat' dir='ltr'>Sanctorum</span> <span class='ocrx_word' id='word_1_143' title='bbox 2948 2238 3068 2272; x_wconf 85' lang='lat' dir='ltr'>con-</span> 
     </span>
     <span class='ocr_line' id='line_1_16' title="bbox 571 2310 3069 2377; baseline -0.002 -16"><span class='ocrx_word' id='word_1_144' title='bbox 571 2312 923 2362; x_wconf 80' lang='lat' dir='ltr'>versationem</span> <span class='ocrx_word' id='word_1_145' title='bbox 977 2316 1314 2376; x_wconf 85' lang='lat' dir='ltr'>permoveat,</span> <span class='ocrx_word' id='word_1_146' title='bbox 1365 2326 1560 2361; x_wconf 85' lang='lat' dir='ltr'>nomen</span> <span class='ocrx_word' id='word_1_147' title='bbox 1611 2310 1905 2361; x_wconf 85' lang='lat' dir='ltr'>Salvatoris</span> <span class='ocrx_word' id='word_1_148' title='bbox 1954 2312 2260 2376; x_wconf 84' lang='lat' dir='ltr'>interponit.</span> <span class='ocrx_word' id='word_1_149' title='bbox 2320 2310 2639 2360; x_wconf 86' lang='lat' dir='ltr'>Obtestatur</span> <span class='ocrx_word' id='word_1_150' title='bbox 2686 2310 2971 2377; x_wconf 76' lang='lat' dir='ltr'>religiose:</span> <span class='ocrx_word' id='word_1_151' title='bbox 3018 2312 3069 2357; x_wconf 82' lang='lat' dir='ltr'>nt</span> 
     </span>
     <span class='ocr_line' id='line_1_17' title="bbox 569 2394 3069 2471; baseline -0.002 -24"><span class='ocrx_word' id='word_1_152' title='bbox 569 2403 797 2471; x_wconf 81' lang='lat' dir='ltr'>caveant</span> <span class='ocrx_word' id='word_1_153' title='bbox 833 2398 936 2447; x_wconf 89' lang='lat' dir='ltr'>sibi</span> <span class='ocrx_word' id='word_1_154' title='bbox 973 2412 1006 2447; x_wconf 91' lang='lat' dir='ltr'>a</span> <span class='ocrx_word' id='word_1_155' title='bbox 1041 2402 1264 2463; x_wconf 88' lang='lat' dir='ltr'>peccato</span> <span class='ocrx_word' id='word_1_156' title='bbox 1303 2397 1564 2459; x_wconf 85' lang='lat' dir='ltr'>libidinis,</span> <span class='ocrx_word' id='word_1_157' title='bbox 1629 2397 1771 2463; x_wconf 88' lang='lat' dir='ltr'>quod</span> <span class='ocrx_word' id='word_1_158' title='bbox 1828 2413 2020 2463; x_wconf 86' lang='lat' dir='ltr'>corpus</span> <span class='ocrx_word' id='word_1_159' title='bbox 2076 2403 2132 2447; x_wconf 91' lang='lat' dir='ltr'>et</span> <span class='ocrx_word' id='word_1_160' title='bbox 2177 2398 2409 2447; x_wconf 84' lang='lat' dir='ltr'>animam</span> <span class='ocrx_word' id='word_1_161' title='bbox 2444 2395 2700 2446; x_wconf 79' lang='lat' dir='ltr'>maculat.</span> <span class='ocrx_word' id='word_1_162' title='bbox 2766 2396 2877 2457; x_wconf 86' lang='lat' dir='ltr'>Qui</span> <span class='ocrx_word' id='word_1_163' title='bbox 2932 2394 3069 2444; x_wconf 86' lang='lat' dir='ltr'>istud</span> 
     </span>
     <span class='ocr_line' id='line_1_18' title="bbox 569 2482 3069 2551; baseline -0.002 -16"><span class='ocrx_word' id='word_1_164' title='bbox 569 2491 912 2551; x_wconf 84' lang='lat' dir='ltr'>praeceptum</span> <span class='ocrx_word' id='word_1_165' title='bbox 951 2486 1170 2551; x_wconf 89' lang='lat' dir='ltr'>spernit,</span> <span class='ocrx_word' id='word_1_166' title='bbox 1210 2482 1462 2549; x_wconf 87' lang='lat' dir='ltr'>Spiritum</span> <span class='ocrx_word' id='word_1_167' title='bbox 1503 2483 1757 2533; x_wconf 88' lang='lat' dir='ltr'>Sanctum</span> <span class='ocrx_word' id='word_1_168' title='bbox 1796 2486 1999 2550; x_wconf 90' lang='lat' dir='ltr'>spernit</span> <span class='ocrx_word' id='word_1_169' title='bbox 2022 2484 2259 2533; x_wconf 88' lang='lat' dir='ltr'>eiusdem</span> <span class='ocrx_word' id='word_1_170' title='bbox 2286 2488 2576 2533; x_wconf 85' lang='lat' dir='ltr'>auctorem.</span> <span class='ocrx_word' id='word_1_171' title='bbox 2617 2482 2809 2532; x_wconf 84' lang='lat' dir='ltr'>Monet</span> <span class='ocrx_word' id='word_1_172' title='bbox 2832 2484 3069 2533; x_wconf 77' lang='lat' dir='ltr'>suaviter</span> 
     </span>
     <span class='ocr_line' id='line_1_19' title="bbox 567 2569 3065 2636; baseline -0.002 -15"><span class='ocrx_word' id='word_1_173' title='bbox 567 2578 628 2622; x_wconf 91' lang='lat' dir='ltr'>ut</span> <span class='ocrx_word' id='word_1_174' title='bbox 663 2573 845 2623; x_wconf 81' lang='lat' dir='ltr'>colant</span> <span class='ocrx_word' id='word_1_175' title='bbox 881 2574 1172 2634; x_wconf 87' lang='lat' dir='ltr'>caritatem,</span> <span class='ocrx_word' id='word_1_176' title='bbox 1211 2576 1271 2620; x_wconf 88' lang='lat' dir='ltr'>ut</span> <span class='ocrx_word' id='word_1_177' title='bbox 1307 2575 1420 2621; x_wconf 85' lang='lat' dir='ltr'>arte</span> <span class='ocrx_word' id='word_1_178' title='bbox 1458 2572 1681 2636; x_wconf 88' lang='lat' dir='ltr'>quisque</span> <span class='ocrx_word' id='word_1_179' title='bbox 1719 2586 1819 2620; x_wconf 87' lang='lat' dir='ltr'>sua</span> <span class='ocrx_word' id='word_1_180' title='bbox 1852 2572 2051 2620; x_wconf 83' lang='lat' dir='ltr'>vietum</span> <span class='ocrx_word' id='word_1_181' title='bbox 2078 2574 2366 2635; x_wconf 84' lang='lat' dir='ltr'>comparet,</span> <span class='ocrx_word' id='word_1_182' title='bbox 2406 2586 2475 2619; x_wconf 92' lang='lat' dir='ltr'>ne</span> <span class='ocrx_word' id='word_1_183' title='bbox 2502 2571 2711 2620; x_wconf 83' lang='lat' dir='ltr'>otiosus</span> <span class='ocrx_word' id='word_1_184' title='bbox 2736 2569 2863 2619; x_wconf 87' lang='lat' dir='ltr'>aliis</span> <span class='ocrx_word' id='word_1_185' title='bbox 2890 2570 3065 2634; x_wconf 67' lang='lat' dir='ltr'>gravis</span> 
     </span>
     <span class='ocr_line' id='line_1_20' title="bbox 571 2655 3063 2721; baseline -0.002 -12"><span class='ocrx_word' id='word_1_186' title='bbox 571 2664 626 2709; x_wconf 90' lang='lat' dir='ltr'>et</span> <span class='ocrx_word' id='word_1_187' title='bbox 647 2659 902 2709; x_wconf 88' lang='lat' dir='ltr'>molestus</span> <span class='ocrx_word' id='word_1_188' title='bbox 929 2658 1141 2708; x_wconf 83' lang='lat' dir='ltr'>accidat</span> <span class='ocrx_word' id='word_1_189' title='bbox 1163 2658 1522 2709; x_wconf 86' lang='lat' dir='ltr'>inverecunde</span> <span class='ocrx_word' id='word_1_190' title='bbox 1547 2658 1917 2708; x_wconf 83' lang='lat' dir='ltr'>mendicandO.</span> <span class='ocrx_word' id='word_1_191' title='bbox 1944 2659 2006 2707; x_wconf 89' lang='lat' dir='ltr'>V.</span> <span class='ocrx_word' id='word_1_192' title='bbox 2035 2660 2223 2707; x_wconf 89' lang='lat'>1—11.</span> <span class='ocrx_word' id='word_1_193' title='bbox 2284 2658 2326 2721; x_wconf 86' lang='lat'>²)</span> <span class='ocrx_word' id='word_1_194' title='bbox 2356 2656 2483 2706; x_wconf 77' lang='lat' dir='ltr'>Sive</span> <span class='ocrx_word' id='word_1_195' title='bbox 2508 2657 2651 2706; x_wconf 88' lang='lat' dir='ltr'>enim</span> <span class='ocrx_word' id='word_1_196' title='bbox 2674 2655 2757 2706; x_wconf 88' lang='lat' dir='ltr'>illi</span> <span class='ocrx_word' id='word_1_197' title='bbox 2782 2672 2815 2706; x_wconf 87' lang='lat' dir='ltr'>e</span> <span class='ocrx_word' id='word_1_198' title='bbox 2840 2658 3063 2707; x_wconf 78' lang='lat' dir='ltr'>mortuis</span> 
     </span>
     <span class='ocr_line' id='line_1_21' title="bbox 572 2742 3064 2809; baseline -0.002 -14"><span class='ocrx_word' id='word_1_199' title='bbox 572 2746 786 2795; x_wconf 88' lang='lat' dir='ltr'>excitati</span> <span class='ocrx_word' id='word_1_200' title='bbox 823 2746 993 2795; x_wconf 87' lang='lat' dir='ltr'>serius</span> <span class='ocrx_word' id='word_1_201' title='bbox 1032 2744 1100 2793; x_wconf 85' lang='lat' dir='ltr'>ad</span> <span class='ocrx_word' id='word_1_202' title='bbox 1137 2749 1408 2794; x_wconf 84' lang='lat' dir='ltr'>aeternam</span> <span class='ocrx_word' id='word_1_203' title='bbox 1455 2744 1761 2793; x_wconf 81' lang='lat' dir='ltr'>felicitatem</span> <span class='ocrx_word' id='word_1_204' title='bbox 1808 2745 2139 2809; x_wconf 84' lang='lat' dir='ltr'>perventuri,</span> <span class='ocrx_word' id='word_1_205' title='bbox 2202 2746 2315 2793; x_wconf 86' lang='lat' dir='ltr'>sive</span> <span class='ocrx_word' id='word_1_206' title='bbox 2368 2744 2441 2793; x_wconf 84' lang='lat' dir='ltr'>ad</span> <span class='ocrx_word' id='word_1_207' title='bbox 2495 2744 2757 2793; x_wconf 87' lang='lat' dir='ltr'>minorem</span> <span class='ocrx_word' id='word_1_208' title='bbox 2815 2742 3064 2793; x_wconf 79' lang='lat' dir='ltr'>coelestis</span> 
     </span>
     <span class='ocr_line' id='line_1_22' title="bbox 566 2830 3061 2897; baseline -0 -17"><span class='ocrx_word' id='word_1_209' title='bbox 566 2830 768 2897; x_wconf 78' lang='lat' dir='ltr'>gloriae</span> <span class='ocrx_word' id='word_1_210' title='bbox 792 2830 1014 2897; x_wconf 85' lang='lat' dir='ltr'>gradum</span> <span class='ocrx_word' id='word_1_211' title='bbox 1041 2832 1313 2881; x_wconf 82' lang='lat' dir='ltr'>ascensuri</span> <span class='ocrx_word' id='word_1_212' title='bbox 1339 2832 1806 2893; x_wconf 85' lang='lat' dir='ltr'>existimabantur;</span> <span class='ocrx_word' id='word_1_213' title='bbox 1836 2832 1966 2895; x_wconf 90' lang='lat' dir='ltr'>quin</span> <span class='ocrx_word' id='word_1_214' title='bbox 1992 2832 2149 2880; x_wconf 87' lang='lat' dir='ltr'>etiam</span> <span class='ocrx_word' id='word_1_215' title='bbox 2176 2830 2438 2893; x_wconf 86' lang='lat' dir='ltr'>nonnulli,</span> <span class='ocrx_word' id='word_1_216' title='bbox 2464 2831 2694 2879; x_wconf 78' lang='lat' dir='ltr'>maxime</span> <span class='ocrx_word' id='word_1_217' title='bbox 2722 2846 2789 2880; x_wconf 78' lang='lat' dir='ltr'>ex</span> <span class='ocrx_word' id='word_1_218' title='bbox 2816 2830 3061 2888; x_wconf 53' lang='lat' dir='ltr'>ethnicis</span> 
     </span>
     <span class='ocr_line' id='line_1_23' title="bbox 565 2916 3067 2984; baseline 0 -18"><span class='ocrx_word' id='word_1_219' title='bbox 565 2918 813 2968; x_wconf 83' lang='lat' dir='ltr'>videntur</span> <span class='ocrx_word' id='word_1_220' title='bbox 865 2934 973 2967; x_wconf 90' lang='lat' dir='ltr'>non</span> <span class='ocrx_word' id='word_1_221' title='bbox 1029 2919 1160 2967; x_wconf 84' lang='lat' dir='ltr'>satis</span> <span class='ocrx_word' id='word_1_222' title='bbox 1198 2918 1486 2967; x_wconf 83' lang='lat' dir='ltr'>credidisse</span> <span class='ocrx_word' id='word_1_223' title='bbox 1525 2919 1966 2967; x_wconf 87' lang='lat' dir='ltr'>resurrectionem</span> <span class='ocrx_word' id='word_1_224' title='bbox 2004 2933 2302 2983; x_wconf 87' lang='lat' dir='ltr'>corporum.</span> <span class='ocrx_word' id='word_1_225' title='bbox 2364 2916 2405 2981; x_wconf 76' lang='lat'>³)</span> <span class='ocrx_word' id='word_1_226' title='bbox 2443 2917 2528 2966; x_wconf 82' lang='lat' dir='ltr'>Ad</span> <span class='ocrx_word' id='word_1_227' title='bbox 2578 2916 2868 2967; x_wconf 82' lang='lat' dir='ltr'>defunctos</span> <span class='ocrx_word' id='word_1_228' title='bbox 2927 2916 3067 2984; x_wconf 80' lang='lat' dir='ltr'>qnod</span> 
     </span>
     <span class='ocr_line' id='line_1_24' title="bbox 567 3004 3067 3070; baseline -0.001 -16"><span class='ocrx_word' id='word_1_229' title='bbox 567 3006 758 3055; x_wconf 85' lang='lat' dir='ltr'>attinet</span> <span class='ocrx_word' id='word_1_230' title='bbox 794 3005 1086 3067; x_wconf 85' lang='lat' dir='ltr'>credentes,</span> <span class='ocrx_word' id='word_1_231' title='bbox 1125 3006 1183 3054; x_wconf 89' lang='lat' dir='ltr'>in</span> <span class='ocrx_word' id='word_1_232' title='bbox 1217 3004 1480 3070; x_wconf 86' lang='lat' dir='ltr'>sepulcris</span> <span class='ocrx_word' id='word_1_233' title='bbox 1517 3006 1628 3054; x_wconf 88' lang='lat' dir='ltr'>suis</span> <span class='ocrx_word' id='word_1_234' title='bbox 1667 3020 1775 3055; x_wconf 92' lang='lat' dir='ltr'>non</span> <span class='ocrx_word' id='word_1_235' title='bbox 1810 3011 1919 3055; x_wconf 85' lang='lat' dir='ltr'>tam</span> <span class='ocrx_word' id='word_1_236' title='bbox 1954 3006 2149 3054; x_wconf 89' lang='lat' dir='ltr'>mortui</span> <span class='ocrx_word' id='word_1_237' title='bbox 2186 3019 2347 3069; x_wconf 83' lang='lat' dir='ltr'>quam</span> <span class='ocrx_word' id='word_1_238' title='bbox 2384 3004 2709 3055; x_wconf 83' lang='lat' dir='ltr'>dormientes</span> <span class='ocrx_word' id='word_1_239' title='bbox 2746 3006 2937 3054; x_wconf 85' lang='lat' dir='ltr'>iacent</span> <span class='ocrx_word' id='word_1_240' title='bbox 2978 3021 3067 3070; x_wconf 79' lang='lat' dir='ltr'>per</span> 
     </span>
     <span class='ocr_line' id='line_1_25' title="bbox 567 3090 3067 3157; baseline -0 -17"><span class='ocrx_word' id='word_1_241' title='bbox 567 3090 751 3155; x_wconf 86' lang='lat' dir='ltr'>fidem,</span> <span class='ocrx_word' id='word_1_242' title='bbox 805 3106 913 3157; x_wconf 89' lang='lat' dir='ltr'>qua</span> <span class='ocrx_word' id='word_1_243' title='bbox 947 3092 1008 3140; x_wconf 85' lang='lat' dir='ltr'>fit</span> <span class='ocrx_word' id='word_1_244' title='bbox 1041 3097 1102 3140; x_wconf 89' lang='lat' dir='ltr'>ut</span> <span class='ocrx_word' id='word_1_245' title='bbox 1137 3106 1276 3141; x_wconf 86' lang='lat' dir='ltr'>mors</span> <span class='ocrx_word' id='word_1_246' title='bbox 1315 3106 1495 3141; x_wconf 87' lang='lat' dir='ltr'>eorum</span> <span class='ocrx_word' id='word_1_247' title='bbox 1535 3092 1604 3141; x_wconf 89' lang='lat' dir='ltr'>sit</span> <span class='ocrx_word' id='word_1_248' title='bbox 1640 3096 1846 3141; x_wconf 83' lang='lat' dir='ltr'>tantum</span> <span class='ocrx_word' id='word_1_249' title='bbox 1884 3106 2116 3141; x_wconf 88' lang='lat' dir='ltr'>somnus.</span> <span class='ocrx_word' id='word_1_250' title='bbox 2178 3090 2309 3141; x_wconf 87' lang='lat' dir='ltr'>Vult</span> <span class='ocrx_word' id='word_1_251' title='bbox 2344 3107 2439 3153; x_wconf 88' lang='lat' dir='ltr'>ne,</span> <span class='ocrx_word' id='word_1_252' title='bbox 2497 3096 2555 3140; x_wconf 90' lang='lat' dir='ltr'>ut</span> <span class='ocrx_word' id='word_1_253' title='bbox 2590 3092 2787 3156; x_wconf 85' lang='lat' dir='ltr'>reliqui</span> <span class='ocrx_word' id='word_1_254' title='bbox 2824 3091 3067 3142; x_wconf 77' lang='lat' dir='ltr'>homines</span> 
     </span>
     <span class='ocr_line' id='line_1_26' title="bbox 566 3171 3065 3244; baseline 0.001 -17"><span class='ocrx_word' id='word_1_255' title='bbox 566 3178 830 3243; x_wconf 84' lang='lat' dir='ltr'>dogmatis</span> <span class='ocrx_word' id='word_1_256' title='bbox 886 3178 1158 3228; x_wconf 87' lang='lat' dir='ltr'>christiani</span> <span class='ocrx_word' id='word_1_257' title='bbox 1215 3183 1485 3243; x_wconf 84' lang='lat' dir='ltr'>expertes,</span> <span class='ocrx_word' id='word_1_258' title='bbox 1547 3178 1711 3228; x_wconf 78' lang='lat' dir='ltr'>veluti</span> <span class='ocrx_word' id='word_1_259' title='bbox 1768 3179 2002 3244; x_wconf 89' lang='lat' dir='ltr'>perditos</span> <span class='ocrx_word' id='word_1_260' title='bbox 2056 3176 2433 3228; x_wconf 86' lang='lat' dir='ltr'>insolabilibus</span> <span class='ocrx_word' id='word_1_261' title='bbox 2489 3171 2781 3227; x_wconf 46' lang='lat' dir='ltr'>deflerent*</span> <span class='ocrx_word' id='word_1_262' title='bbox 2802 3178 3065 3230; x_wconf 73' lang='lat' dir='ltr'>lacrimis:</span> 
     </span>
     <span class='ocr_line' id='line_1_27' title="bbox 567 3264 3067 3330; baseline 0 -17"><span class='ocrx_word' id='word_1_263' title='bbox 567 3265 694 3330; x_wconf 89' lang='lat' dir='ltr'>quia</span> <span class='ocrx_word' id='word_1_264' title='bbox 731 3270 1008 3329; x_wconf 85' lang='lat' dir='ltr'>resurgent</span> <span class='ocrx_word' id='word_1_265' title='bbox 1044 3265 1112 3314; x_wconf 87' lang='lat' dir='ltr'>ad</span> <span class='ocrx_word' id='word_1_266' title='bbox 1149 3266 1329 3315; x_wconf 86' lang='lat' dir='ltr'>vitam.</span> <span class='ocrx_word' id='word_1_267' title='bbox 1391 3266 1512 3316; x_wconf 89' lang='lat' dir='ltr'>Non</span> <span class='ocrx_word' id='word_1_268' title='bbox 1537 3280 1657 3315; x_wconf 88' lang='lat' dir='ltr'>esse</span> <span class='ocrx_word' id='word_1_269' title='bbox 1693 3265 1834 3330; x_wconf 90' lang='lat' dir='ltr'>quod</span> <span class='ocrx_word' id='word_1_270' title='bbox 1874 3265 2222 3327; x_wconf 85' lang='lat' dir='ltr'>dubitaretur,</span> <span class='ocrx_word' id='word_1_271' title='bbox 2262 3264 2709 3329; x_wconf 84' lang='lat' dir='ltr'>quemadmodum</span> <span class='ocrx_word' id='word_1_272' title='bbox 2750 3264 3003 3314; x_wconf 68' lang='lat' dir='ltr'>Christus</span> <span class='ocrx_word' id='word_1_273' title='bbox 3036 3279 3067 3312; x_wconf 81' lang='lat' dir='ltr'>a</span> 
     </span>
     <span class='ocr_line' id='line_1_28' title="bbox 566 3350 3064 3413; baseline 0.001 -12"><span class='ocrx_word' id='word_1_274' title='bbox 566 3352 785 3402; x_wconf 84' lang='lat' dir='ltr'>mortuis</span> <span class='ocrx_word' id='word_1_275' title='bbox 822 3353 1125 3413; x_wconf 85' lang='lat' dir='ltr'>resurrexit,</span> <span class='ocrx_word' id='word_1_276' title='bbox 1163 3352 1406 3401; x_wconf 85' lang='lat' dir='ltr'>similiter</span> <span class='ocrx_word' id='word_1_277' title='bbox 1443 3366 1541 3403; x_wconf 86' lang='lat' dir='ltr'>nos</span> <span class='ocrx_word' id='word_1_278' title='bbox 1579 3353 1739 3401; x_wconf 83' lang='lat' dir='ltr'>etiam</span> <span class='ocrx_word' id='word_1_279' title='bbox 1776 3357 2182 3402; x_wconf 87' lang='lat' dir='ltr'>resurrecturos.</span> <span class='ocrx_word' id='word_1_280' title='bbox 2221 3350 2467 3401; x_wconf 80' lang='lat' dir='ltr'>Affirmat</span> <span class='ocrx_word' id='word_1_281' title='bbox 2502 3367 2533 3401; x_wconf 95' lang='lat' dir='ltr'>e</span> <span class='ocrx_word' id='word_1_282' title='bbox 2566 3352 2828 3401; x_wconf 84' lang='lat' dir='ltr'>mandato</span> <span class='ocrx_word' id='word_1_283' title='bbox 2868 3350 3064 3404; x_wconf 80' lang='lat' dir='ltr'>divino.</span> 
     </span>
     <span class='ocr_line' id='line_1_29' title="bbox 564 3437 3061 3504; baseline 0 -18"><span class='ocrx_word' id='word_1_284' title='bbox 564 3437 686 3488; x_wconf 90' lang='lat' dir='ltr'>illos</span> <span class='ocrx_word' id='word_1_285' title='bbox 727 3440 818 3503; x_wconf 89' lang='lat' dir='ltr'>qui</span> <span class='ocrx_word' id='word_1_286' title='bbox 857 3437 926 3488; x_wconf 85' lang='lat' dir='ltr'>ad</span> <span class='ocrx_word' id='word_1_287' title='bbox 963 3438 1254 3488; x_wconf 88' lang='lat' dir='ltr'>secundum</span> <span class='ocrx_word' id='word_1_288' title='bbox 1292 3438 1585 3489; x_wconf 71' lang='lat' dir='ltr'>Salvator-is</span> <span class='ocrx_word' id='word_1_289' title='bbox 1624 3439 1911 3489; x_wconf 81' lang='lat' dir='ltr'>adventum</span> <span class='ocrx_word' id='word_1_290' title='bbox 1950 3439 2184 3489; x_wconf 83' lang='lat' dir='ltr'>mansuri</span> <span class='ocrx_word' id='word_1_291' title='bbox 2220 3439 2329 3487; x_wconf 88' lang='lat' dir='ltr'>sint</span> <span class='ocrx_word' id='word_1_292' title='bbox 2364 3438 2697 3504; x_wconf 80' lang='lat' dir='ltr'>superstites,</span> <span class='ocrx_word' id='word_1_293' title='bbox 2738 3437 2881 3488; x_wconf 85' lang='lat' dir='ltr'>nihil</span> <span class='ocrx_word' id='word_1_294' title='bbox 2916 3453 3061 3504; x_wconf 80' lang='lat' dir='ltr'>prae-</span> 
     </span>
     <span class='ocr_line' id='line_1_30' title="bbox 566 3523 3063 3591; baseline 0 -18"><span class='ocrx_word' id='word_1_295' title='bbox 566 3525 710 3589; x_wconf 87' lang='lat' dir='ltr'>cipui</span> <span class='ocrx_word' id='word_1_296' title='bbox 745 3540 874 3590; x_wconf 87' lang='lat' dir='ltr'>prae</span> <span class='ocrx_word' id='word_1_297' title='bbox 913 3524 1032 3574; x_wconf 87' lang='lat' dir='ltr'>aliis</span> <span class='ocrx_word' id='word_1_298' title='bbox 1070 3526 1174 3574; x_wconf 88' lang='lat' dir='ltr'>iam</span> <span class='ocrx_word' id='word_1_299' title='bbox 1211 3528 1433 3575; x_wconf 83' lang='lat' dir='ltr'>mortuis</span> <span class='ocrx_word' id='word_1_300' title='bbox 1469 3525 1762 3575; x_wconf 87' lang='lat' dir='ltr'>habituros.</span> <span class='ocrx_word' id='word_1_301' title='bbox 1825 3527 1867 3589; x_wconf 88' lang='lat'>⁴)</span> <span class='ocrx_word' id='word_1_302' title='bbox 1904 3528 1953 3587; x_wconf 89' lang='lat'>4,</span> <span class='ocrx_word' id='word_1_303' title='bbox 1984 3527 2203 3575; x_wconf 80' lang='lat'>12—-18,</span> <span class='ocrx_word' id='word_1_304' title='bbox 2240 3526 2507 3591; x_wconf 89' lang='lat' dir='ltr'>Loquitur</span> <span class='ocrx_word' id='word_1_305' title='bbox 2530 3524 2581 3573; x_wconf 88' lang='lat' dir='ltr'>h.</span> <span class='ocrx_word' id='word_1_306' title='bbox 2608 3523 2646 3573; x_wconf 89' lang='lat' dir='ltr'>l.</span> <span class='ocrx_word' id='word_1_307' title='bbox 2682 3540 2726 3573; x_wconf 89' lang='lat' dir='ltr'>s.</span> <span class='ocrx_word' id='word_1_308' title='bbox 2770 3524 2979 3575; x_wconf 79' lang='lat' dir='ltr'>Paulus</span> <span class='ocrx_word' id='word_1_309' title='bbox 3014 3527 3063 3573; x_wconf 85' lang='lat' dir='ltr'>in</span> 
     </span>
     <span class='ocr_line' id='line_1_31' title="bbox 567 3610 3063 3677; baseline -0 -17"><span class='ocrx_word' id='word_1_310' title='bbox 567 3626 801 3677; x_wconf 84' lang='lat' dir='ltr'>persona</span> <span class='ocrx_word' id='word_1_311' title='bbox 838 3610 1149 3673; x_wconf 82' lang='lat' dir='ltr'>electorum,</span> <span class='ocrx_word' id='word_1_312' title='bbox 1212 3626 1348 3677; x_wconf 90' lang='lat' dir='ltr'>quos</span> <span class='ocrx_word' id='word_1_313' title='bbox 1395 3612 1593 3663; x_wconf 85' lang='lat' dir='ltr'>Christi</span> <span class='ocrx_word' id='word_1_314' title='bbox 1644 3610 1714 3661; x_wconf 87' lang='lat' dir='ltr'>ad</span> <span class='ocrx_word' id='word_1_315' title='bbox 1760 3611 2103 3662; x_wconf 83' lang='lat' dir='ltr'>iudicandum</span> <span class='ocrx_word' id='word_1_316' title='bbox 2148 3611 2349 3661; x_wconf 89' lang='lat' dir='ltr'>reditus</span> <span class='ocrx_word' id='word_1_317' title='bbox 2394 3612 2639 3660; x_wconf 82' lang='lat' dir='ltr'>viventes</span> <span class='ocrx_word' id='word_1_318' title='bbox 2686 3614 2959 3677; x_wconf 54' lang='lat' dir='ltr'>repen-ion</span> <span class='ocrx_word' id='word_1_319' title='bbox 3016 3620 3063 3660; x_wconf 76' lang='lat' dir='ltr'>et</span> 
     </span>
     <span class='ocr_line' id='line_1_32' title="bbox 567 3698 3063 3764; baseline 0 -18"><span class='ocrx_word' id='word_1_320' title='bbox 567 3698 696 3763; x_wconf 88' lang='lat' dir='ltr'>quia</span> <span class='ocrx_word' id='word_1_321' title='bbox 731 3704 940 3763; x_wconf 85' lang='lat' dir='ltr'>tempus</span> <span class='ocrx_word' id='word_1_322' title='bbox 977 3698 1110 3747; x_wconf 89' lang='lat' dir='ltr'>illud</span> <span class='ocrx_word' id='word_1_323' title='bbox 1145 3699 1406 3748; x_wconf 89' lang='lat' dir='ltr'>incertum</span> <span class='ocrx_word' id='word_1_324' title='bbox 1445 3704 1552 3760; x_wconf 88' lang='lat' dir='ltr'>est,</span> <span class='ocrx_word' id='word_1_325' title='bbox 1615 3699 1853 3764; x_wconf 85' lang='lat' dir='ltr'>loquitur</span> <span class='ocrx_word' id='word_1_326' title='bbox 1896 3700 2051 3763; x_wconf 82' lang='lat' dir='ltr'>quasi</span> <span class='ocrx_word' id='word_1_327' title='bbox 2098 3698 2165 3747; x_wconf 87' lang='lat' dir='ltr'>de</span> <span class='ocrx_word' id='word_1_328' title='bbox 2202 3714 2259 3747; x_wconf 87' lang='lat' dir='ltr'>re</span> <span class='ocrx_word' id='word_1_329' title='bbox 2297 3712 2437 3763; x_wconf 87' lang='lat' dir='ltr'>quae</span> <span class='ocrx_word' id='word_1_330' title='bbox 2473 3699 2604 3763; x_wconf 88' lang='lat' dir='ltr'>ipsis</span> <span class='ocrx_word' id='word_1_331' title='bbox 2655 3698 2841 3748; x_wconf 85' lang='lat' dir='ltr'>adhue</span> <span class='ocrx_word' id='word_1_332' title='bbox 2890 3700 3063 3748; x_wconf 72' lang='lat' dir='ltr'>viven-</span> 
     </span>
     <span class='ocr_line' id='line_1_33' title="bbox 567 3782 3061 3851; baseline -0 -17"><span class='ocrx_word' id='word_1_333' title='bbox 567 3785 709 3835; x_wconf 85' lang='lat' dir='ltr'>tibus</span> <span class='ocrx_word' id='word_1_334' title='bbox 745 3784 974 3835; x_wconf 82' lang='lat' dir='ltr'>fortasse</span> <span class='ocrx_word' id='word_1_335' title='bbox 1011 3786 1250 3847; x_wconf 80' lang='lat' dir='ltr'>eveniat,</span> <span class='ocrx_word' id='word_1_336' title='bbox 1309 3790 1371 3834; x_wconf 89' lang='lat' dir='ltr'>ut</span> <span class='ocrx_word' id='word_1_337' title='bbox 1407 3800 1499 3835; x_wconf 89' lang='lat' dir='ltr'>eos</span> <span class='ocrx_word' id='word_1_338' title='bbox 1539 3799 1829 3850; x_wconf 86' lang='lat' dir='ltr'>suspensos</span> <span class='ocrx_word' id='word_1_339' title='bbox 1866 3789 2063 3834; x_wconf 88' lang='lat' dir='ltr'>teneat.</span> <span class='ocrx_word' id='word_1_340' title='bbox 2122 3785 2208 3834; x_wconf 84' lang='lat' dir='ltr'>Ex</span> <span class='ocrx_word' id='word_1_341' title='bbox 2244 3784 2346 3834; x_wconf 91' lang='lat' dir='ltr'>hoc</span> <span class='ocrx_word' id='word_1_342' title='bbox 2382 3790 2559 3835; x_wconf 85' lang='lat' dir='ltr'>autem</span> <span class='ocrx_word' id='word_1_343' title='bbox 2596 3782 2761 3835; x_wconf 88' lang='lat' dir='ltr'>modo</span> <span class='ocrx_word' id='word_1_344' title='bbox 2812 3785 3061 3851; x_wconf 74' lang='lat' dir='ltr'>loquendi</span> 
     </span>
     <span class='ocr_line' id='line_1_34' title="bbox 563 3870 3061 3937; baseline 0 -17"><span class='ocrx_word' id='word_1_345' title='bbox 563 3873 736 3921; x_wconf 86' lang='lat' dir='ltr'>visum</span> <span class='ocrx_word' id='word_1_346' title='bbox 771 3870 1158 3921; x_wconf 83' lang='lat' dir='ltr'>est&#39;nonnullis</span> <span class='ocrx_word' id='word_1_347' title='bbox 1214 3873 1366 3933; x_wconf 84' lang='lat' dir='ltr'>viris,</span> <span class='ocrx_word' id='word_1_348' title='bbox 1419 3871 1737 3936; x_wconf 86' lang='lat' dir='ltr'>Apostolum</span> <span class='ocrx_word' id='word_1_349' title='bbox 1782 3886 2005 3937; x_wconf 84' lang='lat' dir='ltr'>arguere</span> <span class='ocrx_word' id='word_1_350' title='bbox 2052 3886 2309 3922; x_wconf 83' lang='lat' dir='ltr'>erroneae</span> <span class='ocrx_word' id='word_1_351' title='bbox 2357 3872 2652 3937; x_wconf 85' lang='lat' dir='ltr'>opinionis:</span> <span class='ocrx_word' id='word_1_352' title='bbox 2708 3872 3061 3923; x_wconf 84' lang='lat' dir='ltr'>solennem</span> 
     </span>
     <span class='ocr_line' id='line_1_35' title="bbox 565 3956 3059 4027; baseline -0 -20"><span class='ocrx_word' id='word_1_353' title='bbox 565 3958 818 4007; x_wconf 85' lang='lat' dir='ltr'>Christi</span> <span class='ocrx_word' id='word_1_354' title='bbox 857 3958 934 4007; x_wconf 90' lang='lat' dir='ltr'>ad</span> <span class='ocrx_word' id='word_1_355' title='bbox 971 3956 1403 4007; x_wconf 82' lang='lat' dir='ltr'>iudicandum</span> <span class='ocrx_word' id='word_1_356' title='bbox 1443 3958 1801 4007; x_wconf 77' lang='lat' dir='ltr'>adventum</span> <span class='ocrx_word' id='word_1_357' title='bbox 1838 3963 2250 4021; x_wconf 83' lang='lat' dir='ltr'>eventurum,</span> <span class='ocrx_word' id='word_1_358' title='bbox 2299 3974 2439 4007; x_wconf 91' lang='lat' dir='ltr'>cum</span> <span class='ocrx_word' id='word_1_359' title='bbox 2476 3958 2699 4007; x_wconf 82' lang='lat' dir='ltr'>adhuc</span> <span class='ocrx_word' id='word_1_360' title='bbox 2752 3958 2973 4027; x_wconf 81' lang='grc' dir='ltr'><strong>,,ἡμεῖς</strong></span> <span class='ocrx_word' id='word_1_361' title='bbox 3008 3958 3059 4007; x_wconf 78' lang='grc' dir='ltr'>οἱ</span> 
     </span>
     <span class='ocr_line' id='line_1_36' title="bbox 561 4043 3061 4113; baseline 0.001 -20"><span class='ocrx_word' id='word_1_362' title='bbox 561 4044 838 4104; x_wconf 81' lang='grc' dir='ltr'>ζῶντες.“</span> <span class='ocrx_word' id='word_1_363' title='bbox 876 4046 918 4094; x_wconf 91' lang='grc' dir='ltr'>Ι.</span> <span class='ocrx_word' id='word_1_364' title='bbox 945 4048 994 4105; x_wconf 88' lang='grc'>4,</span> <span class='ocrx_word' id='word_1_365' title='bbox 1025 4046 1105 4095; x_wconf 84' lang='grc'>15.</span> <span class='ocrx_word' id='word_1_366' title='bbox 1163 4045 1356 4110; x_wconf 84' lang='lat' dir='ltr'>Negari</span> <span class='ocrx_word' id='word_1_367' title='bbox 1393 4046 1577 4109; x_wconf 88' lang='lat' dir='ltr'>nequit</span> <span class='ocrx_word' id='word_1_368' title='bbox 1611 4043 1779 4094; x_wconf 81' lang='lat' dir='ltr'>videri</span> <span class='ocrx_word' id='word_1_369' title='bbox 1816 4061 1973 4110; x_wconf 89' lang='lat' dir='ltr'>posse</span> <span class='ocrx_word' id='word_1_370' title='bbox 2012 4062 2051 4095; x_wconf 89' lang='lat' dir='ltr'>s.</span> <span class='ocrx_word' id='word_1_371' title='bbox 2088 4044 2316 4094; x_wconf 86' lang='lat' dir='ltr'>Paulum</span> <span class='ocrx_word' id='word_1_372' title='bbox 2348 4046 2399 4109; x_wconf 83' lang='lat'>4,</span> <span class='ocrx_word' id='word_1_373' title='bbox 2438 4048 2519 4095; x_wconf 84' lang='lat'>15.</span> <span class='ocrx_word' id='word_1_374' title='bbox 2558 4047 2639 4094; x_wconf 80' lang='lat'>17.</span> <span class='ocrx_word' id='word_1_375' title='bbox 2676 4052 2859 4096; x_wconf 84' lang='lat' dir='ltr'>semet</span> <span class='ocrx_word' id='word_1_376' title='bbox 2895 4048 3061 4113; x_wconf 80' lang='lat' dir='ltr'>ipsum</span> 
     </span>
     <span class='ocr_line' id='line_1_37' title="bbox 563 4130 3063 4196; baseline 0.001 -15"><span class='ocrx_word' id='word_1_377' title='bbox 563 4132 703 4181; x_wconf 88' lang='lat' dir='ltr'>inter</span> <span class='ocrx_word' id='word_1_378' title='bbox 727 4146 819 4180; x_wconf 90' lang='lat' dir='ltr'>eos</span> <span class='ocrx_word' id='word_1_379' title='bbox 851 4146 1177 4191; x_wconf 85' lang='lat' dir='ltr'>numerasse,</span> <span class='ocrx_word' id='word_1_380' title='bbox 1205 4132 1295 4196; x_wconf 91' lang='lat' dir='ltr'>qui</span> <span class='ocrx_word' id='word_1_381' title='bbox 1323 4133 1634 4196; x_wconf 84' lang='lat' dir='ltr'>superstites</span> <span class='ocrx_word' id='word_1_382' title='bbox 1664 4136 1844 4182; x_wconf 85' lang='lat' dir='ltr'>essent</span> <span class='ocrx_word' id='word_1_383' title='bbox 1872 4132 1941 4181; x_wconf 89' lang='lat' dir='ltr'>ad</span> <span class='ocrx_word' id='word_1_384' title='bbox 1972 4130 2195 4181; x_wconf 85' lang='lat' dir='ltr'>reditum</span> <span class='ocrx_word' id='word_1_385' title='bbox 2224 4131 2373 4181; x_wconf 89' lang='lat' dir='ltr'>illum</span> <span class='ocrx_word' id='word_1_386' title='bbox 2402 4132 2635 4182; x_wconf 86' lang='lat' dir='ltr'>Domini.</span> <span class='ocrx_word' id='word_1_387' title='bbox 2680 4132 3063 4183; x_wconf 80' lang='lat' dir='ltr'>Verumtamen</span> 
     </span>
     <span class='ocr_line' id='line_1_38' title="bbox 563 4215 3063 4287; baseline 0 -20"><span class='ocrx_word' id='word_1_388' title='bbox 563 4217 744 4268; x_wconf 88' lang='lat' dir='ltr'>multis</span> <span class='ocrx_word' id='word_1_389' title='bbox 781 4219 1106 4283; x_wconf 82' lang='lat' dir='ltr'>argumentis</span> <span class='ocrx_word' id='word_1_390' title='bbox 1142 4216 1373 4282; x_wconf 89' lang='lat' dir='ltr'>probare</span> <span class='ocrx_word' id='word_1_391' title='bbox 1410 4218 1549 4279; x_wconf 84' lang='lat' dir='ltr'>licet,</span> <span class='ocrx_word' id='word_1_392' title='bbox 1586 4217 1901 4283; x_wconf 83' lang='lat' dir='ltr'>Apostolum</span> <span class='ocrx_word' id='word_1_393' title='bbox 1938 4234 2045 4268; x_wconf 92' lang='lat' dir='ltr'>non</span> <span class='ocrx_word' id='word_1_394' title='bbox 2084 4220 2415 4269; x_wconf 86' lang='lat' dir='ltr'>existimasse</span> <span class='ocrx_word' id='word_1_395' title='bbox 2465 4232 2523 4267; x_wconf 86' lang='lat' dir='ltr'>se</span> <span class='ocrx_word' id='word_1_396' title='bbox 2561 4215 2646 4279; x_wconf 81' lang='grc' dir='ltr'><strong>,,ἔν</strong></span> <span class='ocrx_word' id='word_1_397' title='bbox 2682 4220 2745 4287; x_wconf 79' lang='grc' dir='ltr'>τῇ</span> <span class='ocrx_word' id='word_1_398' title='bbox 2782 4218 3063 4287; x_wconf 56' lang='grc' dir='ltr'>νταριιικιίςι*ὂ</span> 
     </span>
     <span class='ocr_line' id='line_1_39' title="bbox 567 4304 3060 4372; baseline 0.001 -19"><span class='ocrx_word' id='word_1_399' title='bbox 567 4304 762 4354; x_wconf 85' lang='lat' dir='ltr'>Christi</span> <span class='ocrx_word' id='word_1_400' title='bbox 800 4304 976 4354; x_wconf 86' lang='lat' dir='ltr'>adhuc</span> <span class='ocrx_word' id='word_1_401' title='bbox 1011 4306 1064 4353; x_wconf 88' lang='lat' dir='ltr'>in</span> <span class='ocrx_word' id='word_1_402' title='bbox 1101 4305 1238 4352; x_wconf 80' lang='lat' dir='ltr'>vivis</span> <span class='ocrx_word' id='word_1_403' title='bbox 1273 4305 1402 4353; x_wconf 86' lang='lat' dir='ltr'>fore.</span> <span class='ocrx_word' id='word_1_404' title='bbox 1465 4306 1538 4353; x_wconf 87' lang='lat' dir='ltr'>Et</span> <span class='ocrx_word' id='word_1_405' title='bbox 1573 4305 1785 4369; x_wconf 88' lang='lat' dir='ltr'>quidem</span> <span class='ocrx_word' id='word_1_406' title='bbox 1822 4318 1870 4354; x_wconf 94' lang='lat' dir='ltr'>a.</span> <span class='ocrx_word' id='word_1_407' title='bbox 1910 4320 1975 4355; x_wconf 83' lang='lat' dir='ltr'>ex</span> <span class='ocrx_word' id='word_1_408' title='bbox 2011 4305 2113 4354; x_wconf 89' lang='lat' dir='ltr'>hae</span> <span class='ocrx_word' id='word_1_409' title='bbox 2146 4306 2270 4370; x_wconf 88' lang='lat' dir='ltr'>ipsa</span> <span class='ocrx_word' id='word_1_410' title='bbox 2304 4304 2347 4354; x_wconf 93' lang='lat'>1.</span> <span class='ocrx_word' id='word_1_411' title='bbox 2382 4304 2569 4355; x_wconf 85' lang='lat' dir='ltr'>Thess.</span> <span class='ocrx_word' id='word_1_412' title='bbox 2607 4306 2768 4370; x_wconf 73' lang='lat' dir='ltr'>epist.</span> <span class='ocrx_word' id='word_1_413' title='bbox 2806 4307 3060 4372; x_wconf 77' lang='lat' dir='ltr'>colligere</span> 
     </span>
     <span class='ocr_line' id='line_1_40' title="bbox 565 4387 3062 4457; baseline 0.001 -17"><span class='ocrx_word' id='word_1_414' title='bbox 565 4404 845 4456; x_wconf 88' lang='lat' dir='ltr'>possumus</span> <span class='ocrx_word' id='word_1_415' title='bbox 873 4391 921 4440; x_wconf 87' lang='lat' dir='ltr'>d.</span> <span class='ocrx_word' id='word_1_416' title='bbox 943 4390 1170 4441; x_wconf 87' lang='lat' dir='ltr'>Paulum</span> <span class='ocrx_word' id='word_1_417' title='bbox 1195 4387 1462 4457; x_wconf 82' lang='grc' dir='ltr'><strong>παρουσίας</strong></span> <span class='ocrx_word' id='word_1_418' title='bbox 1489 4390 1683 4440; x_wconf 77' lang='lat' dir='ltr'>Christi</span> <span class='ocrx_word' id='word_1_419' title='bbox 1708 4397 1919 4456; x_wconf 87' lang='lat' dir='ltr'>tempus</span> <span class='ocrx_word' id='word_1_420' title='bbox 1943 4392 2155 4440; x_wconf 88' lang='lat' dir='ltr'>minime</span> <span class='ocrx_word' id='word_1_421' title='bbox 2180 4392 2415 4441; x_wconf 84' lang='lat' dir='ltr'>omnium</span> <span class='ocrx_word' id='word_1_422' title='bbox 2442 4391 2731 4442; x_wconf 81' lang='lat' dir='ltr'>definiisse.</span> <span class='ocrx_word' id='word_1_423' title='bbox 2772 4393 3062 4443; x_wconf 68' lang='lat' dir='ltr'>Enimvero</span> 
     </span>
     <span class='ocr_line' id='line_1_41' title="bbox 563 4473 3063 4547; baseline 0.001 -22"><span class='ocrx_word' id='word_1_424' title='bbox 563 4480 610 4539; x_wconf 81' lang='grc' dir='ltr'>ὃ,</span> <span class='ocrx_word' id='word_1_425' title='bbox 653 4480 697 4526; x_wconf 92' lang='grc'>1.</span> <span class='ocrx_word' id='word_1_426' title='bbox 737 4484 898 4542; x_wconf 86' lang='lat' dir='ltr'>negat</span> <span class='ocrx_word' id='word_1_427' title='bbox 931 4476 1288 4526; x_wconf 85' lang='lat' dir='ltr'>indicaturum</span> <span class='ocrx_word' id='word_1_428' title='bbox 1327 4491 1384 4526; x_wconf 90' lang='lat' dir='ltr'>se</span> <span class='ocrx_word' id='word_1_429' title='bbox 1422 4482 1528 4526; x_wconf 87' lang='lat' dir='ltr'>tam</span> <span class='ocrx_word' id='word_1_430' title='bbox 1559 4473 1774 4547; x_wconf 78' lang='grc' dir='ltr'>’χρόνους</span> <span class='ocrx_word' id='word_1_431' title='bbox 1812 4492 1972 4543; x_wconf 83' lang='lat' dir='ltr'>quam</span> <span class='ocrx_word' id='word_1_432' title='bbox 2008 4474 2220 4544; x_wconf 74' lang='grc' dir='ltr'><strong>καιρούς,</strong></span> <span class='ocrx_word' id='word_1_433' title='bbox 2270 4477 2325 4527; x_wconf 89' lang='lat' dir='ltr'>id</span> <span class='ocrx_word' id='word_1_434' title='bbox 2363 4478 2507 4543; x_wconf 86' lang='lat' dir='ltr'>quod</span> <span class='ocrx_word' id='word_1_435' title='bbox 2544 4478 3063 4529; x_wconf 77' lang='lat' dir='ltr'>Thessalonicenses</span> 
     </span>
     <span class='ocr_line' id='line_1_42' title="bbox 561 4562 3061 4631; baseline 0.002 -20"><span class='ocrx_word' id='word_1_436' title='bbox 561 4562 747 4627; x_wconf 87' lang='lat' dir='ltr'>procul</span> <span class='ocrx_word' id='word_1_437' title='bbox 787 4563 949 4612; x_wconf 85' lang='lat' dir='ltr'>dubio</span> <span class='ocrx_word' id='word_1_438' title='bbox 977 4578 1095 4612; x_wconf 89' lang='lat' dir='ltr'>eum</span> <span class='ocrx_word' id='word_1_439' title='bbox 1130 4564 1606 4628; x_wconf 80' lang='lat' dir='ltr'>interrogaverant.</span> <span class='ocrx_word' id='word_1_440' title='bbox 1662 4564 1791 4613; x_wconf 86' lang='lat' dir='ltr'>Rem</span> <span class='ocrx_word' id='word_1_441' title='bbox 1818 4566 1895 4613; x_wconf 87' lang='lat' dir='ltr'>ita</span> <span class='ocrx_word' id='word_1_442' title='bbox 1918 4580 2035 4615; x_wconf 88' lang='lat' dir='ltr'>esse</span> <span class='ocrx_word' id='word_1_443' title='bbox 2074 4565 2286 4631; x_wconf 80' lang='lat' dir='ltr'>egregie</span> <span class='ocrx_word' id='word_1_444' title='bbox 2324 4564 2671 4615; x_wconf 83' lang='lat' dir='ltr'>confirmatur</span> <span class='ocrx_word' id='word_1_445' title='bbox 2695 4566 2747 4615; x_wconf 91' lang='lat' dir='ltr'>b.</span> <span class='ocrx_word' id='word_1_446' title='bbox 2774 4566 2846 4616; x_wconf 90' lang='lat'>11.</span> <span class='ocrx_word' id='word_1_447' title='bbox 2874 4568 3061 4617; x_wconf 83' lang='lat' dir='ltr'>Thess.</span> 
     </span>
     <span class='ocr_line' id='line_1_43' title="bbox 564 4648 3065 4714; baseline 0.002 -17"><span class='ocrx_word' id='word_1_448' title='bbox 564 4664 647 4712; x_wconf 89' lang='lat' dir='ltr'>ep.</span> <span class='ocrx_word' id='word_1_449' title='bbox 688 4648 781 4696; x_wconf 90' lang='lat' dir='ltr'>ubi</span> <span class='ocrx_word' id='word_1_450' title='bbox 817 4650 865 4710; x_wconf 77' lang='lat'>2,</span> <span class='ocrx_word' id='word_1_451' title='bbox 895 4651 941 4698; x_wconf 92' lang='lat'>1.</span> <span class='ocrx_word' id='word_1_452' title='bbox 979 4650 1198 4714; x_wconf 83' lang='lat' dir='ltr'>corrigit</span> <span class='ocrx_word' id='word_1_453' title='bbox 1233 4666 1464 4700; x_wconf 88' lang='lat' dir='ltr'>errorem</span> <span class='ocrx_word' id='word_1_454' title='bbox 1499 4666 1564 4700; x_wconf 88' lang='lat' dir='ltr'>ex</span> <span class='ocrx_word' id='word_1_455' title='bbox 1601 4652 1644 4700; x_wconf 92' lang='grc' dir='ltr'>Ι.</span> <span class='ocrx_word' id='word_1_456' title='bbox 1678 4654 1727 4711; x_wconf 81' lang='lat'>4,</span> <span class='ocrx_word' id='word_1_457' title='bbox 1767 4654 1849 4702; x_wconf 84' lang='lat'>15.</span> <span class='ocrx_word' id='word_1_458' title='bbox 1886 4668 1928 4702; x_wconf 87' lang='lat' dir='ltr'>s.</span> <span class='ocrx_word' id='word_1_459' title='bbox 1964 4651 2103 4702; x_wconf 89' lang='lat' dir='ltr'>male</span> <span class='ocrx_word' id='word_1_460' title='bbox 2140 4651 2433 4703; x_wconf 78' lang='lat' dir='ltr'>intellecto.</span> <span class='ocrx_word' id='word_1_461' title='bbox 2471 4652 2700 4703; x_wconf 83' lang='lat' dir='ltr'>Adiurat</span> <span class='ocrx_word' id='word_1_462' title='bbox 2738 4668 2835 4704; x_wconf 88' lang='lat' dir='ltr'>eos</span> <span class='ocrx_word' id='word_1_463' title='bbox 2870 4670 2945 4703; x_wconf 82' lang='lat' dir='ltr'>ne</span> <span class='ocrx_word' id='word_1_464' title='bbox 2982 4656 3065 4703; x_wconf 78' lang='lat' dir='ltr'>die</span> 
     </span>
    </p>
   </div>
   <div class='ocr_carea' id='block_1_4' title="bbox 3237 4 3242 831">
    <p class='ocr_par' dir='ltr' id='par_1_4' title="bbox 3237 4 3242 831">
     <span class='ocr_line' id='line_1_44' title="bbox 3237 4 3242 831; baseline 0 0"><span class='ocrx_word' id='word_1_465' title='bbox 3237 4 3242 831; x_wconf 95' lang='lat' dir='ltr'> </span> 
     </span>
    </p>
   </div>
   <div class='ocr_carea' id='block_1_5' title="bbox 3236 3052 3244 4100">
    <p class='ocr_par' dir='ltr' id='par_1_5' title="bbox 3236 3052 3244 4100">
     <span class='ocr_line' id='line_1_45' title="bbox 3236 3052 3244 4100; baseline 0 0"><span class='ocrx_word' id='word_1_466' title='bbox 3236 3052 3244 4100; x_wconf 95' lang='lat' dir='ltr'> </span> 
     </span>
    </p>
   </div>
   <div class='ocr_carea' id='block_1_6' title="bbox 3234 3052 3246 5027">
    <p class='ocr_par' dir='ltr' id='par_1_6' title="bbox 3234 3052 3246 5027">
     <span class='ocr_line' id='line_1_46' title="bbox 3234 3052 3246 5027; baseline 0 0"><span class='ocrx_word' id='word_1_467' title='bbox 3234 3052 3246 5027; x_wconf 95' lang='lat' dir='ltr'> </span> 
     </span>
    </p>
   </div>
  </div>
 </body>
</html>
