3267 5259
986 444 1179 497 Epistola
1208 446 1433 489 Catholica
1460 444 1507 487 Β.
1536 447 1676 488 «Iudae
1704 444 1912 498 Apostoli.
2554 436 2684 500 495

210 615 597 702 voluptates,
645 620 709 683 in
754 618 853 683 his
898 642 968 684 se
1013 631 1249 705 gerunt
1302 620 1732 706 perditissime
1757 625 1792 684 ¹.
1857 620 2044 700 Quae
2101 622 2318 685 omnia
2361 624 2682 686 accuratis

206 730 597 815 imaginibus
646 731 1021 798 describens
1070 732 1423 820 Apostolus
1443 736 1487 817 2,
1551 734 1906 820 interponit
1967 732 2129 799 Eno
2149 734 2239 799 ch
2262 736 2287 777 3
2339 735 2458 799 viri
2521 736 2681 799 anti-

209 843 497 928 quissimi
542 854 609 909 et
652 847 1100 929 sanctissimi4,
1161 847 1630 912 vaticinium
1688 847 1778 912 de
1834 846 2147 912 Christo
2193 846 2494 911 iudice:
2554 869 2683 933 qua

206 956 544 1021 maiestate
606 968 672 1022 et
731 958 1100 1045 frequentia
1158 961 1431 1046 stipatus
1486 960 1814 1043 adveniet,
1875 959 1955 1024 de
2015 960 2248 1047 quibus
2302 960 2682 1046 praesertim

206 1069 509 1155 inquiret,
544 1080 610 1135 et
656 1094 851 1158 quam
882 1072 1197 1138 adversus
1243 1074 1473 1159 impios
1504 1075 1893 1140 sententiam
1925 1073 2216 1160 proferet
2237 1077 2278 1137 ⁵.
2326 1073 2416 1137 Ut
2447 1072 2682 1137 clarius

208 1192 643 1267 cognoscatur
688 1186 799 1271 qui
844 1187 969 1250 sint
1013 1186 1311 1251 homines
1354 1186 1445 1251 illi
1488 1186 1640 1251 olim
1685 1184 2034 1271 iudicandi,
2084 1196 2150 1251 et
2193 1209 2369 1251 nunc
2415 1184 2497 1249 ab
2547 1208 2680 1250 om—

204 1294 395 1361 nibus
439 1298 701 1381 penitus
757 1298 1040 1363 evitandi
1062 1303 1106 1382 ⁶,
1159 1298 1329 1363 redit
1383 1322 1430 1363 s.
1477 1298 1689 1365 Judas
1745 1298 1830 1363 ad
1885 1302 2312 1386 interruptam
2366 1300 2682 1384 tantisper

203 1410 659 1475 recensionem
698 1420 1019 1495 notarum,
1068 1411 1303 1498 quibus
1332 1412 1551 1477 salutis
1584 1411 1950 1500 proditores
1981 1411 2380 1499 deprehendi
2415 1410 2677 1476 debent.

206 1519 509 1607 Eleganti
542 1525 937 1611 apostrophe
960 1528 983 1568 ⁷
1029 1528 1271 1590 excitat
1302 1527 1443 1611 pios
1472 1525 1723 1608 fideleS,
1755 1534 1826 1589 ut
1855 1525 2198 1590 haereticis
2237 1524 2429 1609 longe
2460 1524 2680 1589 valere

414 1868 453 1933 ¹)
492 1867 773 1917 Imitantur
809 1867 1041 1934 pessima
1076 1868 1317 1935 exempla
1356 1868 1519 1931 Cain,
1553 1868 1774 1917 Balaam
1823 1874 1878 1917 et
1925 1869 2076 1931 Core,
2116 1868 2428 1934 quibuscum
2477 1883 2682 1918 merces

202 1955 497 2005 communis
534 1953 655 2004 illos
690 1955 743 2003 in
778 1953 881 2003 fine
906 1961 1099 2004 manet.
1165 1954 1207 2019 ²)
1247 1956 1308 2005 V.
1346 1958 1535 2005 9-13.
1596 1956 1638 2020 ³)
1678 1955 1738 2004 V.
1769 1956 1848 2004 14.
1865 1960 1930 2009 et
1955 1955 2035 2004 16.
2098 1954 2138 2019 ⁴)
2176 1956 2384 2019 Quique
2421 1958 2678 2005 venturus

202 2040 437 2090 creditur
490 2044 613 2090 ante
667 2047 959 2091 extremum
1011 2041 1261 2092 iudicium
1316 2043 1377 2092 V.
1420 2042 1489 2091 H.
1530 2042 1592 2091 R.
1636 2042 1704 2091 D.
1751 2042 1812 2091 V.
1855 2042 1918 2091 Τ.
1966 2059 2016 2108 p.
2061 2044 2145 2091 23.
2188 2056 2229 2091 s.
2304 2042 2344 2106 ⁵)
2401 2043 2500 2095 Sed
2552 2043 2684 2095 unde

196 2128 509 2198 prophetiam
548 2129 744 2181 Enochi
777 2130 823 2180 d.
852 2129 1017 2181 Judas
1051 2131 1271 2199 accepit!
1321 2130 1521 2193 Magna
1556 2133 1639 2178 est
1673 2128 1774 2177 hac
1811 2128 1876 2178 de
1913 2144 1970 2177 re
2007 2129 2388 2178 sententiarum
2425 2129 2681 2179 varietas.

200 2216 525 2280 Interpretes
575 2216 667 2280 qui
702 2214 842 2265 hanc
880 2214 1182 2281 epistolam,
1238 2231 1343 2265 non
1400 2216 1567 2266 solum
1616 2217 1670 2265 in
1723 2214 2106 2265 dubitationem
2159 2220 2442 2279 vocarunt,
2499 2215 2592 2265 sed
2631 2220 2685 2265 et

202 2302 361 2367 plane
398 2306 751 2367 negaverunt,
802 2303 871 2351 ab
909 2302 1212 2368 apocrypho
1250 2307 1305 2352 et
1337 2303 1572 2352 incertae
1610 2302 1940 2368 probationis
1975 2302 2112 2351 libro
2151 2306 2422 2352 mutuasse
2465 2308 2682 2351 conten-

204 2388 351 2438 dunt.
400 2389 779 2438 Circumlatum
814 2388 937 2438 olim
964 2404 1080 2439 esse
1115 2390 1364 2439 volumen
1392 2389 1661 2455 quoddam
1697 2390 1797 2439 sub
1835 2390 2092 2439 nomine
2115 2389 2398 2452 Enochi,
2437 2388 2682 2439 dubitare

204 2490 301 2525 nos
338 2492 449 2525 non
484 2477 613 2526 sinit
645 2476 1025 2539 Tertullianus,
1071 2477 1135 2526 de
1179 2476 1484 2527 idololatria
1508 2494 1557 2526 n.
1596 2480 1646 2526 4.
1685 2494 1734 2543 p.
1762 2479 1845 2526 33.
1884 2475 1950 2526 de
1989 2477 2136 2527 cultu
2180 2477 2488 2527 feminarum
2528 2475 2570 2537 1,
2600 2478 2680 2525 13.

202 2580 251 2629 p.
292 2564 380 2613 81.
428 2564 627 2629 aliique
683 2566 991 2630 scriptores,
1048 2565 1139 2630 qui
1193 2564 1401 2614 Enochi
1458 2565 1775 2615 auctoritate
1829 2565 1904 2614 uti
1960 2580 2066 2614 non
2117 2564 2456 2614 verebantur.
2511 2562 2590 2613 cf.
2629 2562 2680 2612 J.

202 2649 479 2711 Boulduc,
518 2650 585 2699 de
627 2651 877 2701 Ecclesia
924 2656 1047 2701 ante
1090 2653 1304 2717 Legem.
1350 2652 1520 2717 Lugd.
1569 2654 1719 2701 1626.
1777 2668 1827 2717 p.
1873 2654 1989 2701 126.
2031 2667 2073 2701 s.
2137 2651 2198 2701 A.
2237 2650 2536 2713 Dillmann,
2587 2649 2682 2699 das

206 2736 357 2786 Buch
394 2736 621 2786 Henoch
651 2738 830 2788 iibers.
870 2754 919 2787 u.
956 2738 1087 2788 erkl.
1126 2740 1309 2804 Leipz.
1349 2740 1497 2788 1853.
1531 2740 1653 2787 intr.
1681 2755 1731 2803 p.
1758 2741 1842 2788 56.
1867 2756 1909 2788 s.
1947 2739 2155 2804 Rampf,
2194 2738 2288 2787 der
2323 2738 2476 2787 Brief
2505 2736 2684 2787 Judae

203 2823 294 2874 des
338 2824 439 2889 Ap.
482 2840 535 2874 u.
578 2824 742 2874 Brud.
784 2824 836 2874 d.
878 2826 947 2874 Η.
992 2824 1173 2875 Sulzb.
1222 2826 1371 2875 1854.
1424 2843 1474 2892 p.
1521 2826 1640 2875 277.
1691 2842 1731 2875 s.
1801 2826 2122 2891 Fragmenta
2165 2840 2198 2876 a
2237 2826 2400 2875 variis
2437 2842 2479 2875 s.
2525 2825 2584 2873 P.
2630 2829 2684 2874 et

202 2912 254 2961 S,
305 2928 351 2961 e.
390 2910 627 2976 allegata
662 2910 1019 2977 collegerunt:
1059 2912 1253 2974 Grabe,
1294 2911 1555 2977 Specileg.
1592 2912 1652 2961 P.
1687 2913 1747 2962 P.
1781 2912 1822 2973 Ι,
1865 2915 1982 2962 345.
2021 2912 2316 2974 Fabricius,
2357 2912 2488 2962 Cod.
2527 2926 2680 2977 pseu-

203 2998 407 3065 depigr.
443 2998 505 3047 V.
534 2998 595 3047 T.
632 2998 673 3059 1,
712 3000 826 3047 160.
864 3014 905 3047 s.
944 2998 1009 3048 G.
1048 2998 1311 3061 Whiston,
1353 2998 1652 3048 collection
1687 2999 1747 3047 of
1777 2999 1864 3048 the
1903 2998 2210 3049 authentick
2249 2998 2463 3049 recorda
2500 2999 2559 3049 of
2590 2999 2680 3049 the

203 3084 305 3135 Old
332 3084 658 3135 Testament.
704 3102 754 3150 p.
792 3088 909 3135 260.
955 3102 997 3137 s.
1038 3084 1249 3135 Deinde
1284 3102 1413 3135 vero
1446 3086 1651 3150 integer
1687 3086 1900 3151 quidam
1934 3086 2069 3135 liber
2111 3086 2298 3137 Enoch
2343 3086 2684 3152 apocryphus

201 3176 443 3237 repertus
478 3187 513 3221 a
554 3171 605 3221 J.
632 3172 805 3222 Bruce
844 3174 993 3222 1773.
1033 3173 1311 3238 editusque
1350 3177 1431 3223 est
1464 3188 1499 3222 a
1533 3173 1597 3222 R.
1635 3173 1930 3234 Laurence‚
1969 3173 2056 3223 the
2095 3172 2237 3223 book
2276 3174 2336 3223 of
2367 3172 2556 3223 Enoch
2593 3173 2682 3223 the

201 3258 445 3325 prophet.
502 3259 601 3309 Ox.
628 3276 673 3309 e.
698 3259 741 3309 1.
774 3261 922 3309 1821.
949 3276 993 3309 e.
1022 3260 1091 3310 ΙΙ.
1118 3262 1201 3309 33.
1228 3276 1273 3309 e.
1301 3259 1399 3309 111.
1426 3262 1509 3309 38.
1547 3259 1756 3325 anglice
1792 3266 1846 3309 et
1873 3260 2010 3311 aeth.
2044 3261 2550 3326 Jnterpretationem
2585 3260 2677 3309 lat.

205 3346 353 3395 dedit
390 3345 623 3397 Gsrorer.
656 3346 851 3412 Propli.
886 3352 988 3396 vet.
1028 3348 1363 3413 pseudepigr.
1403 3346 1593 3412 Stuttg.
1631 3349 1782 3398 1840.
1821 3364 1871 3413 p.
1900 3349 2016 3398 169.
2041 3364 2108 3409 s.3
2159 3348 2492 3413 germanicas
2529 3348 2590 3396 A.
2619 3346 2680 3396 G.

200 3432 506 3496 Hoffmann,
544 3433 593 3482 d.
631 3434 692 3483 Β.
728 3433 967 3483 Henoch.
1005 3433 1127 3484 Jen.
1157 3436 1305 3484 1833.
1334 3437 1381 3483 8.
1421 3438 1475 3483 et
1507 3434 1569 3483 A.
1595 3434 1883 3497 Dillmann‚
1909 3434 1943 3484 l.
1971 3452 2016 3483 e.
2070 3434 2218 3484 Idem
2243 3436 2324 3483 vir
2349 3434 2682 3485 doctissimus

202 3520 350 3586 Lips.
380 3520 531 3569 1861.
573 3520 855 3570 editionem
879 3521 1247 3586 Aethiopicam
1286 3522 1353 3571 ad
1390 3523 1621 3587 quinque
1651 3521 1906 3572 Codicum
1943 3520 2098 3571 fidem
2140 3538 2258 3571 cum
2283 3523 2444 3571 variis
2469 3522 2682 3571 lection.

200 3608 521 3673 procuravit.
561 3610 643 3657 38.
682 3626 731 3674 p.
770 3610 823 3657 in
862 3608 953 3657 IV.
991 3609 1075 3657 Ex
1110 3610 1213 3659 isto
1251 3608 1412 3671 libro,
1462 3610 1552 3673 qui
1590 3610 1734 3658 circa
1770 3609 1818 3659 d.
1861 3611 1974 3659 110.
2015 3626 2064 3674 p.
2104 3609 2162 3659 C.
2201 3637 2266 3645 —
2305 3626 2353 3658 v.
2391 3609 2678 3669 Dillmann‚

198 3694 331 3759 prol.
358 3710 411 3759 p.
436 3695 524 3743 44.
554 3696 624 3743 Η.
661 3694 865 3755 Ewald,
902 3700 953 3745 ii.
982 3694 1031 3744 d.
1070 3695 1267 3761 fithiop.
1306 3696 1366 3745 B.
1406 3692 1635 3746 Hendkh
1672 3696 1915 3746 Entsteh.
1955 3696 2085 3745 Sinn
2121 3713 2173 3746 u.
2212 3697 2591 3757 Zusammcns.,
2627 3698 2682 3745 in

199 3781 331 3831 Abh.
371 3782 421 3831 d.
462 3781 513 3831 k.
553 3780 777 3832 Gesells.
804 3782 854 3831 d.
880 3782 1040 3832 Wiss.
1079 3782 1221 3832 Gott.
1262 3784 1395 3832 1856
1430 3783 1522 3843 VI,
1551 3785 1668 3832 180.
1705 3784 1791 3831 Ei.
1826 3782 2015 3833 Gesch.
2054 3782 2250 3832 Israels
2283 3783 2375 3845 IV,
2403 3784 2521 3833 397.
2547 3798 2590 3832 s.
2613 3810 2678 3819 -

203 3868 613 3934 compilabatur,
648 3868 783 3918 futili
810 3874 863 3919 et
894 3871 1175 3935 nugatorio
1200 3884 1243 3918 s.
1268 3870 1464 3919 Judam
1488 3869 1797 3918 vaticinium
1821 3869 1922 3918 hoc
1957 3870 2318 3931 aecer-sivisse,
2344 3870 2450 3918 iam
2477 3870 2682 3919 ratione

206 3959 505 4022 temporum
528 3971 637 4005 non
672 3955 733 4005 fit
764 3957 1075 4019 verisimile3
1114 3971 1233 4005 cum
1266 3956 1506 4021 pluribus
1541 3955 1814 4006 decenniis
1839 3961 1962 4021 post
1987 3956 2148 4005 fuerit
2183 3972 2458 4021 procusus.
2514 3957 2682 4006 Porro

200 4043 255 4092 in
292 4042 427 4105 illis,
467 4057 609 4109 quae
644 4042 803 4093 hodie
853 4044 1103 4108 leguntur
1152 4043 1475 4093 editionibus
1509 4042 1678 4093 multa
1713 4040 1766 4092 S.
1806 4042 1860 4091 S.
1898 4049 1951 4092 et
1986 4057 2148 4092 sanae
2187 4044 2380 4091 rationi
2417 4044 2684 4092 contraria

200 4128 480 4181 habentur.
549 4130 738 4195 Neque
792 4130 1001 4179 demum
1050 4130 1114 4179 de
1164 4130 1387 4180 Enocho
1437 4130 1565 4179 dicit
1612 4125 1882 4197 ,,ἔγραψε“,
1928 4129 2021 4179 sed
2069 4128 2426 4197 ,,προεφήτευσε
2469 4126 2682 4197 λέγων.“

200 4216 543 4283 Prophetiam
568 4218 695 4266 viva
718 4232 850 4267 voce
887 4217 1079 4267 elatam
1107 4218 1343 4267 servavit
1366 4216 1623 4267 Traditio.
1675 4216 1728 4266 S.
1753 4216 1925 4267 ,Judas
1951 4216 2313 4267 Traditionem
2339 4216 2477 4267 hanc
2503 4221 2683 4266 notam

202 4308 253 4353 ct
289 4304 609 4365 confessam,
648 4318 806 4369 quam
844 4302 977 4353 duce
1014 4304 1338 4354 revelatione
1377 4303 1561 4354 divina
1592 4303 1740 4353 novit
1767 4318 1946 4353 veram
1985 4320 2118 4365 esse,
2158 4303 2370 4369 dignam
2408 4302 2681 4365 iudicavit,

106 4440 111 4448 ,
202 4396 260 4440 ut
293 4406 397 4441 sua
446 4390 677 4455 epistola
720 4395 1049 4441 retractaret.
1098 4392 1243 4455 Lege
1288 4396 1469 4441 tamen
1516 4406 1656 4456 quae
1701 4392 1756 4440 in
1805 4390 1944 4440 hanc
1990 4391 2306 4441 sententiam
2345 4389 2582 4455 disputat
2615 4391 2682 4440 E.

204 4478 447 4541 Arnaud,
502 4478 583 4527 les
631 4479 876 4528 citationis
925 4492 1105 4544 apocr.
1151 4477 1216 4527 de
1262 4476 1405 4528 Jude
1455 4476 1684 4527 Strassb.
1743 4478 1894 4527 1849.
1941 4477 2013 4526 Μ.
2061 4476 2124 4527 F.
2161 4476 2370 4542 Rampf,
2409 4476 2504 4526 der
2537 4476 2690 4527 Brief

202 4564 373 4615 Judae
408 4582 459 4631 p.
500 4566 620 4615 279.
646 4580 688 4615 s.
740 4564 798 4614 C.
836 4564 973 4627 Keil,
1009 4564 1138 4615 bibl.
1178 4564 1377 4614 Comm.
1416 4568 1466 4615 fl.
1505 4564 1555 4614 d.
1594 4564 1761 4614 Bueh.
1801 4563 2012 4615 Mose's.
2051 4564 2234 4631 Leipz.
2272 4566 2425 4615 1861.
2463 4564 2504 4625 Ι,
2533 4564 2615 4614 84.
2641 4578 2684 4615 s.

202 4650 247 4717 ⁶)
282 4652 345 4702 V.
388 4654 467 4701 16.
549 4648 589 4715 ⁷)
630 4652 693 4699 V.
734 4652 951 4701 17-19.
