<?xml version="1.0" encoding="UTF-8"?>
<!DOCTYPE html PUBLIC "-//W3C//DTD XHTML 1.0 Transitional//EN"
    "http://www.w3.org/TR/xhtml1/DTD/xhtml1-transitional.dtd">
<html xmlns="http://www.w3.org/1999/xhtml" xml:lang="en" lang="en">
 <head>
  <title>
</title>
<meta http-equiv="Content-Type" content="text/html;charset=utf-8" />
  <meta name='ocr-system' content='tesseract 3.04.00' />
  <meta name='ocr-capabilities' content='ocr_page ocr_carea ocr_par ocr_line ocrx_word'/>
</head>
<body>
  <div class='ocr_page' id='page_1' title='image "./historiarevelat00unkngoog_0339.png"; bbox 0 0 3267 5259; ppageno 0'>
   <div class='ocr_carea' id='block_1_1' title="bbox 1270 416 2672 479">
    <p class='ocr_par' dir='ltr' id='par_1_1' title="bbox 1270 416 2672 479">
     <span class='ocr_line' id='line_1_1' title="bbox 1270 416 2672 479; baseline 0.01 -13"><span class='ocrx_word' id='word_1_1' title='bbox 1270 426 1433 468; x_wconf 67' lang='lat' dir='ltr'>curiati</span> <span class='ocrx_word' id='word_1_2' title='bbox 1460 427 1609 467; x_wconf 69' lang='lat' dir='ltr'><strong><em>formo..</em></strong></span> <span class='ocrx_word' id='word_1_3' title='bbox 2551 416 2672 479; x_wconf 87' lang='grc'>211</span> 
     </span>
    </p>
   </div>
   <div class='ocr_carea' id='block_1_2' title="bbox 156 604 2680 889">
    <p class='ocr_par' dir='ltr' id='par_1_2' title="bbox 156 604 2680 889">
     <span class='ocr_line' id='line_1_2' title="bbox 234 604 2679 677; baseline 0.002 -21"><span class='ocrx_word' id='word_1_4' title='bbox 234 605 453 657; x_wconf 71' lang='lat' dir='ltr'>Messium</span> <span class='ocrx_word' id='word_1_5' title='bbox 484 622 597 658; x_wconf 72' lang='lat' dir='ltr'>esse</span> <span class='ocrx_word' id='word_1_6' title='bbox 620 604 919 674; x_wconf 58' lang='lat' dir='ltr'>professam</span> <span class='ocrx_word' id='word_1_7' title='bbox 948 613 1045 661; x_wconf 67' lang='lat' dir='ltr'>eet.</span> <span class='ocrx_word' id='word_1_8' title='bbox 1111 606 1265 662; x_wconf 82' lang='lat' dir='ltr'>Trai.</span> <span class='ocrx_word' id='word_1_9' title='bbox 1307 608 1383 660; x_wconf 80' lang='lat' dir='ltr'>ad</span> <span class='ocrx_word' id='word_1_10' title='bbox 1424 608 1525 662; x_wconf 66' lang='lat'><strong><em>1272.</em></strong></span> <span class='ocrx_word' id='word_1_11' title='bbox 1558 608 1736 664; x_wconf 83' lang='lat'><strong><em>1809.</em></strong></span> <span class='ocrx_word' id='word_1_12' title='bbox 1803 606 1862 663; x_wconf 82' lang='grc'>0.</span> <span class='ocrx_word' id='word_1_13' title='bbox 1897 605 1958 663; x_wconf 84' lang='lat' dir='ltr'>S.</span> <span class='ocrx_word' id='word_1_14' title='bbox 1996 606 2416 677; x_wconf 69' lang='lat' dir='ltr'>Schurtzflciach,</span> <span class='ocrx_word' id='word_1_15' title='bbox 2451 609 2516 661; x_wconf 83' lang='lat' dir='ltr'>de</span> <span class='ocrx_word' id='word_1_16' title='bbox 2545 624 2679 662; x_wconf 85' lang='lat' dir='ltr'>voce</span> 
     </span>
     <span class='ocr_line' id='line_1_3' title="bbox 156 700 2680 791; baseline 0.002 -31"><span class='ocrx_word' id='word_1_17' title='bbox 156 782 163 791; x_wconf 91' lang='lat'>.</span> <span class='ocrx_word' id='word_1_18' title='bbox 231 700 389 778; x_wconf 71' lang='grc' dir='ltr'>λέγες,</span> <span class='ocrx_word' id='word_1_19' title='bbox 416 708 469 760; x_wconf 78' lang='lat' dir='ltr'>in</span> <span class='ocrx_word' id='word_1_20' title='bbox 506 708 663 764; x_wconf 75' lang='lat' dir='ltr'>Thes.</span> <span class='ocrx_word' id='word_1_21' title='bbox 700 709 773 764; x_wconf 76' lang='lat' dir='ltr'>th.</span> <span class='ocrx_word' id='word_1_22' title='bbox 798 709 892 777; x_wconf 77' lang='lat' dir='ltr'>ph.</span> <span class='ocrx_word' id='word_1_23' title='bbox 916 728 980 777; x_wconf 84' lang='lat' dir='ltr'><strong><em>p.</em></strong></span> <span class='ocrx_word' id='word_1_24' title='bbox 1015 712 1152 765; x_wconf 81' lang='grc'><strong><em>363.</em></strong></span> <span class='ocrx_word' id='word_1_25' title='bbox 1186 729 1232 766; x_wconf 78' lang='grc' dir='ltr'>ε.</span> <span class='ocrx_word' id='word_1_26' title='bbox 1304 709 1360 766; x_wconf 88' lang='lat' dir='ltr'><strong><em>C&#39;.</em></strong></span> <span class='ocrx_word' id='word_1_27' title='bbox 1401 709 1666 781; x_wconf 76' lang='lat' dir='ltr'>Vitrinya,</span> <span class='ocrx_word' id='word_1_28' title='bbox 1707 709 1836 766; x_wconf 74' lang='lat' dir='ltr'><strong><em>Obs.</em></strong></span> <span class='ocrx_word' id='word_1_29' title='bbox 1870 728 2016 767; x_wconf 73' lang='lat' dir='ltr'>sacr.</span> <span class='ocrx_word' id='word_1_30' title='bbox 2058 710 2120 781; x_wconf 92' lang='lat' dir='ltr'>V,</span> <span class='ocrx_word' id='word_1_31' title='bbox 2143 713 2234 767; x_wconf 86' lang='lat'>10.</span> <span class='ocrx_word' id='word_1_32' title='bbox 2285 713 2350 764; x_wconf 81' lang='lat' dir='ltr'>de</span> <span class='ocrx_word' id='word_1_33' title='bbox 2396 712 2680 765; x_wconf 72' lang='lat' dir='ltr'><strong><em>occasione</em></strong></span> 
     </span>
     <span class='ocr_line' id='line_1_4' title="bbox 231 809 2676 889; baseline 0.004 -30"><span class='ocrx_word' id='word_1_34' title='bbox 231 818 271 860; x_wconf 75' lang='lat' dir='ltr'>et</span> <span class='ocrx_word' id='word_1_35' title='bbox 306 829 449 879; x_wconf 66' lang='lat' dir='ltr'>scopo</span> <span class='ocrx_word' id='word_1_36' title='bbox 496 813 731 881; x_wconf 46' lang='lat' dir='ltr'>Prole-qi</span> <span class='ocrx_word' id='word_1_37' title='bbox 776 812 979 867; x_wconf 80' lang='lat' dir='ltr'><strong><em>Joann.</em></strong></span> <span class='ocrx_word' id='word_1_38' title='bbox 1013 813 1115 882; x_wconf 83' lang='lat' dir='ltr'><strong><em>Ap.</em></strong></span> <span class='ocrx_word' id='word_1_39' title='bbox 1152 814 1224 883; x_wconf 80' lang='grc' dir='ltr'>Π,</span> <span class='ocrx_word' id='word_1_40' title='bbox 1257 816 1383 868; x_wconf 87' lang='grc'><strong><em>133.</em></strong></span> <span class='ocrx_word' id='word_1_41' title='bbox 1419 832 1462 870; x_wconf 76' lang='grc' dir='ltr'>ε.</span> <span class='ocrx_word' id='word_1_42' title='bbox 1533 814 1811 881; x_wconf 70' lang='lat' dir='ltr'>Waltheri,</span> <span class='ocrx_word' id='word_1_43' title='bbox 1857 820 2049 867; x_wconf 76' lang='lat' dir='ltr'>contra</span> <span class='ocrx_word' id='word_1_44' title='bbox 2102 813 2370 867; x_wconf 75' lang='lat' dir='ltr'>Clem‘cum</span> <span class='ocrx_word' id='word_1_45' title='bbox 2407 816 2474 868; x_wconf 82' lang='lat' dir='ltr'>dc</span> <span class='ocrx_word' id='word_1_46' title='bbox 2518 809 2676 889; x_wconf 78' lang='grc' dir='ltr'>λόγῳ</span> 
     </span>
    </p>
   </div>
   <div class='ocr_carea' id='block_1_3' title="bbox 223 913 2674 1094">
    <p class='ocr_par' dir='ltr' id='par_1_3' title="bbox 223 913 2674 1094">
     <span class='ocr_line' id='line_1_5' title="bbox 223 913 2674 992; baseline 0.002 -26"><span class='ocrx_word' id='word_1_47' title='bbox 223 913 323 981; x_wconf 71' lang='lat' dir='ltr'>filio</span> <span class='ocrx_word' id='word_1_48' title='bbox 350 915 463 967; x_wconf 78' lang='lat' dir='ltr'>Dei.</span> <span class='ocrx_word' id='word_1_49' title='bbox 526 915 901 986; x_wconf 74' lang='lat' dir='ltr'>Staryardiae</span> <span class='ocrx_word' id='word_1_50' title='bbox 929 918 1099 971; x_wconf 81' lang='lat'><strong><em>1720.</em></strong></span> <span class='ocrx_word' id='word_1_51' title='bbox 1174 917 1375 985; x_wconf 81' lang='lat' dir='ltr'>Wincr,</span> <span class='ocrx_word' id='word_1_52' title='bbox 1406 919 1473 970; x_wconf 80' lang='lat' dir='ltr'>dc</span> <span class='ocrx_word' id='word_1_53' title='bbox 1512 935 1672 971; x_wconf 75' lang='lat' dir='ltr'>sensu</span> <span class='ocrx_word' id='word_1_54' title='bbox 1707 935 1902 971; x_wconf 83' lang='lat' dir='ltr'>vocum</span> <span class='ocrx_word' id='word_1_55' title='bbox 1929 914 2110 992; x_wconf 71' lang='grc' dir='ltr'>κύριος</span> <span class='ocrx_word' id='word_1_56' title='bbox 2149 924 2200 971; x_wconf 80' lang='lat' dir='ltr'>et</span> <span class='ocrx_word' id='word_1_57' title='bbox 2234 913 2264 971; x_wconf 78' lang='grc' dir='ltr'>ὁ</span> <span class='ocrx_word' id='word_1_58' title='bbox 2302 914 2500 992; x_wconf 72' lang='grc' dir='ltr'><strong><em>κύριος.</em></strong></span> <span class='ocrx_word' id='word_1_59' title='bbox 2553 918 2674 972; x_wconf 79' lang='lat' dir='ltr'><strong><em>Erl.</em></strong></span> 
     </span>
     <span class='ocr_line' id='line_1_6' title="bbox 232 1014 2515 1094; baseline 0.004 -26"><span class='ocrx_word' id='word_1_60' title='bbox 232 1020 369 1071; x_wconf 86' lang='grc'><strong><em>1828.</em></strong></span> <span class='ocrx_word' id='word_1_61' title='bbox 438 1018 631 1087; x_wconf 71' lang='lat' dir='ltr'>Witsii,</span> <span class='ocrx_word' id='word_1_62' title='bbox 665 1036 843 1074; x_wconf 77' lang='lat' dir='ltr'>exerc.</span> <span class='ocrx_word' id='word_1_63' title='bbox 875 1036 930 1073; x_wconf 83' lang='grc' dir='ltr'>π.</span> <span class='ocrx_word' id='word_1_64' title='bbox 960 1036 1006 1074; x_wconf 86' lang='grc' dir='ltr'>τ.</span> <span class='ocrx_word' id='word_1_65' title='bbox 1038 1014 1231 1094; x_wconf 74' lang='grc' dir='ltr'>λόγου,</span> <span class='ocrx_word' id='word_1_66' title='bbox 1262 1022 1317 1073; x_wconf 81' lang='lat' dir='ltr'>in</span> <span class='ocrx_word' id='word_1_67' title='bbox 1348 1020 1580 1076; x_wconf 74' lang='lat' dir='ltr'>Miscell.</span> <span class='ocrx_word' id='word_1_68' title='bbox 1620 1020 1680 1075; x_wconf 82' lang='lat' dir='ltr'>S.</span> <span class='ocrx_word' id='word_1_69' title='bbox 1717 1022 1798 1075; x_wconf 82' lang='lat' dir='ltr'>cd.</span> <span class='ocrx_word' id='word_1_70' title='bbox 1833 1021 2003 1076; x_wconf 84' lang='lat' dir='ltr'>Herb.</span> <span class='ocrx_word' id='word_1_71' title='bbox 2037 1023 2196 1076; x_wconf 88' lang='grc'><strong><em>1712.</em></strong></span> <span class='ocrx_word' id='word_1_72' title='bbox 2230 1022 2306 1077; x_wconf 90' lang='grc' dir='ltr'>ΙΙ.</span> <span class='ocrx_word' id='word_1_73' title='bbox 2349 1024 2440 1075; x_wconf 89' lang='grc'>88.</span> <span class='ocrx_word' id='word_1_74' title='bbox 2473 1040 2515 1076; x_wconf 82' lang='lat'>8.</span> 
     </span>
    </p>
   </div>
   <div class='ocr_carea' id='block_1_4' title="bbox 922 1220 1949 1434">
    <p class='ocr_par' dir='ltr' id='par_1_4' title="bbox 922 1220 1949 1434">
     <span class='ocr_line' id='line_1_7' title="bbox 1378 1220 1493 1284; baseline 0.009 -1"><span class='ocrx_word' id='word_1_75' title='bbox 1378 1220 1493 1284; x_wconf 90' lang='lat' dir='ltr'><strong><em>IV.</em></strong></span> 
     </span>
     <span class='ocr_line' id='line_1_8' title="bbox 922 1365 1949 1434; baseline 0 -12"><span class='ocrx_word' id='word_1_76' title='bbox 922 1366 1023 1421; x_wconf 87' lang='lat' dir='ltr'>De</span> <span class='ocrx_word' id='word_1_77' title='bbox 1070 1368 1293 1422; x_wconf 77' lang='lat' dir='ltr'>forma</span> <span class='ocrx_word' id='word_1_78' title='bbox 1337 1365 1636 1434; x_wconf 83' lang='lat' dir='ltr'>corporis</span> <span class='ocrx_word' id='word_1_79' title='bbox 1680 1366 1949 1422; x_wconf 82' lang='lat' dir='ltr'>Christi.</span> 
     </span>
    </p>
   </div>
   <div class='ocr_carea' id='block_1_5' title="bbox 214 1522 2684 3146">
    <p class='ocr_par' dir='ltr' id='par_1_5' title="bbox 214 1522 2684 3146">
     <span class='ocr_line' id='line_1_9' title="bbox 402 1522 2682 1592; baseline 0.001 -17"><span class='ocrx_word' id='word_1_80' title='bbox 402 1522 599 1586; x_wconf 58' lang='lat' dir='ltr'>Multis</span> <span class='ocrx_word' id='word_1_81' title='bbox 644 1540 780 1576; x_wconf 78' lang='lat' dir='ltr'>sane</span> <span class='ocrx_word' id='word_1_82' title='bbox 824 1522 882 1577; x_wconf 78' lang='lat' dir='ltr'>in</span> <span class='ocrx_word' id='word_1_83' title='bbox 924 1528 1211 1592; x_wconf 78' lang='lat' dir='ltr'>utramque</span> <span class='ocrx_word' id='word_1_84' title='bbox 1252 1528 1471 1592; x_wconf 79' lang='lat' dir='ltr'>partem</span> <span class='ocrx_word' id='word_1_85' title='bbox 1530 1522 1751 1592; x_wconf 64' lang='lat' dir='ltr'>scriptis</span> <span class='ocrx_word' id='word_1_86' title='bbox 1815 1523 2290 1577; x_wconf 72' lang='lat' dir='ltr'>lucubrationibus</span> <span class='ocrx_word' id='word_1_87' title='bbox 2345 1523 2682 1591; x_wconf 75' lang='lat' dir='ltr'>disputatum</span> 
     </span>
     <span class='ocr_line' id='line_1_10' title="bbox 228 1624 2680 1697; baseline 0.001 -20"><span class='ocrx_word' id='word_1_88' title='bbox 228 1632 291 1677; x_wconf 68' lang='lat' dir='ltr'>eet</span> <span class='ocrx_word' id='word_1_89' title='bbox 315 1626 642 1694; x_wconf 79' lang='lat' dir='ltr'>,deforma</span> <span class='ocrx_word' id='word_1_90' title='bbox 678 1632 740 1679; x_wconf 82' lang='lat' dir='ltr'>et</span> <span class='ocrx_word' id='word_1_91' title='bbox 768 1632 1132 1681; x_wconf 75' lang='lat' dir='ltr'>venustate</span> <span class='ocrx_word' id='word_1_92' title='bbox 1154 1625 1319 1680; x_wconf 76' lang='lat' dir='ltr'>Jesu</span> <span class='ocrx_word' id='word_1_93' title='bbox 1351 1624 1642 1680; x_wconf 64' lang='lat' dir='ltr'>Christif</span> <span class='ocrx_word' id='word_1_94' title='bbox 1683 1624 2032 1695; x_wconf 65' lang='lat' dir='ltr'>Scripseram</span> <span class='ocrx_word' id='word_1_95' title='bbox 2055 1644 2220 1695; x_wconf 70' lang='lat' dir='ltr'>super</span> <span class='ocrx_word' id='word_1_96' title='bbox 2243 1644 2338 1681; x_wconf 79' lang='lat' dir='ltr'><strong><em>ea.-</em></strong></span> <span class='ocrx_word' id='word_1_97' title='bbox 2365 1626 2432 1682; x_wconf 81' lang='lat' dir='ltr'>A.</span> <span class='ocrx_word' id='word_1_98' title='bbox 2460 1626 2680 1697; x_wconf 77' lang='lat' dir='ltr'>Galmet,</span> 
     </span>
     <span class='ocr_line' id='line_1_11' title="bbox 228 1727 2676 1801; baseline 0.002 -22"><span class='ocrx_word' id='word_1_99' title='bbox 228 1729 334 1781; x_wconf 67' lang='lat' dir='ltr'>dis-s.</span> <span class='ocrx_word' id='word_1_100' title='bbox 356 1729 623 1797; x_wconf 79' lang='lat' dir='ltr'>deforma</span> <span class='ocrx_word' id='word_1_101' title='bbox 654 1730 711 1783; x_wconf 92' lang='lat' dir='ltr'>J.</span> <span class='ocrx_word' id='word_1_102' title='bbox 744 1728 806 1787; x_wconf 84' lang='lat'>0.</span> <span class='ocrx_word' id='word_1_103' title='bbox 832 1730 1083 1801; x_wconf 64' lang='lat' dir='ltr'>eleganti,</span> <span class='ocrx_word' id='word_1_104' title='bbox 1113 1747 1209 1783; x_wconf 81' lang='lat' dir='ltr'>nec</span> <span class='ocrx_word' id='word_1_105' title='bbox 1237 1727 1347 1783; x_wconf 76' lang='lat' dir='ltr'>ne?</span> <span class='ocrx_word' id='word_1_106' title='bbox 1379 1729 1509 1785; x_wconf 77' lang='lat' dir='ltr'>diss.</span> <span class='ocrx_word' id='word_1_107' title='bbox 1535 1728 1600 1784; x_wconf 81' lang='lat' dir='ltr'>A.</span> <span class='ocrx_word' id='word_1_108' title='bbox 1640 1729 1702 1783; x_wconf 89' lang='lat' dir='ltr'>T.</span> <span class='ocrx_word' id='word_1_109' title='bbox 1731 1730 1803 1799; x_wconf 88' lang='grc' dir='ltr'>Π,</span> <span class='ocrx_word' id='word_1_110' title='bbox 1829 1732 1965 1786; x_wconf 86' lang='grc'><strong><em>267.</em></strong></span> <span class='ocrx_word' id='word_1_111' title='bbox 2026 1730 2322 1801; x_wconf 68' lang='lat' dir='ltr'>Rigaltius,</span> <span class='ocrx_word' id='word_1_112' title='bbox 2353 1731 2410 1785; x_wconf 78' lang='lat' dir='ltr'>in</span> <span class='ocrx_word' id='word_1_113' title='bbox 2449 1730 2676 1785; x_wconf 71' lang='lat' dir='ltr'>Observ.</span> 
     </span>
     <span class='ocr_line' id='line_1_12' title="bbox 229 1832 2678 1902; baseline 0.002 -19"><span class='ocrx_word' id='word_1_114' title='bbox 229 1833 291 1883; x_wconf 79' lang='lat' dir='ltr'>ad</span> <span class='ocrx_word' id='word_1_115' title='bbox 336 1832 745 1901; x_wconf 75' lang='lat' dir='ltr'><strong><em>Tertullianum,</em></strong></span> <span class='ocrx_word' id='word_1_116' title='bbox 790 1850 853 1901; x_wconf 80' lang='lat' dir='ltr'><strong><em>p.</em></strong></span> <span class='ocrx_word' id='word_1_117' title='bbox 904 1836 1001 1888; x_wconf 86' lang='lat'>45.</span> <span class='ocrx_word' id='word_1_118' title='bbox 1052 1852 1095 1889; x_wconf 78' lang='grc' dir='ltr'>ε.</span> <span class='ocrx_word' id='word_1_119' title='bbox 1171 1832 1471 1901; x_wconf 72' lang='lat' dir='ltr'>Vavassor,</span> <span class='ocrx_word' id='word_1_120' title='bbox 1515 1834 1581 1887; x_wconf 84' lang='lat' dir='ltr'>dc</span> <span class='ocrx_word' id='word_1_121' title='bbox 1613 1832 1807 1901; x_wconf 85' lang='lat' dir='ltr'>forma</span> <span class='ocrx_word' id='word_1_122' title='bbox 1853 1832 1910 1889; x_wconf 82' lang='lat'>0.</span> <span class='ocrx_word' id='word_1_123' title='bbox 1951 1834 2090 1889; x_wconf 83' lang='lat' dir='ltr'><strong><em>Par.</em></strong></span> <span class='ocrx_word' id='word_1_124' title='bbox 2133 1836 2304 1889; x_wconf 87' lang='lat'><em>1649.</em></span> <span class='ocrx_word' id='word_1_125' title='bbox 2369 1834 2426 1890; x_wconf 93' lang='lat' dir='ltr'>J.</span> <span class='ocrx_word' id='word_1_126' title='bbox 2467 1835 2678 1902; x_wconf 76' lang='grc' dir='ltr'><strong><em>ΒείεΙεε,</em></strong></span> 
     </span>
     <span class='ocr_line' id='line_1_13' title="bbox 226 1935 2678 2008; baseline 0.002 -20"><span class='ocrx_word' id='word_1_127' title='bbox 226 1938 412 1991; x_wconf 66' lang='lat' dir='ltr'>aet-cit.</span> <span class='ocrx_word' id='word_1_128' title='bbox 439 1940 503 1991; x_wconf 82' lang='lat' dir='ltr'>dc</span> <span class='ocrx_word' id='word_1_129' title='bbox 533 1939 703 2008; x_wconf 76' lang='lat' dir='ltr'><strong><em>imaq.</em></strong></span> <span class='ocrx_word' id='word_1_130' title='bbox 732 1937 788 1991; x_wconf 87' lang='lat' dir='ltr'>J.</span> <span class='ocrx_word' id='word_1_131' title='bbox 820 1936 877 1995; x_wconf 81' lang='lat' dir='ltr'><strong><em>G.</em></strong></span> <span class='ocrx_word' id='word_1_132' title='bbox 911 1936 1031 1992; x_wconf 79' lang='lat' dir='ltr'><strong><em>Jen.</em></strong></span> <span class='ocrx_word' id='word_1_133' title='bbox 1065 1938 1237 1991; x_wconf 85' lang='lat'><strong><em>1672.</em></strong></span> <span class='ocrx_word' id='word_1_134' title='bbox 1291 1935 1348 1992; x_wconf 89' lang='lat' dir='ltr'>J.</span> <span class='ocrx_word' id='word_1_135' title='bbox 1380 1936 1565 2005; x_wconf 66' lang='lat' dir='ltr'>Fecht,</span> <span class='ocrx_word' id='word_1_136' title='bbox 1602 1935 1878 2004; x_wconf 76' lang='lat' dir='ltr'>deforma</span> <span class='ocrx_word' id='word_1_137' title='bbox 1907 1936 1963 1992; x_wconf 91' lang='lat' dir='ltr'>J.</span> <span class='ocrx_word' id='word_1_138' title='bbox 1999 1935 2078 2007; x_wconf 83' lang='grc'>0.,</span> <span class='ocrx_word' id='word_1_139' title='bbox 2103 1937 2162 1991; x_wconf 79' lang='lat' dir='ltr'>in</span> <span class='ocrx_word' id='word_1_140' title='bbox 2189 1938 2350 1992; x_wconf 74' lang='lat' dir='ltr'><strong><em>Noct.</em></strong></span> <span class='ocrx_word' id='word_1_141' title='bbox 2380 1938 2484 1991; x_wconf 76' lang='lat' dir='ltr'>chr.</span> <span class='ocrx_word' id='word_1_142' title='bbox 2509 1938 2678 1993; x_wconf 74' lang='lat' dir='ltr'>Durl.</span> 
     </span>
     <span class='ocr_line' id='line_1_14' title="bbox 226 2038 2682 2111; baseline 0.004 -23"><span class='ocrx_word' id='word_1_143' title='bbox 226 2040 364 2095; x_wconf 79' lang='lat'><strong><em>1677.</em></strong></span> <span class='ocrx_word' id='word_1_144' title='bbox 401 2043 621 2096; x_wconf 71' lang='lat' dir='ltr'>exercit.</span> <span class='ocrx_word' id='word_1_145' title='bbox 660 2041 735 2095; x_wconf 89' lang='lat' dir='ltr'>X.</span> <span class='ocrx_word' id='word_1_146' title='bbox 760 2059 822 2110; x_wconf 82' lang='lat' dir='ltr'><strong><em>p.</em></strong></span> <span class='ocrx_word' id='word_1_147' title='bbox 856 2042 995 2096; x_wconf 87' lang='grc'><strong><em>359.</em></strong></span> <span class='ocrx_word' id='word_1_148' title='bbox 1052 2040 1121 2093; x_wconf 87' lang='grc' dir='ltr'>Β.</span> <span class='ocrx_word' id='word_1_149' title='bbox 1157 2059 1193 2093; x_wconf 87' lang='grc' dir='ltr'><em>α</em></span> <span class='ocrx_word' id='word_1_150' title='bbox 1224 2038 1472 2110; x_wconf 75' lang='lat' dir='ltr'>Sanden,</span> <span class='ocrx_word' id='word_1_151' title='bbox 1516 2041 1582 2094; x_wconf 84' lang='lat' dir='ltr'>de</span> <span class='ocrx_word' id='word_1_152' title='bbox 1604 2040 2010 2109; x_wconf 71' lang='lat' dir='ltr'><strong><em>pulchritudine</em></strong></span> <span class='ocrx_word' id='word_1_153' title='bbox 2049 2039 2108 2095; x_wconf 83' lang='lat'>0.</span> <span class='ocrx_word' id='word_1_154' title='bbox 2145 2040 2499 2111; x_wconf 68' lang='lat' dir='ltr'>Regiomonti.</span> <span class='ocrx_word' id='word_1_155' title='bbox 2533 2044 2682 2097; x_wconf 90' lang='lat'><strong><em>1711.</em></strong></span> 
     </span>
     <span class='ocr_line' id='line_1_15' title="bbox 226 2141 2678 2213; baseline 0.002 -18"><span class='ocrx_word' id='word_1_156' title='bbox 226 2142 270 2197; x_wconf 90' lang='lat' dir='ltr'>J.</span> <span class='ocrx_word' id='word_1_157' title='bbox 298 2144 361 2200; x_wconf 87' lang='grc' dir='ltr'>Η.</span> <span class='ocrx_word' id='word_1_158' title='bbox 387 2146 561 2199; x_wconf 70' lang='lat' dir='ltr'><strong><em>Amat.</em></strong></span> <span class='ocrx_word' id='word_1_159' title='bbox 602 2146 670 2198; x_wconf 81' lang='lat' dir='ltr'>de</span> <span class='ocrx_word' id='word_1_160' title='bbox 713 2143 1030 2213; x_wconf 73' lang='lat' dir='ltr'>Gravceon,</span> <span class='ocrx_word' id='word_1_161' title='bbox 1063 2149 1129 2200; x_wconf 81' lang='lat' dir='ltr'>tr.</span> <span class='ocrx_word' id='word_1_162' title='bbox 1163 2146 1230 2198; x_wconf 84' lang='lat' dir='ltr'>de</span> <span class='ocrx_word' id='word_1_163' title='bbox 1266 2145 1385 2197; x_wconf 79' lang='lat' dir='ltr'>vita</span> <span class='ocrx_word' id='word_1_164' title='bbox 1420 2151 1579 2213; x_wconf 75' lang='lat' dir='ltr'>myst.</span> <span class='ocrx_word' id='word_1_165' title='bbox 1621 2152 1673 2199; x_wconf 82' lang='lat' dir='ltr'>et</span> <span class='ocrx_word' id='word_1_166' title='bbox 1705 2161 1760 2199; x_wconf 85' lang='lat' dir='ltr'>a.</span> <span class='ocrx_word' id='word_1_167' title='bbox 1804 2143 1860 2199; x_wconf 93' lang='lat' dir='ltr'>J.</span> <span class='ocrx_word' id='word_1_168' title='bbox 1902 2141 1960 2199; x_wconf 81' lang='lat' dir='ltr'>G.</span> <span class='ocrx_word' id='word_1_169' title='bbox 1993 2144 2040 2213; x_wconf 88' lang='lat' dir='ltr'>I,</span> <span class='ocrx_word' id='word_1_170' title='bbox 2074 2146 2171 2199; x_wconf 81' lang='lat'>26.</span> <span class='ocrx_word' id='word_1_171' title='bbox 2239 2144 2500 2213; x_wconf 72' lang='lat' dir='ltr'>sanctini,</span> <span class='ocrx_word' id='word_1_172' title='bbox 2529 2145 2678 2199; x_wconf 63' lang='lat' dir='ltr'>Hier.</span> 
     </span>
     <span class='ocr_line' id='line_1_16' title="bbox 216 2244 2682 2317; baseline 0.001 -18"><span class='ocrx_word' id='word_1_173' title='bbox 216 2244 334 2311; x_wconf 78' lang='lat' dir='ltr'><strong><em>sam.</em></strong></span> <span class='ocrx_word' id='word_1_174' title='bbox 365 2266 404 2303; x_wconf 78' lang='grc' dir='ltr'>ε.</span> <span class='ocrx_word' id='word_1_175' title='bbox 438 2250 503 2303; x_wconf 78' lang='lat' dir='ltr'>de</span> <span class='ocrx_word' id='word_1_176' title='bbox 544 2247 608 2303; x_wconf 82' lang='lat' dir='ltr'>G.</span> <span class='ocrx_word' id='word_1_177' title='bbox 644 2267 690 2303; x_wconf 90' lang='lat' dir='ltr'>c.</span> <span class='ocrx_word' id='word_1_178' title='bbox 728 2248 831 2302; x_wconf 90' lang='lat' dir='ltr'>IX.</span> <span class='ocrx_word' id='word_1_179' title='bbox 856 2265 919 2316; x_wconf 80' lang='lat' dir='ltr'><strong><em>p.</em></strong></span> <span class='ocrx_word' id='word_1_180' title='bbox 955 2250 1090 2303; x_wconf 80' lang='lat'><strong><em>324.</em></strong></span> <span class='ocrx_word' id='word_1_181' title='bbox 1155 2248 1211 2302; x_wconf 93' lang='lat' dir='ltr'>J.</span> <span class='ocrx_word' id='word_1_182' title='bbox 1246 2248 1319 2303; x_wconf 88' lang='lat' dir='ltr'>H.</span> <span class='ocrx_word' id='word_1_183' title='bbox 1359 2246 1548 2317; x_wconf 76' lang='lat' dir='ltr'>Serv-y,</span> <span class='ocrx_word' id='word_1_184' title='bbox 1580 2265 1754 2302; x_wconf 75' lang='lat' dir='ltr'>exerc.</span> <span class='ocrx_word' id='word_1_185' title='bbox 1798 2250 1916 2317; x_wconf 66' lang='lat'>48„</span> <span class='ocrx_word' id='word_1_186' title='bbox 1956 2248 2022 2301; x_wconf 86' lang='lat' dir='ltr'>dc</span> <span class='ocrx_word' id='word_1_187' title='bbox 2057 2248 2294 2303; x_wconf 77' lang='lat' dir='ltr'>humana</span> <span class='ocrx_word' id='word_1_188' title='bbox 2333 2248 2448 2301; x_wconf 69' lang='lat' dir='ltr'>oris</span> <span class='ocrx_word' id='word_1_189' title='bbox 2489 2265 2682 2317; x_wconf 61' lang='lat' dir='ltr'>corpo-</span> 
     </span>
     <span class='ocr_line' id='line_1_17' title="bbox 224 2350 2678 2420; baseline 0.001 -16"><span class='ocrx_word' id='word_1_190' title='bbox 224 2350 377 2418; x_wconf 67' lang='lat' dir='ltr'>risque</span> <span class='ocrx_word' id='word_1_191' title='bbox 390 2351 587 2419; x_wconf 75' lang='lat' dir='ltr'>sonna</span> <span class='ocrx_word' id='word_1_192' title='bbox 621 2351 680 2406; x_wconf 81' lang='grc' dir='ltr'>Ο.</span> <span class='ocrx_word' id='word_1_193' title='bbox 706 2352 779 2406; x_wconf 93' lang='lat' dir='ltr'>D.</span> <span class='ocrx_word' id='word_1_194' title='bbox 799 2368 857 2419; x_wconf 84' lang='lat' dir='ltr'><strong><em>p.</em></strong></span> <span class='ocrx_word' id='word_1_195' title='bbox 892 2353 1022 2406; x_wconf 85' lang='lat'><strong><em>165.</em></strong></span> <span class='ocrx_word' id='word_1_196' title='bbox 1073 2350 1129 2405; x_wconf 92' lang='lat' dir='ltr'><strong><em>J.</em></strong></span> <span class='ocrx_word' id='word_1_197' title='bbox 1157 2351 1335 2420; x_wconf 80' lang='lat' dir='ltr'>Lami,</span> <span class='ocrx_word' id='word_1_198' title='bbox 1368 2352 1433 2405; x_wconf 82' lang='lat' dir='ltr'>de</span> <span class='ocrx_word' id='word_1_199' title='bbox 1464 2352 1764 2405; x_wconf 74' lang='lat' dir='ltr'><strong><em>eruditione</em></strong></span> <span class='ocrx_word' id='word_1_200' title='bbox 1796 2351 2184 2419; x_wconf 75' lang='lat' dir='ltr'>apostolorum.</span> <span class='ocrx_word' id='word_1_201' title='bbox 2221 2352 2470 2407; x_wconf 66' lang='lat' dir='ltr'>Floreat.</span> <span class='ocrx_word' id='word_1_202' title='bbox 2504 2354 2678 2408; x_wconf 86' lang='lat'><strong><em>1766.</em></strong></span> 
     </span>
     <span class='ocr_line' id='line_1_18' title="bbox 214 2454 2678 2527; baseline 0.002 -20"><span class='ocrx_word' id='word_1_203' title='bbox 214 2470 265 2520; x_wconf 84' lang='lat' dir='ltr'><strong><em>p.</em></strong></span> <span class='ocrx_word' id='word_1_204' title='bbox 298 2456 399 2507; x_wconf 82' lang='grc'><strong><em>114.</em></strong></span> <span class='ocrx_word' id='word_1_205' title='bbox 439 2474 478 2509; x_wconf 78' lang='grc' dir='ltr'>ε.</span> <span class='ocrx_word' id='word_1_206' title='bbox 516 2476 579 2510; x_wconf 79' lang='grc' dir='ltr'>π.</span> <span class='ocrx_word' id='word_1_207' title='bbox 612 2472 677 2523; x_wconf 81' lang='lat' dir='ltr'><strong><em>p.</em></strong></span> <span class='ocrx_word' id='word_1_208' title='bbox 721 2456 848 2509; x_wconf 87' lang='grc'><strong><em>921.</em></strong></span> <span class='ocrx_word' id='word_1_209' title='bbox 888 2474 942 2508; x_wconf 84' lang='grc' dir='ltr'>π.</span> <span class='ocrx_word' id='word_1_210' title='bbox 1008 2454 1249 2527; x_wconf 72' lang='lat' dir='ltr'>Bor-naq,</span> <span class='ocrx_word' id='word_1_211' title='bbox 1290 2454 1344 2511; x_wconf 93' lang='lat' dir='ltr'>J.</span> <span class='ocrx_word' id='word_1_212' title='bbox 1377 2457 1431 2509; x_wconf 80' lang='lat' dir='ltr'>d.</span> <span class='ocrx_word' id='word_1_213' title='bbox 1466 2455 1709 2509; x_wconf 75' lang='lat' dir='ltr'>schb‘mte</span> <span class='ocrx_word' id='word_1_214' title='bbox 1747 2472 1803 2509; x_wconf 82' lang='lat' dir='ltr'><strong><em>u.</em></strong></span> <span class='ocrx_word' id='word_1_215' title='bbox 1847 2456 1899 2509; x_wconf 85' lang='lat' dir='ltr'>d.</span> <span class='ocrx_word' id='word_1_216' title='bbox 1929 2454 2464 2510; x_wconf 74' lang='lat' dir='ltr'>Menschenkindern.</span> <span class='ocrx_word' id='word_1_217' title='bbox 2497 2454 2678 2511; x_wconf 74' lang='lat' dir='ltr'>Bresl.</span> 
     </span>
     <span class='ocr_line' id='line_1_19' title="bbox 222 2557 2681 2630; baseline 0.004 -23"><span class='ocrx_word' id='word_1_218' title='bbox 222 2559 343 2613; x_wconf 74' lang='grc'><strong><em>1711.</em></strong></span> <span class='ocrx_word' id='word_1_219' title='bbox 390 2560 510 2614; x_wconf 60' lang='lat' dir='ltr'>Em.</span> <span class='ocrx_word' id='word_1_220' title='bbox 588 2557 835 2613; x_wconf 79' lang='lat' dir='ltr'><strong><em>Gedank.</em></strong></span> <span class='ocrx_word' id='word_1_221' title='bbox 898 2563 953 2611; x_wconf 72' lang='lat' dir='ltr'><strong><em>ii.</em></strong></span> <span class='ocrx_word' id='word_1_222' title='bbox 994 2559 1047 2613; x_wconf 80' lang='lat' dir='ltr'>d.</span> <span class='ocrx_word' id='word_1_223' title='bbox 1102 2558 1243 2612; x_wconf 81' lang='lat' dir='ltr'><strong><em>leibl.</em></strong></span> <span class='ocrx_word' id='word_1_224' title='bbox 1299 2557 1513 2613; x_wconf 67' lang='lat' dir='ltr'>Geetalt</span> <span class='ocrx_word' id='word_1_225' title='bbox 1557 2558 1710 2613; x_wconf 76' lang='lat' dir='ltr'><strong><em>Jcsu.</em></strong></span> <span class='ocrx_word' id='word_1_226' title='bbox 1743 2558 1819 2613; x_wconf 75' lang='lat' dir='ltr'>ib.</span> <span class='ocrx_word' id='word_1_227' title='bbox 1852 2560 2008 2611; x_wconf 88' lang='lat'><strong><em>1717.</em></strong></span> <span class='ocrx_word' id='word_1_228' title='bbox 2067 2558 2386 2627; x_wconf 66' lang='lat' dir='ltr'><strong><em>Jablomld,</em></strong></span> <span class='ocrx_word' id='word_1_229' title='bbox 2434 2560 2500 2614; x_wconf 82' lang='lat' dir='ltr'>de</span> <span class='ocrx_word' id='word_1_230' title='bbox 2545 2560 2681 2630; x_wconf 73' lang='lat' dir='ltr'><strong><em>oriq.</em></strong></span> 
     </span>
     <span class='ocr_line' id='line_1_20' title="bbox 222 2660 2684 2735; baseline 0.001 -22"><span class='ocrx_word' id='word_1_231' title='bbox 222 2660 407 2731; x_wconf 72' lang='lat' dir='ltr'><strong><em>imaqin.</em></strong></span> <span class='ocrx_word' id='word_1_232' title='bbox 444 2664 503 2716; x_wconf 79' lang='lat' dir='ltr'>in</span> <span class='ocrx_word' id='word_1_233' title='bbox 550 2660 655 2730; x_wconf 83' lang='lat' dir='ltr'><strong><em>Op.</em></strong></span> <span class='ocrx_word' id='word_1_234' title='bbox 700 2663 783 2716; x_wconf 82' lang='lat' dir='ltr'><strong><em>ed.</em></strong></span> <span class='ocrx_word' id='word_1_235' title='bbox 828 2668 877 2715; x_wconf 76' lang='lat' dir='ltr'>te</span> <span class='ocrx_word' id='word_1_236' title='bbox 918 2661 1123 2716; x_wconf 81' lang='lat' dir='ltr'>Watcr.</span> <span class='ocrx_word' id='word_1_237' title='bbox 1165 2662 1287 2735; x_wconf 87' lang='lat' dir='ltr'>HI,</span> <span class='ocrx_word' id='word_1_238' title='bbox 1320 2664 1453 2715; x_wconf 85' lang='lat'><strong><em>377.</em></strong></span> <span class='ocrx_word' id='word_1_239' title='bbox 1486 2679 1529 2715; x_wconf 80' lang='lat' dir='ltr'><strong><em>s.</em></strong></span> <span class='ocrx_word' id='word_1_240' title='bbox 1587 2661 1646 2718; x_wconf 91' lang='lat' dir='ltr'>J.</span> <span class='ocrx_word' id='word_1_241' title='bbox 1677 2663 1748 2717; x_wconf 92' lang='grc' dir='ltr'>Β.</span> <span class='ocrx_word' id='word_1_242' title='bbox 1791 2660 2062 2731; x_wconf 72' lang='lat' dir='ltr'>Gavpzov,</span> <span class='ocrx_word' id='word_1_243' title='bbox 2096 2663 2162 2715; x_wconf 84' lang='lat' dir='ltr'>de</span> <span class='ocrx_word' id='word_1_244' title='bbox 2199 2662 2314 2715; x_wconf 71' lang='lat' dir='ltr'>oric</span> <span class='ocrx_word' id='word_1_245' title='bbox 2344 2669 2394 2717; x_wconf 79' lang='lat' dir='ltr'>et</span> <span class='ocrx_word' id='word_1_246' title='bbox 2433 2664 2684 2732; x_wconf 68' lang='lat' dir='ltr'>corporis</span> 
     </span>
     <span class='ocr_line' id='line_1_21' title="bbox 220 2762 2682 2835; baseline 0.003 -21"><span class='ocrx_word' id='word_1_247' title='bbox 220 2762 267 2816; x_wconf 88' lang='lat' dir='ltr'>J.</span> <span class='ocrx_word' id='word_1_248' title='bbox 298 2762 348 2819; x_wconf 87' lang='lat' dir='ltr'><strong><em>C&#39;.</em></strong></span> <span class='ocrx_word' id='word_1_249' title='bbox 374 2764 583 2832; x_wconf 78' lang='lat' dir='ltr'><strong><em>foma.</em></strong></span> <span class='ocrx_word' id='word_1_250' title='bbox 633 2765 859 2822; x_wconf 71' lang='lat' dir='ltr'>Helmst.</span> <span class='ocrx_word' id='word_1_251' title='bbox 907 2766 1073 2819; x_wconf 90' lang='lat'><strong><em>1777.</em></strong></span> <span class='ocrx_word' id='word_1_252' title='bbox 1137 2765 1193 2821; x_wconf 92' lang='lat' dir='ltr'>J.</span> <span class='ocrx_word' id='word_1_253' title='bbox 1227 2766 1564 2819; x_wconf 76' lang='lat' dir='ltr'>Laurentius</span> <span class='ocrx_word' id='word_1_254' title='bbox 1597 2765 1773 2832; x_wconf 73' lang='lat' dir='ltr'>Ber-ti,</span> <span class='ocrx_word' id='word_1_255' title='bbox 1819 2767 1883 2819; x_wconf 85' lang='lat' dir='ltr'>de</span> <span class='ocrx_word' id='word_1_256' title='bbox 1925 2765 2104 2820; x_wconf 73' lang='lat' dir='ltr'>Theol.</span> <span class='ocrx_word' id='word_1_257' title='bbox 2143 2765 2354 2835; x_wconf 71' lang='lat' dir='ltr'>discipl.</span> <span class='ocrx_word' id='word_1_258' title='bbox 2389 2767 2426 2821; x_wconf 75' lang='lat' dir='ltr'>l.</span> <span class='ocrx_word' id='word_1_259' title='bbox 2461 2766 2682 2835; x_wconf 86' lang='lat' dir='ltr'><strong><em>XXVI,</em></strong></span> 
     </span>
     <span class='ocr_line' id='line_1_22' title="bbox 224 2868 2682 2940; baseline 0.002 -23"><span class='ocrx_word' id='word_1_260' title='bbox 224 2868 269 2919; x_wconf 84' lang='lat'>5.</span> <span class='ocrx_word' id='word_1_261' title='bbox 298 2870 371 2923; x_wconf 81' lang='lat' dir='ltr'><strong><em>ed.</em></strong></span> <span class='ocrx_word' id='word_1_262' title='bbox 404 2870 733 2939; x_wconf 78' lang='lat' dir='ltr'>Pedeponti.</span> <span class='ocrx_word' id='word_1_263' title='bbox 763 2870 934 2923; x_wconf 83' lang='lat'><strong><em>1749.</em></strong></span> <span class='ocrx_word' id='word_1_264' title='bbox 971 2868 1070 2938; x_wconf 83' lang='lat' dir='ltr'>IV,</span> <span class='ocrx_word' id='word_1_265' title='bbox 1118 2871 1207 2923; x_wconf 87' lang='lat'>74.</span> <span class='ocrx_word' id='word_1_266' title='bbox 1270 2869 1372 2923; x_wconf 84' lang='lat' dir='ltr'><strong><em>Fr.</em></strong></span> <span class='ocrx_word' id='word_1_267' title='bbox 1421 2868 1675 2940; x_wconf 62' lang='lat' dir='ltr'>Mv&#39;z&#39;nter,</span> <span class='ocrx_word' id='word_1_268' title='bbox 1718 2868 2031 2923; x_wconf 77' lang='lat' dir='ltr'>Sinnbildcr</span> <span class='ocrx_word' id='word_1_269' title='bbox 2066 2887 2124 2923; x_wconf 82' lang='lat' dir='ltr'><strong><em>u.</em></strong></span> <span class='ocrx_word' id='word_1_270' title='bbox 2163 2869 2588 2927; x_wconf 70' lang='lat' dir='ltr'>Kumtvorstelz.</span> <span class='ocrx_word' id='word_1_271' title='bbox 2629 2872 2682 2924; x_wconf 86' lang='lat' dir='ltr'>d.</span> 
     </span>
     <span class='ocr_line' id='line_1_23' title="bbox 224 2968 2684 3044; baseline 0.001 -20"><span class='ocrx_word' id='word_1_272' title='bbox 224 2968 279 3024; x_wconf 79' lang='grc' dir='ltr'>Α.</span> <span class='ocrx_word' id='word_1_273' title='bbox 314 2972 521 3027; x_wconf 70' lang='lat' dir='ltr'><strong><em>Alcona.</em></strong></span> <span class='ocrx_word' id='word_1_274' title='bbox 562 2975 740 3028; x_wconf 80' lang='lat'><strong><em>1825.</em></strong></span> <span class='ocrx_word' id='word_1_275' title='bbox 792 2972 865 3042; x_wconf 89' lang='lat' dir='ltr'>II,</span> <span class='ocrx_word' id='word_1_276' title='bbox 904 2974 995 3027; x_wconf 85' lang='grc'>12.</span> <span class='ocrx_word' id='word_1_277' title='bbox 1038 2990 1084 3029; x_wconf 73' lang='lat' dir='ltr'><strong><em>s.</em></strong></span> <span class='ocrx_word' id='word_1_278' title='bbox 1132 2971 1233 3027; x_wconf 82' lang='lat' dir='ltr'>IV.</span> <span class='ocrx_word' id='word_1_279' title='bbox 1278 2975 1338 3041; x_wconf 83' lang='lat'>2,</span> <span class='ocrx_word' id='word_1_280' title='bbox 1375 2974 1427 3025; x_wconf 84' lang='lat'>3.</span> <span class='ocrx_word' id='word_1_281' title='bbox 1473 2990 1515 3028; x_wconf 75' lang='grc' dir='ltr'>ε.</span> <span class='ocrx_word' id='word_1_282' title='bbox 1579 2974 1930 3044; x_wconf 72' lang='lat' dir='ltr'>Enqelmann,</span> <span class='ocrx_word' id='word_1_283' title='bbox 1978 2972 2026 3029; x_wconf 81' lang='lat' dir='ltr'>k.</span> <span class='ocrx_word' id='word_1_284' title='bbox 2068 2973 2335 3031; x_wconf 74' lang='lat' dir='ltr'>Dav-stell.</span> <span class='ocrx_word' id='word_1_285' title='bbox 2373 2975 2426 3031; x_wconf 81' lang='lat' dir='ltr'>d.</span> <span class='ocrx_word' id='word_1_286' title='bbox 2471 2973 2684 3029; x_wconf 73' lang='lat' dir='ltr'>G&#39;cetalt</span> 
     </span>
     <span class='ocr_line' id='line_1_24' title="bbox 220 3074 1978 3146; baseline 0.003 -21"><span class='ocrx_word' id='word_1_287' title='bbox 220 3074 263 3125; x_wconf 77' lang='lat' dir='ltr'>in</span> <span class='ocrx_word' id='word_1_288' title='bbox 290 3077 499 3131; x_wconf 69' lang='lat' dir='ltr'>wele-her</span> <span class='ocrx_word' id='word_1_289' title='bbox 529 3077 591 3133; x_wconf 94' lang='lat' dir='ltr'>J.</span> <span class='ocrx_word' id='word_1_290' title='bbox 634 3076 887 3131; x_wconf 64' lang='lat' dir='ltr'>Chri-stus</span> <span class='ocrx_word' id='word_1_291' title='bbox 916 3094 967 3130; x_wconf 84' lang='lat' dir='ltr'>a.</span> <span class='ocrx_word' id='word_1_292' title='bbox 1000 3078 1053 3131; x_wconf 84' lang='lat' dir='ltr'>d.</span> <span class='ocrx_word' id='word_1_293' title='bbox 1088 3077 1238 3129; x_wconf 75' lang='lat' dir='ltr'>Erdc</span> <span class='ocrx_word' id='word_1_294' title='bbox 1268 3076 1546 3133; x_wconf 76' lang='lat' dir='ltr'>wandelte.</span> <span class='ocrx_word' id='word_1_295' title='bbox 1594 3077 1774 3146; x_wconf 72' lang='lat' dir='ltr'>Leipoe.</span> <span class='ocrx_word' id='word_1_296' title='bbox 1808 3079 1978 3131; x_wconf 85' lang='lat'><strong><em>1834.</em></strong></span> 
     </span>
    </p>
   </div>
   <div class='ocr_carea' id='block_1_6' title="bbox 218 3194 2686 4513">
    <p class='ocr_par' dir='ltr' id='par_1_6' title="bbox 218 3194 2686 4513">
     <span class='ocr_line' id='line_1_25' title="bbox 400 3194 2683 3272; baseline 0 -19"><span class='ocrx_word' id='word_1_297' title='bbox 400 3196 547 3253; x_wconf 82' lang='lat' dir='ltr'>Cum</span> <span class='ocrx_word' id='word_1_298' title='bbox 596 3196 911 3253; x_wconf 80' lang='lat' dir='ltr'>Sacrorum</span> <span class='ocrx_word' id='word_1_299' title='bbox 938 3194 1399 3269; x_wconf 77' lang='lat' dir='ltr'>Evangeliorum</span> <span class='ocrx_word' id='word_1_300' title='bbox 1444 3196 1639 3255; x_wconf 77' lang='lat' dir='ltr'>divini</span> <span class='ocrx_word' id='word_1_301' title='bbox 1677 3196 2000 3272; x_wconf 79' lang='lat' dir='ltr'>Scriptores</span> <span class='ocrx_word' id='word_1_302' title='bbox 2044 3196 2110 3253; x_wconf 87' lang='lat' dir='ltr'>in</span> <span class='ocrx_word' id='word_1_303' title='bbox 2155 3196 2215 3253; x_wconf 91' lang='lat' dir='ltr'>id</span> <span class='ocrx_word' id='word_1_304' title='bbox 2261 3215 2445 3253; x_wconf 87' lang='lat' dir='ltr'>unum</span> <span class='ocrx_word' id='word_1_305' title='bbox 2485 3215 2683 3254; x_wconf 86' lang='lat' dir='ltr'>omnes</span> 
     </span>
     <span class='ocr_line' id='line_1_26' title="bbox 222 3294 2674 3378; baseline 0.002 -28"><span class='ocrx_word' id='word_1_306' title='bbox 222 3294 411 3357; x_wconf 81' lang='lat' dir='ltr'>intenti</span> <span class='ocrx_word' id='word_1_307' title='bbox 442 3300 691 3370; x_wconf 82' lang='lat' dir='ltr'>fuerint,</span> <span class='ocrx_word' id='word_1_308' title='bbox 725 3304 799 3357; x_wconf 87' lang='lat' dir='ltr'>ut</span> <span class='ocrx_word' id='word_1_309' title='bbox 824 3299 1025 3358; x_wconf 80' lang='lat' dir='ltr'>vivam</span> <span class='ocrx_word' id='word_1_310' title='bbox 1056 3299 1277 3356; x_wconf 80' lang='lat' dir='ltr'>Christi</span> <span class='ocrx_word' id='word_1_311' title='bbox 1305 3298 1490 3356; x_wconf 81' lang='lat' dir='ltr'>animi</span> <span class='ocrx_word' id='word_1_312' title='bbox 1521 3300 1930 3378; x_wconf 81' lang='lat' dir='ltr'><strong>virtutumque</strong></span> <span class='ocrx_word' id='word_1_313' title='bbox 1959 3300 2278 3374; x_wconf 83' lang='lat' dir='ltr'>imaginem</span> <span class='ocrx_word' id='word_1_314' title='bbox 2309 3300 2674 3369; x_wconf 83' lang='lat' dir='ltr'>exhiberent,</span> 
     </span>
     <span class='ocr_line' id='line_1_27' title="bbox 222 3402 2683 3481; baseline 0.002 -26"><span class='ocrx_word' id='word_1_315' title='bbox 222 3402 553 3481; x_wconf 75' lang='lat' dir='ltr'>eandemque</span> <span class='ocrx_word' id='word_1_316' title='bbox 586 3402 883 3461; x_wconf 89' lang='lat' dir='ltr'>mentibus</span> <span class='ocrx_word' id='word_1_317' title='bbox 914 3403 1127 3459; x_wconf 87' lang='lat' dir='ltr'>nostris</span> <span class='ocrx_word' id='word_1_318' title='bbox 1158 3402 1337 3459; x_wconf 81' lang='lat' dir='ltr'>altius</span> <span class='ocrx_word' id='word_1_319' title='bbox 1367 3402 1727 3474; x_wconf 82' lang='lat' dir='ltr'>insererent3</span> <span class='ocrx_word' id='word_1_320' title='bbox 1776 3403 1930 3461; x_wconf 89' lang='lat' dir='ltr'>nihil</span> <span class='ocrx_word' id='word_1_321' title='bbox 1957 3405 2081 3461; x_wconf 86' lang='lat' dir='ltr'>fere</span> <span class='ocrx_word' id='word_1_322' title='bbox 2111 3405 2179 3460; x_wconf 89' lang='lat' dir='ltr'>de</span> <span class='ocrx_word' id='word_1_323' title='bbox 2210 3404 2466 3479; x_wconf 89' lang='lat' dir='ltr'>corporis</span> <span class='ocrx_word' id='word_1_324' title='bbox 2499 3403 2683 3478; x_wconf 86' lang='lat' dir='ltr'>ipsius</span> 
     </span>
     <span class='ocr_line' id='line_1_28' title="bbox 218 3502 2684 3584; baseline 0 -22"><span class='ocrx_word' id='word_1_325' title='bbox 218 3502 383 3562; x_wconf 78' lang='lat' dir='ltr'>forms.</span> <span class='ocrx_word' id='word_1_326' title='bbox 430 3511 779 3584; x_wconf 78' lang='lat' dir='ltr'>statutaque</span> <span class='ocrx_word' id='word_1_327' title='bbox 837 3506 1004 3563; x_wconf 86' lang='lat' dir='ltr'>nobis</span> <span class='ocrx_word' id='word_1_328' title='bbox 1063 3506 1455 3563; x_wconf 72' lang='lat' dir='ltr'>tradiderunt.</span> <span class='ocrx_word' id='word_1_329' title='bbox 1537 3506 1700 3563; x_wconf 87' lang='lat' dir='ltr'>Hinc</span> <span class='ocrx_word' id='word_1_330' title='bbox 1757 3511 1888 3564; x_wconf 80' lang='lat' dir='ltr'>orta</span> <span class='ocrx_word' id='word_1_331' title='bbox 1945 3507 2290 3584; x_wconf 77' lang='lat' dir='ltr'>quibusdam</span> <span class='ocrx_word' id='word_1_332' title='bbox 2329 3539 2414 3547; x_wconf 91' lang='grc'>-</span> <span class='ocrx_word' id='word_1_333' title='bbox 2451 3512 2684 3582; x_wconf 77' lang='lat' dir='ltr'>praeter</span> 
     </span>
     <span class='ocr_line' id='line_1_29' title="bbox 218 3606 2682 3687; baseline 0.002 -25"><span class='ocrx_word' id='word_1_334' title='bbox 218 3606 457 3680; x_wconf 72' lang='lat' dir='ltr'>pictorae,</span> <span class='ocrx_word' id='word_1_335' title='bbox 505 3610 723 3687; x_wconf 83' lang='lat' dir='ltr'>quibus</span> <span class='ocrx_word' id='word_1_336' title='bbox 770 3610 981 3667; x_wconf 85' lang='lat' dir='ltr'>audere</span> <span class='ocrx_word' id='word_1_337' title='bbox 1024 3609 1315 3686; x_wconf 84' lang='lat' dir='ltr'>quidlibet</span> <span class='ocrx_word' id='word_1_338' title='bbox 1358 3628 1585 3684; x_wconf 81' lang='lat' dir='ltr'>semper</span> <span class='ocrx_word' id='word_1_339' title='bbox 1626 3609 1800 3667; x_wconf 87' lang='lat' dir='ltr'>licuit</span> <span class='ocrx_word' id='word_1_340' title='bbox 1829 3642 1912 3651; x_wconf 91' lang='lat'>-—</span> <span class='ocrx_word' id='word_1_341' title='bbox 1941 3610 2324 3684; x_wconf 79' lang='lat' dir='ltr'>scriptoribus</span> <span class='ocrx_word' id='word_1_342' title='bbox 2376 3610 2682 3684; x_wconf 75' lang='lat' dir='ltr'>posteriori</span> 
     </span>
     <span class='ocr_line' id='line_1_30' title="bbox 222 3712 2682 3790; baseline 0.002 -26"><span class='ocrx_word' id='word_1_343' title='bbox 222 3721 387 3769; x_wconf 73' lang='lat' dir='ltr'>aetate</span> <span class='ocrx_word' id='word_1_344' title='bbox 435 3714 703 3787; x_wconf 84' lang='lat' dir='ltr'>fingendi</span> <span class='ocrx_word' id='word_1_345' title='bbox 758 3712 999 3770; x_wconf 83' lang='lat' dir='ltr'>licentia</span> <span class='ocrx_word' id='word_1_346' title='bbox 1016 3758 1029 3785; x_wconf 93' lang='lat'>,</span> <span class='ocrx_word' id='word_1_347' title='bbox 1083 3714 1185 3790; x_wconf 90' lang='lat' dir='ltr'>qui</span> <span class='ocrx_word' id='word_1_348' title='bbox 1238 3718 1519 3790; x_wconf 80' lang='lat' dir='ltr'>tanquam</span> <span class='ocrx_word' id='word_1_349' title='bbox 1564 3712 1866 3771; x_wconf 82' lang='lat' dir='ltr'>Christum</span> <span class='ocrx_word' id='word_1_350' title='bbox 1911 3718 2132 3771; x_wconf 81' lang='lat' dir='ltr'>attente</span> <span class='ocrx_word' id='word_1_351' title='bbox 2185 3732 2254 3771; x_wconf 83' lang='lat' dir='ltr'>ac</span> <span class='ocrx_word' id='word_1_352' title='bbox 2295 3715 2366 3771; x_wconf 85' lang='lat' dir='ltr'>de</span> <span class='ocrx_word' id='word_1_353' title='bbox 2413 3714 2682 3789; x_wconf 85' lang='lat' dir='ltr'>proximo</span> 
     </span>
     <span class='ocr_line' id='line_1_31' title="bbox 224 3811 2684 3894; baseline 0.002 -27"><span class='ocrx_word' id='word_1_354' title='bbox 224 3811 410 3873; x_wconf 79' lang='lat' dir='ltr'>intuiti</span> <span class='ocrx_word' id='word_1_355' title='bbox 449 3818 733 3886; x_wconf 83' lang='lat' dir='ltr'>fuissent,</span> <span class='ocrx_word' id='word_1_356' title='bbox 783 3816 1017 3890; x_wconf 83' lang='lat' dir='ltr'>singula</span> <span class='ocrx_word' id='word_1_357' title='bbox 1060 3817 1178 3874; x_wconf 86' lang='lat' dir='ltr'>oris</span> <span class='ocrx_word' id='word_1_358' title='bbox 1222 3816 1578 3874; x_wconf 78' lang='lat' dir='ltr'>lineamenta</span> <span class='ocrx_word' id='word_1_359' title='bbox 1595 3862 1609 3888; x_wconf 95' lang='lat'>,</span> <span class='ocrx_word' id='word_1_360' title='bbox 1665 3818 2173 3894; x_wconf 84' lang='lat' dir='ltr'>membrorumque</span> <span class='ocrx_word' id='word_1_361' title='bbox 2211 3817 2684 3893; x_wconf 82' lang='lat' dir='ltr'>compositionem</span> 
     </span>
     <span class='ocr_line' id='line_1_32' title="bbox 222 3916 2682 3999; baseline 0.002 -28"><span class='ocrx_word' id='word_1_362' title='bbox 222 3916 603 3991; x_wconf 71' lang='lat' dir='ltr'>delinearunt;</span> <span class='ocrx_word' id='word_1_363' title='bbox 636 3919 907 3999; x_wconf 82' lang='lat' dir='ltr'>nihilque</span> <span class='ocrx_word' id='word_1_364' title='bbox 936 3922 1089 3997; x_wconf 88' lang='lat' dir='ltr'>quod</span> <span class='ocrx_word' id='word_1_365' title='bbox 1120 3922 1187 3977; x_wconf 79' lang='lat' dir='ltr'>ad</span> <span class='ocrx_word' id='word_1_366' title='bbox 1222 3940 1345 3977; x_wconf 78' lang='lat' dir='ltr'>eam</span> <span class='ocrx_word' id='word_1_367' title='bbox 1380 3940 1503 3977; x_wconf 89' lang='lat' dir='ltr'>rem</span> <span class='ocrx_word' id='word_1_368' title='bbox 1534 3920 1859 3995; x_wconf 81' lang='lat' dir='ltr'>pertineret</span> <span class='ocrx_word' id='word_1_369' title='bbox 1887 3922 2226 3978; x_wconf 85' lang='lat' dir='ltr'>omiserunt.</span> <span class='ocrx_word' id='word_1_370' title='bbox 2274 3919 2404 3983; x_wconf 79' lang='lat' dir='ltr'>Qua</span> <span class='ocrx_word' id='word_1_371' title='bbox 2433 3920 2682 3976; x_wconf 83' lang='lat' dir='ltr'>Christi-</span> 
     </span>
     <span class='ocr_line' id='line_1_33' title="bbox 218 4020 2680 4097; baseline 0 -19"><span class='ocrx_word' id='word_1_372' title='bbox 218 4020 353 4078; x_wconf 71' lang='lat' dir='ltr'>colae</span> <span class='ocrx_word' id='word_1_373' title='bbox 380 4044 577 4081; x_wconf 87' lang='lat' dir='ltr'>omnes</span> <span class='ocrx_word' id='word_1_374' title='bbox 607 4044 749 4097; x_wconf 82' lang='lat' dir='ltr'>erga</span> <span class='ocrx_word' id='word_1_375' title='bbox 778 4024 837 4081; x_wconf 87' lang='lat' dir='ltr'>S.</span> <span class='ocrx_word' id='word_1_376' title='bbox 872 4024 929 4080; x_wconf 82' lang='lat' dir='ltr'>S.</span> <span class='ocrx_word' id='word_1_377' title='bbox 961 4024 997 4080; x_wconf 93' lang='lat' dir='ltr'><strong>J</strong></span> <span class='ocrx_word' id='word_1_378' title='bbox 1000 4042 1100 4080; x_wconf 90' lang='lat' dir='ltr'>esu</span> <span class='ocrx_word' id='word_1_379' title='bbox 1130 4023 1351 4080; x_wconf 82' lang='lat' dir='ltr'>Christi</span> <span class='ocrx_word' id='word_1_380' title='bbox 1381 4024 1812 4081; x_wconf 81' lang='lat' dir='ltr'>humanitatem</span> <span class='ocrx_word' id='word_1_381' title='bbox 1841 4028 2111 4080; x_wconf 82' lang='lat' dir='ltr'>tenemur</span> <span class='ocrx_word' id='word_1_382' title='bbox 2139 4022 2527 4093; x_wconf 82' lang='lat' dir='ltr'>observantia,</span> <span class='ocrx_word' id='word_1_383' title='bbox 2564 4040 2680 4080; x_wconf 89' lang='lat' dir='ltr'>non</span> 
     </span>
     <span class='ocr_line' id='line_1_34' title="bbox 220 4122 2684 4206; baseline 0.003 -30"><span class='ocrx_word' id='word_1_384' title='bbox 220 4122 325 4181; x_wconf 77' lang='lat' dir='ltr'>sine</span> <span class='ocrx_word' id='word_1_385' title='bbox 352 4129 607 4185; x_wconf 82' lang='lat' dir='ltr'>modesta</span> <span class='ocrx_word' id='word_1_386' title='bbox 637 4129 893 4206; x_wconf 79' lang='lat' dir='ltr'>quadam</span> <span class='ocrx_word' id='word_1_387' title='bbox 921 4126 1433 4203; x_wconf 77' lang='lat' dir='ltr'>circumspectione</span> <span class='ocrx_word' id='word_1_388' title='bbox 1477 4146 1802 4185; x_wconf 85' lang='lat' dir='ltr'>sermonem</span> <span class='ocrx_word' id='word_1_389' title='bbox 1845 4128 2002 4185; x_wconf 78' lang='lat' dir='ltr'>haud</span> <span class='ocrx_word' id='word_1_390' title='bbox 2039 4126 2314 4184; x_wconf 86' lang='lat' dir='ltr'>inutilem</span> <span class='ocrx_word' id='word_1_391' title='bbox 2344 4128 2413 4184; x_wconf 89' lang='lat' dir='ltr'>de</span> <span class='ocrx_word' id='word_1_392' title='bbox 2443 4126 2549 4183; x_wconf 82' lang='lat' dir='ltr'>illa</span> <span class='ocrx_word' id='word_1_393' title='bbox 2578 4146 2684 4183; x_wconf 86' lang='lat' dir='ltr'>nos</span> 
     </span>
     <span class='ocr_line' id='line_1_35' title="bbox 218 4226 2686 4309; baseline 0.001 -26"><span class='ocrx_word' id='word_1_394' title='bbox 218 4226 409 4287; x_wconf 78' lang='lat' dir='ltr'>habere</span> <span class='ocrx_word' id='word_1_395' title='bbox 454 4232 703 4306; x_wconf 79' lang='lat' dir='ltr'>patitur.</span> <span class='ocrx_word' id='word_1_396' title='bbox 766 4231 1099 4309; x_wconf 83' lang='lat' dir='ltr'>Utrumque</span> <span class='ocrx_word' id='word_1_397' title='bbox 1142 4250 1281 4289; x_wconf 81' lang='lat' dir='ltr'>sane</span> <span class='ocrx_word' id='word_1_398' title='bbox 1326 4231 1595 4289; x_wconf 83' lang='lat' dir='ltr'>novimus</span> <span class='ocrx_word' id='word_1_399' title='bbox 1614 4276 1627 4299; x_wconf 93' lang='lat'>,</span> <span class='ocrx_word' id='word_1_400' title='bbox 1663 4231 1788 4288; x_wconf 78' lang='lat' dir='ltr'>sive</span> <span class='ocrx_word' id='word_1_401' title='bbox 1827 4250 2032 4306; x_wconf 80' lang='lat' dir='ltr'>parum</span> <span class='ocrx_word' id='word_1_402' title='bbox 2076 4230 2200 4287; x_wconf 82' lang='lat' dir='ltr'>sive</span> <span class='ocrx_word' id='word_1_403' title='bbox 2241 4248 2421 4307; x_wconf 86' lang='lat' dir='ltr'>aequo</span> <span class='ocrx_word' id='word_1_404' title='bbox 2461 4230 2686 4287; x_wconf 76' lang='lat' dir='ltr'>maiora</span> 
     </span>
     <span class='ocr_line' id='line_1_36' title="bbox 221 4328 2685 4413; baseline 0.002 -28"><span class='ocrx_word' id='word_1_405' title='bbox 221 4328 486 4405; x_wconf 69' lang='lat' dir='ltr'>(limatur,</span> <span class='ocrx_word' id='word_1_406' title='bbox 514 4356 695 4413; x_wconf 81' lang='lat' dir='ltr'>aeque</span> <span class='ocrx_word' id='word_1_407' title='bbox 718 4336 785 4392; x_wconf 91' lang='lat' dir='ltr'>in</span> <span class='ocrx_word' id='word_1_408' title='bbox 808 4354 877 4391; x_wconf 82' lang='lat' dir='ltr'>ea</span> <span class='ocrx_word' id='word_1_409' title='bbox 900 4354 963 4392; x_wconf 87' lang='lat' dir='ltr'>re</span> <span class='ocrx_word' id='word_1_410' title='bbox 986 4335 1339 4392; x_wconf 88' lang='lat' dir='ltr'>iniuriosum</span> <span class='ocrx_word' id='word_1_411' title='bbox 1370 4354 1519 4391; x_wconf 86' lang='lat' dir='ltr'>esse:</span> <span class='ocrx_word' id='word_1_412' title='bbox 1552 4353 1852 4410; x_wconf 78' lang='lat' dir='ltr'>speramus</span> <span class='ocrx_word' id='word_1_413' title='bbox 1883 4338 2076 4391; x_wconf 83' lang='lat' dir='ltr'>tamen</span> <span class='ocrx_word' id='word_1_414' title='bbox 2107 4334 2247 4390; x_wconf 82' lang='lat' dir='ltr'>adeo</span> <span class='ocrx_word' id='word_1_415' title='bbox 2271 4352 2376 4391; x_wconf 84' lang='lat' dir='ltr'>nos</span> <span class='ocrx_word' id='word_1_416' title='bbox 2397 4332 2685 4391; x_wconf 80' lang='lat' dir='ltr'>calamum</span> 
     </span>
     <span class='ocr_line' id='line_1_37' title="bbox 220 4431 2678 4513; baseline 0.004 -27"><span class='ocrx_word' id='word_1_417' title='bbox 220 4431 271 4487; x_wconf 86' lang='lat' dir='ltr'>in</span> <span class='ocrx_word' id='word_1_418' title='bbox 296 4436 481 4494; x_wconf 84' lang='lat' dir='ltr'>officio</span> <span class='ocrx_word' id='word_1_419' title='bbox 508 4440 862 4508; x_wconf 78' lang='lat' dir='ltr'>detenturos,</span> <span class='ocrx_word' id='word_1_420' title='bbox 890 4443 958 4495; x_wconf 87' lang='lat' dir='ltr'>ut</span> <span class='ocrx_word' id='word_1_421' title='bbox 988 4438 1143 4495; x_wconf 89' lang='lat' dir='ltr'>nihil</span> <span class='ocrx_word' id='word_1_422' title='bbox 1174 4443 1345 4495; x_wconf 82' lang='lat' dir='ltr'>extra</span> <span class='ocrx_word' id='word_1_423' title='bbox 1376 4438 1760 4513; x_wconf 76' lang='lat' dir='ltr'>praescriptas</span> <span class='ocrx_word' id='word_1_424' title='bbox 1791 4458 1828 4494; x_wconf 84' lang='lat' dir='ltr'>a</span> <span class='ocrx_word' id='word_1_425' title='bbox 1857 4436 2135 4509; x_wconf 82' lang='lat' dir='ltr'>religione</span> <span class='ocrx_word' id='word_1_426' title='bbox 2166 4442 2350 4495; x_wconf 78' lang='lat' dir='ltr'>metas</span> <span class='ocrx_word' id='word_1_427' title='bbox 2381 4444 2678 4495; x_wconf 80' lang='lat' dir='ltr'>excurrat.</span> 
     </span>
    </p>
   </div>
   <div class='ocr_carea' id='block_1_7' title="bbox 219 4534 2684 4690">
    <p class='ocr_par' dir='ltr' id='par_1_7' title="bbox 219 4534 2684 4690">
     <span class='ocr_line' id='line_1_38' title="bbox 219 4534 2684 4615; baseline 0.002 -24"><span class='ocrx_word' id='word_1_428' title='bbox 219 4534 387 4595; x_wconf 79' lang='lat' dir='ltr'>Solam</span> <span class='ocrx_word' id='word_1_429' title='bbox 418 4542 485 4597; x_wconf 87' lang='lat' dir='ltr'>in</span> <span class='ocrx_word' id='word_1_430' title='bbox 512 4542 743 4599; x_wconf 81' lang='lat' dir='ltr'>Christo</span> <span class='ocrx_word' id='word_1_431' title='bbox 775 4542 1095 4597; x_wconf 79' lang='lat' dir='ltr'>humanam</span> <span class='ocrx_word' id='word_1_432' title='bbox 1126 4548 1401 4598; x_wconf 81' lang='lat' dir='ltr'>naturam</span> <span class='ocrx_word' id='word_1_433' title='bbox 1430 4541 1820 4615; x_wconf 80' lang='lat' dir='ltr'>spectabimus</span> <span class='ocrx_word' id='word_1_434' title='bbox 1839 4586 1852 4611; x_wconf 90' lang='lat'><strong>,</strong></span> <span class='ocrx_word' id='word_1_435' title='bbox 1897 4540 2022 4597; x_wconf 85' lang='lat' dir='ltr'>eius</span> <span class='ocrx_word' id='word_1_436' title='bbox 2069 4559 2275 4615; x_wconf 87' lang='lat' dir='ltr'>corpus</span> <span class='ocrx_word' id='word_1_437' title='bbox 2313 4550 2446 4598; x_wconf 81' lang='lat' dir='ltr'>c&#39;um</span> <span class='ocrx_word' id='word_1_438' title='bbox 2477 4541 2684 4598; x_wconf 88' lang='lat' dir='ltr'>ceteris</span> 
     </span>
     <span class='ocr_line' id='line_1_39' title="bbox 2278 4642 2376 4690; baseline -0.01 0"><span class='ocrx_word' id='word_1_439' title='bbox 2278 4642 2376 4690; x_wconf 69' lang='lat'>14*</span> 
     </span>
    </p>
   </div>
   <div class='ocr_carea' id='block_1_8' title="bbox 3191 1734 3194 2273">
    <p class='ocr_par' dir='ltr' id='par_1_8' title="bbox 3191 1734 3194 2273">
     <span class='ocr_line' id='line_1_40' title="bbox 3191 1734 3194 2273; baseline 0 0"><span class='ocrx_word' id='word_1_440' title='bbox 3191 1734 3194 2273; x_wconf 95' lang='lat' dir='ltr'> </span> 
     </span>
    </p>
   </div>
  </div>
 </body>
</html>
