3267 5259
1243 469 1409 511 christi
1434 470 1589 511 foma.
2543 458 2670 522 213

218 652 399 707 tentiae
434 668 685 727 quarum
726 654 976 727 utraque
1012 652 1139 707 sine
1179 649 1317 706 fidei
1357 650 1659 724 dispendio
1698 654 1998 707 teneretur
2012 693 2026 720 ,
2070 650 2138 706 in
2177 668 2356 707 unam
2393 650 2670 709 concilia-

216 774 393 825 remus,
424 754 589 812 modo
618 754 727 811 illa
756 754 1120 824 admittatur,
1154 772 1303 831 quae
1338 754 1505 810 nobis
1540 753 1863 828 plurimum
1892 753 2100 829 placet,
2135 754 2332 828 opinio
2364 754 2670 812 Michaelis

218 859 467 929 Medium,
500 858 777 933 Hispani,
813 859 877 915 in
907 858 1127 934 synodo
1151 857 1499 915 Tridentina
1528 856 1824 930 Theologi,
1858 857 1899 915 1.
1926 857 2014 928 ΙΙ,
2048 863 2102 914 7.
2133 858 2334 916 christ.
2369 876 2666 933 paraenes.

216 984 251 1017 s.
278 962 336 1028 de
364 966 513 1019 recta
554 962 621 1019 in
664 962 856 1017 Deum
886 960 1017 1018 fide.
1080 961 1229 1018 Ven.
1269 964 1452 1018 1564.
1488 980 1543 1035 p.
1580 965 1680 1018 67.
1743 960 2084 1031 ,Christum‘
2127 960 2325 1038 inquit
2362 959 2464 1017 ille
2521 980 2669 1033 ,eam

218 1067 622 1141 temperamenti
668 1066 957 1122 rationem
994 1067 1269 1123 sortitum
1282 1109 1297 1135 ,
1342 1084 1489 1141 quae
1529 1066 1891 1140 sapientibus
1921 1070 1980 1121 et
2021 1064 2293 1121 studiosis
2331 1064 2669 1123 homiuibus

218 1169 438 1225 maxime
488 1170 803 1227 convenit!
876 1169 984 1226 Est
1033 1172 1187 1225 certe
1238 1169 1522 1245 quaedam
1572 1187 1640 1225 1n
1691 1169 2030 1226 hominibus
2080 1174 2380 1239 venustas,
2437 1168 2670 1226 mollior

218 1270 359 1345 plane
386 1276 447 1329 et
473 1271 763 1341 lascivior,
796 1288 973 1347 quam
1004 1289 1153 1347 quae
1180 1270 1217 1327 J
1219 1290 1381 1327 esum
1410 1270 1713 1327 Christum
1741 1271 1984 1327 deceret.
2037 1270 2211 1327 Hanc
2237 1272 2312 1327 ab
2341 1290 2408 1329 eo
2438 1290 2670 1346 prorsus

216 1374 539 1447 ablegamus,
594 1375 813 1451 quippe
864 1393 1013 1452 quae
1064 1378 1354 1449 repugnat
1403 1373 1525 1430 illis
1566 1393 1714 1451 quae
1755 1374 1824 1430 de
1865 1374 2117 1431 Domino
2162 1375 2226 1430 in
2267 1374 2324 1431 S.
2365 1375 2670 1450 Scriptura

216 1478 511 1535 traduntur.
572 1478 635 1535 Si
672 1480 803 1554 quis
846 1496 985 1535 vero
1024 1479 1089 1535 in
1128 1477 1373 1534 alteram
1404 1484 1630 1552 partem
1671 1468 2003 1547 contendat,
2039 1477 2192 1534 nihil
2222 1479 2400 1535 fuisse
2437 1481 2502 1536 in
2530 1479 2668 1536 Jesu

216 1582 431 1651 Christo,
466 1583 579 1638 nisi
610 1582 847 1638 foedum
875 1586 935 1638 et
963 1580 1245 1649 deforme;
1279 1582 1431 1637 hanc
1452 1580 1615 1637 illius
1641 1582 1929 1655 picturam
1962 1585 2239 1658 tanquam
2270 1582 2667 1656 blasphemam

218 1695 261 1742 et
287 1687 647 1744 Humanitati
678 1685 823 1743 Filii
852 1685 965 1741 Dei
996 1684 1359 1754 iniuriosam,
1388 1690 1507 1741 toto
1537 1685 1738 1741 renisu
1766 1684 2093 1742 abiicimus.
2142 1685 2478 1763 Numquam
2508 1688 2668 1742 enim

218 1790 657 1863 persuaderemur
697 1796 803 1846 aut
838 1788 1287 1845 Humanitatem
1326 1786 1467 1844 Filii
1519 1788 1627 1845 Dei
1669 1788 2006 1845 foeditatem
2052 1789 2341 1857 decuisse3
2397 1793 2500 1846 aut
2539 1808 2666 1846 eam

216 1894 489 1950 mustituto
518 1912 553 1949 a
579 1892 617 1949 J
620 1912 722 1949 esu
752 1892 983 1949 Christo
1011 1891 1272 1961 consilio,
1306 1891 1376 1947 de
1405 1892 1680 1949 vocandis
1718 1892 1793 1948 ad
1823 1912 1881 1949 se
1911 1892 2248 1949 hominibus
2287 1893 2662 1967 respondisse.

216 1996 441 2053 Medium
492 1998 679 2070 igitur
730 1996 871 2073 quid
924 2000 1267 2052 statuamus.
1340 1995 1513 2051 Visus
1554 2000 1642 2052 est
1679 1994 1945 2052 Christus
1998 1997 2062 2052 in
2114 1997 2332 2053 mundo
2383 2001 2664 2073 tauquam

216 2099 513 2157 mortalium
551 2099 768 2177 aliquis
808 2101 1024 2156 iustam
1061 2098 1369 2155 hominum
1406 2102 1698 2155 staturam
1737 2100 2048 2171 attingens,
2083 2132 2168 2141 ·—-
2199 2118 2304 2155 0111·
2333 2101 2492 2155 enim
2520 2099 2662 2156 alio-

216 2204 332 2279 quin
360 2204 677 2261 Zacchaeus
704 2203 1005 2277 spectandi
1036 2200 1201 2259 illius
1230 2201 1437 2274 gratia,
1472 2220 1604 2259 cum
1634 2221 1772 2277 prae
1815 2203 1990 2259 turba
2017 2222 2136 2259 non
2167 2208 2371 2277 posset,
2405 2222 2662 2279 sycomo-

216 2326 323 2363 rum
360 2308 699 2365 ascenderet.
762 2304 907 2363 Coll.
945 2305 1086 2364 Luc.
1133 2310 1208 2362 19
1228 2350 1241 2375 ,
1282 2309 1340 2362 3.
1376 2310 1435 2361 4.
1460 2338 1543 2345 -
1567 2304 1836 2382 nihilque
1878 2307 2099 2363 habens
2142 2326 2318 2380 supra
2363 2305 2460 2363 vel
2503 2306 2664 2363 infra

216 2416 539 2467 venustatem
584 2409 891 2483 vulgarem
904 2454 919 2479 ,
960 2428 1137 2486 quam
1175 2409 1243 2465 in
1281 2428 1515 2483 corpore
1559 2409 1815 2467 humano
1854 2428 1921 2466 ac
1957 2409 2124 2466 virili
2163 2428 2282 2465 esse
2326 2411 2659 2483 oportebat3

216 2532 275 2569 ex
308 2520 521 2589 aspectu
560 2514 721 2571 enim
761 2513 1025 2570 iudicans
1062 2512 1255 2569 Maria
1282 2511 1496 2570 Joann.
1534 2517 1646 2582 20,
1687 2518 1782 2570 15.
1829 2513 2132 2570 hortorum
2173 2511 2453 2570 cultorem
2490 2512 2662 2571 illum

216 2635 313 2673 esse
349 2618 579 2675 censuit.
642 2616 813 2674 Color
857 2621 985 2675 erat
1020 2617 1073 2672 ei
1089 2660 1102 2686 ,
1152 2622 1221 2673 ut
1263 2615 1433 2673 facile
1479 2616 1795 2687 credimus,
1843 2618 2036 2675 fuscus
2082 2618 2268 2674 instar
2304 2616 2341 2673 J
2343 2618 2660 2675 udaeorum

218 2720 559 2779 Palaestinae.
622 2720 708 2778 Ut
744 2726 942 2778 autem
982 2718 1135 2777 nulli
1175 2719 1510 2777 dubitamus
1540 2720 1840 2777 Christum
1878 2721 2130 2795 patriam
2164 2740 2426 2777 sermone
2454 2724 2514 2777 et
2541 2740 2656 2792 ore,

216 2833 268 2879 ut
288 2836 419 2895 erat,
452 2824 779 2882 Galilaeam
809 2823 1101 2893 retulisse;
1142 2825 1231 2881 ita
1257 2843 1485 2901 quoque
1508 2825 1575 2881 in
1602 2823 1779 2881 vultu
1811 2830 2104 2899 promtum
2133 2823 2360 2901 aliquid
2390 2825 2662 2883 habuisse

214 2928 271 2982 ad
314 2929 543 3001 gratiam
586 2936 649 2985 et
689 2946 946 2986 amorem
991 2929 1371 3003 compositum
1417 2927 1778 3003 profitemur.
1841 2928 1995 2998 ,Nou
2027 2933 2114 2985 est
2155 2947 2316 3001 ergo,
2357 2934 2428 2985 ut
2465 2929 2662 2987 verbis

218 3038 419 3090 utamur
472 3033 742 3090 Doctoris
802 3030 1051 3105 angelici
1110 3031 1151 3087 1.
1213 3050 1282 3101 c.,
1345 3030 1796 3105 intelligendum
1855 3032 2007 3109 quod
2067 3031 2332 3089 Christus
2388 3033 2663 3091 habuerit

215 3135 414 3209 capillos
450 3137 637 3195 flavos
654 3182 669 3207 ‚
713 3134 811 3194 vel
850 3136 1033 3192 fuerit
1068 3136 1313 3204 rubeus;
1354 3136 1495 3212 quia
1531 3136 1640 3193 hoc
1679 3154 1798 3192 non
1838 3136 2120 3193 decuisset
2157 3155 2316 3205 eum,
2359 3136 2454 3193 sed
2495 3136 2660 3193 illam

216 3238 670 3311 pulchritudinem
710 3238 1067 3314 corporalem
1105 3240 1317 3296 habuit
1358 3258 1582 3297 summe
1597 3284 1611 3310 ,
1654 3258 1804 3316 quae
1853 3240 2185 3314 pertinebat
2221 3240 2293 3297 ad
2337 3244 2556 3297 statum
2601 3245 2660 3296 et

216 3347 559 3403 reverentiam
600 3351 661 3401 et
701 3344 1127 3417 gratiositatem
1169 3344 1235 3399 in
1274 3346 1549 3418 aspectu.‘
1622 3343 1661 3400 J
1663 3362 1792 3400 esus
1843 3343 2110 3400 Christus
2149 3347 2396 3400 matrem
2448 3344 2659 3401 habuit

220 3444 504 3519 virginem,
546 3450 713 3521 frugi
750 3466 930 3524 aeque
968 3448 1284 3504 modestam
1324 3466 1393 3504 ac
1434 3466 1668 3522 puram,
1711 3449 1876 3504 cuius
1913 3447 2150 3504 vultum
2186 3466 2455 3504 serenum
2495 3446 2660 3503 nulla

218 3554 396 3621 pemati
430 3551 762 3625 originalis,
796 3571 833 3609 a
861 3570 977 3628 qua
1014 3551 1297 3608 immunis
1334 3556 1486 3622 erat,
1520 3550 1679 3607 labes
1711 3552 1948 3608 turbare
1993 3555 2236 3625 poterat.
2299 3552 2392 3607 Ad
2422 3552 2564 3607 haec
2593 3553 2656 3608 in

217 3654 313 3709 eius
338 3659 724 3731 conceptione,
766 3660 928 3726 ortu,
971 3655 1309 3712 educatione
1349 3653 1503 3711 nihil
1543 3654 1934 3712 desideratum
1963 3658 2049 3711 est
2077 3673 2295 3724 eorum,
2345 3673 2494 3731 quae
2521 3674 2657 3711 con-

218 3755 457 3817 ciliandae
512 3759 729 3835 speciei
780 3760 1143 3828 inserviunt,
1200 3758 1625 3834 defueruntque
1679 3759 1900 3828 omnia,
1957 3776 2104 3836 quae
2156 3758 2348 3814 obesse
2399 3763 2656 3832 possunt..

222 3856 453 3921 Excessus
480 3865 595 3922 cibi
628 3870 687 3919 et
718 3868 887 3937 potus
917 3862 983 3919 in
1012 3863 1137 3937 ipso
1169 3861 1385 3931 nullus,
1418 3862 1575 3918 nihil
1607 3862 1672 3919 in
1701 3862 2012 3937 phantasia
2032 3863 2339 3929 absonum;
2381 3864 2560 3919 verbo
2591 3861 2656 3918 in

220 3960 403 4024 Christo
450 3967 603 4025 nihil
659 3967 888 4037 aderat,
944 3966 1097 4043 quod
1142 3966 1215 4023 ad
1261 3966 1449 4023 vitam
1500 3967 1754 4023 sobriam
1807 3967 2286 4041 innocentemque
2333 3963 2654 4021 faciendam

222 4066 461 4146 reliquum
498 4072 727 4128 fuisset.
802 4070 861 4125 Si
910 4069 1147 4126 insolito
1190 4068 1393 4133 vultus
1436 4070 1626 4126 nitore
1671 4068 1926 4127 occultae
1972 4069 2321 4127 Divinitatis
2363 4069 2655 4142 specimen

220 4188 401 4247 'emper
420 4176 811 4231 exhibuisset:
846 4176 910 4230 in
936 4177 1237 4230 tantamne
1261 4174 1661 4247 prorupissent
1683 4173 1983 4230 audaciam
2013 4172 2049 4228 J
2051 4172 2236 4240 udaei,
2271 4170 2650 4247 Romanique,

220 4284 265 4327 ut
288 4296 471 4334 manus
500 4298 565 4335 111
606 4277 784 4335 illum
823 4278 1033 4334 iterato
1072 4275 1415 4334 iniicerent?
1474 4276 1563 4333 De
1608 4276 1940 4333 huiusmodi
1973 4274 2276 4349 splendore
2307 4294 2380 4330 ne
2409 4275 2654 4331 verbum

220 4379 405 4451 quidem
452 4382 625 4439 ullibi
674 4383 739 4438 in
790 4380 1141 4454 Evangeli03
1210 4379 1365 4436 nihil
1410 4381 1481 4435 de
1525 4399 1593 4436 ea
1636 4400 1700 4437 re
1746 4380 1996 4454 produnt
2041 4377 2216 4452 prisci
2259 4376 2318 4433 S.
2351 4378 2554 4435 Patres
2597 4383 2657 4435 et

219 4478 485 4556 Scriptores
514 4486 605 4558 E„
649 4485 865 4562 quibus
894 4504 1081 4561 neque
1110 4484 1371 4541 studium
1402 4484 1617 4553 deerat,
1665 4503 1852 4560 neque
1881 4482 2126 4539 facultas
2171 4481 2460 4553 noscendi,
2507 4500 2656 4559 quae

217 4578 321 4641 Jesu
354 4586 573 4647 Christo
615 4589 807 4647 forma
844 4594 1009 4645 esset.
1070 4588 1230 4645 Huic
1265 4586 1529 4663 opinioni
1572 4606 1687 4643 non
1727 4588 2112 4645 adversantur
2154 4604 2354 4643 eorum
2399 4586 2518 4657 illi,
2551 4588 2653 4663 qui
