3267 5259
586 408 717 475 442
1320 424 1435 465 nist.
1465 424 1571 465 nov.
1600 424 1688 467 cuv.
1717 425 1886 469 Parios.
1915 425 1972 467 11.
1994 436 2090 477 cap.
2119 426 2320 477 primum.

590 596 940 682 opituletur
966 600 1000 661 ¹.
1034 596 1139 663 Ita
1184 596 1267 663 ab
1314 600 1633 665 universis
1681 598 1764 664 ad
1811 600 2100 686 singulos
2147 610 2588 686 transgressus
2620 600 2910 685 videtur3
2951 602 3048 666 sed

586 718 901 795 tanquam
949 733 984 775 e
1032 710 1415 777 diverticulo
1464 714 1531 777 in
1561 716 1736 778 viam
1782 712 1970 797 redit,
2013 724 2080 779 et
2117 714 2397 780 lectores
2427 716 2495 778 in
2523 736 2770 800 genere
2819 716 3052 780 motivis

588 822 967 888 efficacibus
1014 823 1099 889 ad
1146 827 1710 892 conversationem
1761 826 2028 893 coelesti
2089 828 2349 892 civitate
2411 826 2674 913 dignam
2737 827 3050 892 instituit'2.

584 934 725 999 Nec
767 935 1221 1003 liberalitatem
1265 938 1779 1026 Philippensium
1823 942 2340 1027 praetermittere
2385 938 2632 1023 volens,
2688 942 2933 1027 gratias
2989 942 3052 1004 iis

586 1050 723 1133 agit
773 1072 893 1136 pro
956 1049 1127 1116 dono
1191 1050 1368 1137 quod
1429 1054 1706 1139 accepit.
1783 1052 2088 1139 Denique
2149 1054 2305 1139 ipsis
2365 1052 2540 1119 bona
2589 1054 2731 1117 veri
2793 1055 3052 1118 nominis

584 1172 908 1247 precatus,
954 1164 1325 1229 laudatione
1395 1163 1523 1229 Dei
1580 1174 1648 1230 et
1701 1164 2088 1230 salutatione
2135 1166 2352 1231 literas
2399 1164 2641 1230 claudit
2654 1168 2700 1230 3.
2763 1166 3054 1231 Faciliori

587 1276 901 1359 oratione,
932 1285 1127 1363 atque
1176 1278 1390 1342 animo
1437 1278 1648 1363 magis
1679 1278 2046 1365 tranquillo,
2089 1279 2260 1343 hanc
2289 1280 2458 1343 inter
2489 1290 2744 1344 ceteras
2777 1281 3056 1343 exaravit

586 1388 925 1473 epistolam
970 1388 1345 1475 Apostolus,
1407 1412 1538 1477 qua
1590 1392 1691 1455 sui
1755 1392 2177 1456 amantissimi
2238 1391 2454 1457 cordis
2497 1394 2565 1455 in
2607 1391 3052 1480 Philippenses

588 1499 983 1566 documenta
1026 1524 1183 1567 sane
1232 1502 1501 1568 exhibet
1546 1504 1804 1568 eximia.

792 1696 1056 1766 Diffi-assio,
1092 1697 1151 1748 dc
1187 1697 1462 1749 corulitz'one
1498 1703 1658 1749 coetus
1693 1697 2105 1767 Philifwensiwm.
2145 1698 2198 1748 S.
2236 1698 2395 1748 Pauli
2434 1698 2505 1748 ad
2543 1697 2918 1764 Philippenses
2953 1698 3056 1747 lite-

586 1797 670 1831 ras
708 1782 1119 1847 inspicientibus
1168 1799 1292 1833 mox
1336 1789 1503 1849 patet,
1540 1783 1862 1848 Apostolum
1911 1784 2172 1850 singulari
2219 1802 2312 1836 eos
2361 1800 2540 1836 amore
2587 1787 2866 1851 animique
2915 1786 3056 1835 bene-

590 1869 834 1920 volentia
869 1876 1211 1935 prosecutum
1250 1887 1463 1921 esse.—
1504 1870 1623 1921 Hoc
1661 1876 2029 1937 argumentum
2067 1871 2259 1923 diffuse
2303 1878 2618 1938 persecutus
2667 1878 2750 1923 est
2795 1872 2851 1922 J.
2897 1872 3056 1937 Hoog‚

584 1972 730 2021 spec.
768 1958 923 2007 acad.
962 1959 1206 2024 inaugur.
1244 1958 1311 2009 de
1348 1964 1537 2009 coetus
1564 1957 1990 2009 Christianorum
2029 1958 2394 2023 Philippensis
2429 1960 2742 2009 conditione
2778 1962 3056 2023 primaeva,

584 2060 650 2094 ex
676 2060 755 2109 ep.
778 2046 845 2095 iis
866 2046 936 2096 ab
956 2045 1215 2111 Apostolo
1227 2046 1288 2095 P.
1316 2048 1519 2112 scripta
1544 2046 1833 2112 praecipue
1859 2044 2164 2095 iudicanda.
2200 2045 2375 2111 Lugd.
2405 2046 2592 2106 Batav,
2615 2048 2768 2099 1825.
2792 2061 2844 2110 p.
2866 2048 2929 2096 62
2948 2062 3056 2096 s.—

585 2130 777 2182 Statim
803 2134 1156 2198 inscriptione
1182 2134 1477 2199 praemissa
1502 2133 1557 2182 in
1584 2138 1772 2183 coetus
1791 2132 2160 2197 Philippensis
2183 2131 2372 2183 laudes
2399 2135 2648 2193 excurrit,
2675 2138 2841 2197 atque
2860 2134 3059 2183 tenerri-

582 2234 722 2269 mam
772 2234 925 2270 suam
973 2235 1099 2285 erga
1153 2219 1277 2270 illos
1338 2222 1615 2271 caritatem
1677 2218 2044 2270 blandissimis
2100 2221 2279 2271 verbis
2327 2220 2578 2271 declarat.
2647 2220 2828 2270 Huius
2877 2221 3059 2270 amoris

588 2306 810 2357 effectus
850 2312 979 2369 erat,
1019 2306 1163 2372 quod
1200 2308 1416 2372 saepius
1454 2322 1635 2357 eorum
1663 2308 1970 2357 meminisse
1995 2305 2223 2369 solebat,
2261 2324 2362 2358 nec
2397 2324 2508 2359 non
2543 2324 2640 2373 pro
2677 2323 2863 2358 eorum
2898 2306 3058 2357 salute

585 2393 759 2443 Deum
794 2394 1044 2459 precibus
1083 2392 1261 2457 adire;
1298 2393 1460 2444 simul
1498 2410 1623 2445 vero
1661 2394 1729 2445 ob
1767 2394 2044 2461 religionis
2073 2394 2398 2445 christianae
2435 2396 2574 2445 inter
2609 2410 2703 2445 eos
2742 2395 3058 2443 incrementa

587 2480 825 2531 fervidas
864 2481 1057 2531 Eidem
1094 2483 1296 2547 gratias
1334 2496 1509 2547 agere.
1559 2480 1715 2532 Unde
1765 2487 1819 2530 et
1853 2480 2228 2546 Philippenses
2274 2481 2424 2532 adire
2469 2496 2760 2546 eorumque
2797 2481 3056 2531 consortio

583 2568 687 2617 frui
712 2570 1071 2635 maximopere
1098 2569 1439 2619 desideravit.
1478 2568 1583 2632 Qui
1613 2568 1877 2635 singulari
1900 2568 2146 2633 Apostoli
2185 2570 2354 2619 amori
2379 2569 2570 2634 dignos
2598 2584 2656 2619 se
2680 2570 3058 2633 praestiterant

583 2656 982 2721 Philippenses,
1020 2656 1183 2707 iidem
1209 2657 1435 2707 Paulum
1475 2672 1688 2721 quoque
1725 2657 1906 2721 magni
1944 2655 2234 2719 faciebant,
2273 2662 2435 2721 atque
2473 2656 2636 2705 studii
2674 2657 2762 2705 sui
2787 2670 2918 2721 erga
2951 2670 3058 2703 eum

584 2758 713 2809 prae
750 2744 945 2795 ceteris
984 2744 1305 2795 documenta
1354 2743 1547 2795 dedere
1597 2742 2040 2793 luculentissima.
2088 2742 2133 2793 A
2171 2744 2340 2808 primo
2377 2742 2503 2793 inde
2539 2751 2804 2808 tempore,
2857 2757 2959 2808 quo
2994 2740 3056 2789 ad

588 2828 787 2880 Christi
812 2846 965 2880 sacra
990 2832 1331 2893 transierant,
1360 2832 1463 2880 iam
1490 2831 1621 2895 ipsis
1648 2829 1808 2880 factis
1829 2830 1932 2880 hoc
1957 2830 2265 2895 probarunt,
2295 2830 2428 2880 Eius
2455 2830 2662 2894 legatos
2689 2844 3012 2894 summopere
3029 2842 3058 2875 a

586 2932 644 2966 se
679 2918 967 2979 aestimari,
1004 2924 1167 2983 atque
1204 2934 1387 2969 eorum
1426 2918 1738 2967 necessitati
1763 2922 1818 2967 et
1841 2916 2119 2967 commodo
2147 2918 2423 2980 inservire,
2461 2918 2770 2982 primarium
2807 2916 2910 2967 sibi
2948 2930 3056 2964 esse

586 3002 837 3054 officium.
890 3005 1087 3055 Coetus
1124 3005 1489 3071 Philippensis
1539 3005 1782 3055 homines
1832 3009 2088 3070 percepta
2121 3007 2318 3055 misera
2352 3020 2526 3055 rerum
2559 3003 2722 3055 Pauli
2761 3004 3056 3055 conditione

584 3107 679 3156 per
704 3092 1127 3157 Epaphroditum
1154 3093 1528 3143 succurebant.
1553 3094 1603 3153 4,
1633 3095 1716 3142 10.
1746 3094 1825 3142 11.
1855 3094 1936 3144 18.
1975 3092 2110 3153 Quis
2141 3097 2321 3142 autem
2347 3091 2751 3158 Epaphroditus
2775 3091 2868 3141 ille
2891 3090 3058 3147 fuerit,

585 3184 731 3229 certo
758 3179 867 3229 dici
899 3180 1103 3245 nequit.
1130 3175 1569 3247 ,,Ἐπαφρόδιτος“,
1596 3180 1885 3240 Venustus,
1910 3194 2104 3230 nomen
2137 3180 2280 3245 apud
2305 3180 2574 3230 Romanos
2613 3196 2722 3230 non
2763 3179 3058 3243 infrequens

588 3294 650 3303 —
676 3282 724 3315 v.
751 3266 1015 3330 Tacitum,
1044 3266 1233 3316 Annal.
1254 3266 1370 3329 XV,
1398 3268 1479 3317 55.
1505 3266 1576 3329 11,
1609 3268 1723 3317 153.
1753 3267 2080 3327 Svetonium,
2110 3266 2403 3316 Domitiani
2433 3268 2514 3316 15.
2539 3282 2589 3331 p.
2611 3268 2733 3316 368.
2756 3264 3059 3329 Josephum‚

586 3350 688 3417 βίος
726 3356 773 3417 §-
820 3354 900 3404 76.
944 3370 979 3419 p
1040 3356 1122 3403 39.
1161 3353 1545 3418 inscriptiones
1585 3354 1667 3404 ed.
1705 3352 1912 3404 Bockh.
1953 3352 2012 3403 C.
2047 3354 2082 3405 i.
2121 3354 2271 3403 1811.
2311 3354 2464 3403 2562.
2500 3352 2563 3402 A.
2610 3351 2673 3403 G.
2718 3352 3062 3409 Hoelemann,

585 3438 786 3491 Comm.
814 3442 870 3489 in
897 3456 979 3506 ep.
1006 3441 1067 3491 P.
1094 3440 1163 3491 ad
1190 3438 1422 3505 Philipp.
1450 3440 1599 3505 Lips.
1630 3442 1788 3491 1839.
1815 3456 1866 3505 p.
1893 3442 2010 3491 203.
2031 3442 2209 3491 minus
2233 3448 2377 3491 recte
2403 3442 2786 3505 interpretatur
2809 3440 2980 3489 Felix.
3004 3464 3060 3473 -—

585 3528 769 3577 Plures
806 3533 1101 3595 praeeunte
1128 3526 1335 3591 Grotio,
1374 3532 1553 3577 annot.
1592 3528 1650 3576 in
1688 3544 1767 3592 ep.
1796 3527 1868 3577 ad
1891 3525 2123 3593 Philipp.
2151 3530 2200 3587 2,
2227 3530 2310 3579 25.
2337 3528 2433 3587 ΙΙΙ,
2459 3530 2578 3579 914.
2619 3528 2847 3577 eundem
2870 3526 3066 3576 habent

584 3630 704 3664 cum
751 3614 1006 3679 Epaphra
1056 3614 1125 3664 ad
1178 3614 1387 3665 Coloss.
1429 3617 1473 3675 1,
1504 3616 1549 3664 7.
1575 3616 1624 3675 4,
1655 3617 1735 3664 12.
1769 3613 1994 3664 Philem.
2033 3616 2136 3677 23„
2173 3616 2291 3665 sola
2337 3615 2688 3665 similitudine
2735 3616 2966 3665 nominis
3001 3610 3066 3661 ad

584 3702 639 3751 id
680 3701 991 3752 sumendum
1017 3702 1243 3753 inducti.
1279 3702 1605 3752 Tarracinae
1643 3704 1700 3750 in
1735 3701 1896 3751 ltalia
1921 3704 2232 3767 episcopum
2260 3702 2466 3753 faciunt
2489 3701 2710 3753 tabulae
2748 3701 3067 3752 eeclesiasti-

585 3804 697 3839 cae.
738 3789 819 3840 cf.
845 3790 986 3839 Acta
1024 3788 1075 3839 S.
1114 3790 1167 3840 S.
1208 3788 1486 3852 Bollandi‚
1524 3789 1678 3841 Mart.
1718 3789 1811 3852 ΙΙΙ,
1847 3790 1967 3840 369.
2005 3806 2046 3839 s.
2100 3789 2206 3843 Cfr.
2243 3806 2290 3855 p.
2327 3792 2363 3839 i.
2396 3790 2450 3840 J.
2492 3790 2554 3840 G.
2595 3792 2966 3848 Heineccium‚
3007 3788 3067 3835 de

587 3876 845 3926 ministris
885 3875 1178 3926 Caesarum
1213 3875 1494 3941 gentilium
1534 3874 1856 3927 christianis.
1893 3876 2018 3927 Hal.
2057 3879 2208 3927 1712.
2243 3894 2293 3943 p.
2325 3880 2403 3927 13.
2431 3894 2473 3927 s.
2509 3878 2560 3927 J.
2597 3878 2660 3928 A.
2701 3878 2845 3943 Siep,
2881 3890 3068 3927 comm.

586 3963 651 4013 de
676 3963 1047 4028 Epaphrodito
1076 3962 1505 4029 Philippensium
1532 3964 1799 4028 apost010.
1824 3965 1974 4029 Lips.
2004 3966 2152 4014 1741.
2190 3965 2240 4014 J.
2270 3966 2336 4015 D.
2365 3965 2683 4027 Strohbach,
2725 3965 2792 4015 de
2822 3963 3068 4029 Epaphra

588 4051 900 4101 Colossensi
938 4051 1087 4116 Lips.
1129 4054 1278 4101 1710.
1319 4051 1623 4113 Klotszsch‚
1663 4050 1729 4101 de
1769 4054 2058 4102 occasione
2096 4060 2150 4102 et
2185 4052 2366 4103 indole
2403 4068 2487 4117 ep.
2525 4053 2596 4102 ad
2617 4052 2913 4102 Philemon.
2961 4049 3066 4096 vit.

586 4142 734 4189 1792.
765 4155 814 4204 p.
846 4141 890 4189 7.
930 4138 1304 4203 Philippenses
1334 4138 1555 4189 Doctori
1582 4140 1822 4204 gentium
1847 4140 2092 4189 subsidia
2117 4140 2332 4190 allaturi
2357 4156 2452 4205 per
2487 4139 2912 4206 Epaphroditum
2938 4153 2992 4185 u.
3021 4151 3069 4183 v.

583 4229 842 4277 miserunt
879 4226 1077 4277 donum
1115 4242 1244 4275 sane
1279 4226 1511 4292 insigne.
1568 4225 1714 4287 Quid
1764 4226 1976 4292 proprie
2025 4227 2217 4277 fuerit?
2263 4244 2368 4277 non
2418 4226 2642 4292 dicitur;
2679 4229 2809 4292 quia
2844 4238 3070 4275 comme·

586 4315 882 4363 moratione
928 4312 1072 4363 haud
1133 4312 1381 4379 indiguit,
1431 4312 1874 4379 Philippensibus
1922 4315 2060 4363 enim
2111 4320 2292 4364 notum
2351 4321 2465 4363 erat
2511 4314 2782 4379 quodnam
2831 4310 3072 4362 miserint

584 4416 772 4450 munus
828 4401 1201 4451 verisimiliter
1239 4402 1495 4466 pecunias
1534 4400 1845 4451 obtulerunt
1881 4402 1944 4451 ei.
2005 4401 2298 4451 Fortunam
2336 4401 2627 4451 secundam
2665 4416 2835 4467 aeque
2868 4415 2936 4448 ac
2975 4394 3068 4446 ad-

798 4613 834 4678 ¹)
872 4616 921 4676 4,
948 4616 997 4663 2.
1026 4616 1073 4663 3.
1122 4612 1163 4679 2)
1203 4616 1251 4677 4,
1280 4616 1433 4664 4-9,
1487 4614 1529 4674 ³)
1570 4615 1618 4673 4,
1652 4616 1869 4664 10-23.
