3267 5259
594 414 718 478 184
1345 422 1543 465 Dodecas
1570 422 1936 473 Disquisitionum
1963 419 2319 473 theologicarum.

598 611 695 677 11,
732 610 788 662 4.
820 626 888 676 s.,
934 604 1081 662 item
1120 604 1173 661 1.
1204 602 1463 679 Paralip.
1500 608 1557 674 6,
1596 607 1695 660 18.
1728 622 1773 659 s.
1808 606 1852 659 t.
1885 621 1937 659 0.
1983 600 2148 659 Haec
2191 606 2496 659 annotasse
2539 618 2658 656 non
2705 599 2808 656 abs
2837 617 2899 655 re
2924 607 3047 667 erat,

592 714 660 766 ut
703 707 1013 784 praecipue
1056 708 1273 765 fundus
1318 705 1719 784 disquisitioni
1763 710 1995 763 nostrae
2037 706 2464 774 substernatur,
2523 708 2698 780 atque
2741 706 3051 760 controver-

594 832 690 870 sae
736 812 1225 886 Genealogiarum
1269 808 1746 867 circumstantiae
1789 828 1854 867 eo
1898 808 2134 866 facilius
2187 807 2476 883 explicari
2505 806 2749 882 possint.
2795 814 2848 862 ¹0.
2895 806 3054 861 Causa

593 920 653 973 et
695 916 883 973 finis
931 915 1349 990 descriptae
1395 933 1432 971 a
1473 933 1519 971 s.
1566 914 1934 971 Matthaeo
1979 911 2456 985 Genealogiae
2507 911 2654 967 fuit:
2730 915 2798 967 ut
2849 918 3054 985 praeter

594 1025 787 1077 cetera
830 1018 1184 1089 testimonia,
1232 1019 1413 1076 etiam
1456 1018 1594 1075 inde
1640 1017 1856 1075 certius
1903 1021 2210 1089 constaret,
2258 1017 2420 1072 hunc
2459 1014 2498 1071 J
2499 1034 2662 1071 esum
2705 1033 2826 1071 esse
2867 1032 3051 1069 verum

594 1123 885 1181 Messiam.
947 1121 1103 1184 Quia
1131 1123 1242 1180 hac
1270 1122 1498 1180 ratione
1527 1121 1820 1195 originem
1847 1140 2014 1178 suam
2044 1120 2362 1177 secundum
2391 1138 2628 1177 carnem
2657 1138 2734 1175 ex
2764 1116 2870 1174 illa
2895 1116 3054 1190 stirpe

594 1228 827 1285 duxisse
874 1228 1397 1297 demonstrabatur,
1437 1245 1613 1303 quam
1659 1224 1946 1283 vaticinia
1975 1224 2046 1281 V.
2080 1224 2146 1281 T.
2193 1226 2268 1282 ad
2309 1226 2419 1281 hoc
2461 1228 2636 1281 antea
2681 1222 3053 1295 designarunt.

596 1334 791 1408 Atque
836 1330 923 1389 ita
964 1331 1039 1387 ad
1084 1334 1315 1391 nostrae
1358 1330 1537 1387 etiam
1584 1329 1649 1385 in
1693 1328 1995 1393 „Christum
2039 1327 2176 1385 fidei
2223 1325 2728 1385 confirmationem
2771 1324 3056 1399 descriptio

596 1435 771 1493 huius
802 1434 1169 1509 genealogiae
1198 1434 1402 1492 servit.
1449 1433 1507 1491 S.
1533 1432 1752 1491 Paulus
1782 1432 1942 1497 enim
1971 1434 2044 1491 ad
2067 1432 2356 1491 Romanos
2387 1438 2440 1501 1,
2470 1436 2528 1489 2.
2560 1430 2798 1489 scribit:
2831 1431 2894 1487 in
2915 1428 3054 1485 A.F.

596 1543 684 1596 est
714 1534 1069 1614 ,ἑτιῖαγγελίιιιι
1114 1539 1461 1614 promittens
1506 1536 1842 1607 Christum;
1891 1537 1956 1593 in
1985 1537 2062 1595 N.
2093 1536 2160 1593 F.
2193 1540 2280 1593 est
2319 1532 2692 1611 ,εἰιαγγέλιονι
2725 1533 3056 1592 annuntians

598 1642 919 1700 Christum.
956 1642 1205 1699 Sanctus
1220 1662 1359 1699 vero
1378 1642 1565 1699 Lucas
1590 1640 1822 1715 longius
1844 1660 2020 1717 quam
2041 1661 2088 1697 s.
2106 1641 2440 1697 Matthaeus
2459 1638 2853 1715 progreditur.
2877 1638 3056 1695 Osten-

597 1766 770 1805 surus
814 1766 933 1803 non
980 1765 1193 1804 novam
1238 1765 1357 1803 esse
1401 1746 1732 1803 doctrinam
1775 1744 2087 1818 Evangelii
2119 1746 2190 1801 de
2219 1743 2599 1801 Redemtione
2629 1763 2736 1819 per
2763 1742 3056 1809 Christum,

598 1852 695 1908 sed
742 1852 813 1908 ab
858 1849 1034 1907 initio
1078 1849 1279 1907 mundi
1340 1849 1543 1906 statim
1586 1854 1718 1925 post
1775 1848 2007 1923 lapsum
2067 1852 2224 1907 certo
2286 1847 2398 1905 Dei
2453 1849 2634 1906 verbo
2695 1851 2950 1905 notatam
2989 1875 3059 1885 -

601 1954 681 2013 Η.
716 1954 789 2012 V.
824 1954 890 2011 Τ.
938 1974 996 2029 p.
1044 1958 1141 2012 15.
1181 1959 1279 2011 16.
1328 1986 1431 2025 -—‚
1480 1953 1742 2010 ascendit
1800 1972 1916 2009 non
1980 1957 2212 2011 tantum
2269 1971 2452 2030 usque
2509 1953 2582 2009 ad
2634 1953 2948 2017 Adammm
3005 1954 3061 2005 ut

600 2061 800 2117 doceat
852 2057 1003 2133 ipsos
1062 2062 1502 2134 protoparentes
1562 2076 1698 2113 cum
1757 2056 2027 2115 fidelibus
2086 2056 2205 2114 suis
2270 2056 2476 2115 liberis
2535 2056 2650 2113 hac
2707 2054 3062 2131 promissione

599 2168 886 2221 servatos:
944 2162 1043 2220 sed
1098 2162 1262 2219 addit
1320 2161 1431 2237 ,τοῦ
1478 2155 1665 2232 Ἀδάμ
1706 2159 1798 2215 τοῦ
1844 2155 2028 2217 Θεοῦί.
2093 2160 2274 2224 Queis
2317 2159 2574 2218 ostendit
2621 2160 2880 2235 primum
2923 2160 3058 2216 Ada-

601 2286 779 2338 mum‚
826 2273 898 2325 ut
940 2266 1203 2344 loquitur
1246 2286 1291 2322 s.
1335 2264 1553 2322 Paulus
1597 2265 1671 2322 ad
1721 2264 1887 2322 Rom.
1938 2270 1994 2336 5,
2034 2269 2132 2322 13.
2179 2286 2225 2323 s.
2245 2310 2259 2335 ‚
2323 2270 2383 2323 et
2425 2265 2749 2323 secundum
2795 2264 3062 2321 Adamum

601 2370 732 2429 coll.
779 2371 812 2427 I
846 2370 975 2428 Cor.
1016 2375 1111 2441 15,
1150 2374 1249 2426 45.
1298 2368 1552 2425 conferri
1597 2369 1824 2427 debere.
1873 2369 2113 2447 Hocque
2150 2370 2338 2444 gradu
2368 2368 2592 2427 attollit
2635 2370 2858 2426 animos
2889 2368 3062 2424 Evan-

602 2474 813 2549 gelista
856 2476 929 2532 ad
974 2475 1319 2532 credendam
1364 2473 1818 2548 Reparationem
1860 2473 2094 2544 salutis,
2142 2494 2290 2552 quae
2349 2494 2454 2549 per
2497 2472 2818 2543 Christum,
2863 2474 2928 2531 in
2968 2490 3064 2549 quo

603 2579 810 2636 divina
854 2585 1071 2637 natura
1114 2577 1226 2653 ,τοῦ
1268 2574 1460 2651 λὸγουι
1511 2576 1625 2635 sibi
1673 2576 1873 2635 univit
1915 2580 2254 2649 humanam,
2301 2579 2535 2637 demum
2579 2578 2738 2635 facta
2779 2584 2882 2635 est.

810 2682 1090 2754 Secunda,
1118 2702 1264 2759 quae
1288 2680 1553 2759 sequitur
1576 2701 1654 2739 ex
1679 2681 1887 2758 prima,
1921 2682 2182 2759 quaestio
2213 2682 2320 2741 illa
2347 2682 2564 2741 nobilis
2593 2688 2716 2740 est:
2749 2682 3064 2761 quomodo

602 2808 647 2845 s.
673 2788 1127 2845 Matthaeus
1156 2785 1582 2844 conveniat
1619 2805 1780 2843 cum
1807 2806 1855 2844 s.
1881 2785 2087 2844 Luca
2116 2787 2196 2844 in
2237 2788 2582 2845 texenda
2611 2786 3067 2860 Geneologis

603 2890 646 2947 C
664 2892 705 2947 h
722 2890 834 2948 ris
853 2890 955 2948 ti?
1006 2892 1057 2947 E
1089 2889 1396 2948 collatione
1428 2889 1680 2965 duplicis
1709 2890 1887 2947 huius
1918 2889 2302 2965 Genealogiae
2347 2910 2485 2949 mox
2515 2895 2694 2967 patet,
2727 2890 2980 2965 geminas
3005 2908 3066 2945 ex
3182 2860 3183 2881 Ξ

604 2996 801 3053 eodem
845 2994 1073 3051 Davide
1117 3013 1221 3069 per
1264 2995 1601 3049 Salomonem
1636 2994 1886 3051 alteram
1929 2994 2145 3053 Matth.
2185 3000 2240 3066 1,
2277 3000 2334 3052 6.
2375 3000 2450 3066 7.,
2497 2994 2748 3053 alteram
2797 3014 2934 3051 vero
2985 3012 3067 3068 per
3182 3058 3183 3061 Ἴ

606 3101 912 3156 Nathanem
934 3099 1077 3155 Luc.
1108 3103 1163 3167 3,
1192 3102 1291 3155 31.
1326 3097 1455 3155 coll.
1477 3099 1546 3154 ΙΙ
1567 3098 1709 3172 Reg.
1738 3103 1835 3167 12,
1859 3102 1960 3155 25.
1995 3099 2179 3155 IPar.
2202 3103 2258 3170 3,
2281 3104 2339 3156 5.
2373 3098 2661 3169 familias3
2689 3100 2754 3157 in
2777 3096 3068 3157 Salathiele
3182 3110 3183 3125 ¹

605 3208 665 3261 et
693 3201 1042 3261 Zorobabele
1072 3202 1289 3259 Matth.
1328 3207 1433 3272 12,
1474 3206 1573 3259 13.
1613 3205 1712 3259 14.
1759 3202 1904 3259 Luc.
1941 3207 1995 3273 3,
2034 3207 2134 3260 27.
2167 3201 2299 3259 coll.
2347 3202 2379 3259 1
2411 3204 2548 3260 Par.
2585 3208 2640 3274 3,
2683 3208 2781 3261 17.
2819 3208 2915 3260 19.
2951 3220 3066 3259 con-

608 3308 855 3377 iunctas,
890 3306 1132 3364 coivisse
1176 3304 1396 3362 iterum
1436 3305 1502 3361 in
1530 3305 1670 3362 Jesu
1699 3304 1822 3363 filio
1851 3306 1920 3363 B.
1953 3305 2178 3363 Mariae
2209 3306 2281 3363 V.
2313 3310 2374 3363 et
2403 3306 2667 3382 patruele
2695 3307 2926 3382 Joseph.
2991 3306 3070 3361 Ita

606 3412 873 3489 quidem:
918 3415 986 3468 ut
1016 3429 1169 3467 unus
1199 3408 1468 3465 Christus
1497 3408 1607 3466 flos
1639 3414 1802 3481 esset,
1837 3410 1961 3468 sive
1991 3429 2228 3483 germen
2258 3410 2416 3467 Jesse
2447 3410 2576 3467 coll.
2612 3410 2754 3468 Isai.
2790 3416 2960 3480 11,1.
2985 3414 3066 3477 10,

606 3516 772 3571 Rom.
812 3520 909 3585 15,
950 3520 1069 3585 12„
1118 3513 1276 3571 filius
1321 3513 1567 3571 Davidis
1612 3518 1674 3571 et
1709 3512 2048 3585 Salomonis,
2097 3520 2156 3571 et
2199 3514 2618 3590 promissorum
2659 3533 2808 3591 quae
2851 3514 3062 3590 utrique

607 3619 763 3676 facta
792 3624 931 3675 sunt
959 3620 1180 3675 haeres.
1236 3617 1353 3675 Ubi
1384 3638 1525 3675 vero
1555 3618 1870 3675 eorundem
1903 3617 2416 3693 Evangelistarum
2447 3618 2622 3675 series
2655 3618 3069 3692 generat-ionum

604 3740 865 3799 expansa
908 3723 1164 3797 penitius
1214 3720 1559 3797 inspicitur,
1608 3721 1783 3797 plura
1825 3728 1965 3779 sunt
2015 3742 2164 3801 quae
2207 3722 2508 3797 negotium
2551 3722 2800 3781 faciunt.
2877 3740 2925 3777 α.
2969 3722 3068 3778 Cur
3182 3732 3183 3739 ’

606 3848 653 3885 s.
678 3828 1013 3885 Matthaeus
1056 3825 1455 3900 genealogiam
1486 3825 1551 3883 in
1590 3830 1708 3883 tres
1750 3822 2228 3902 τεσσαραδὲκαδας
2249 3859 2337 3868 -
2357 3831 2429 3884 ut
2457 3825 2784 3902 adpellavit
2811 3848 2858 3884 s.
2883 3826 3068 3883 Hiero·
3182 3842 3183 3901 {

606 3952 839 4009 nymus,
874 3950 1078 3989 comm.
1110 3931 1175 3987 in
1212 3931 1428 3989 Matth.
1460 3930 1502 3989 l.
1534 3930 1587 3988 I.
1621 3950 1680 4006 p.
1718 3936 1817 3988 11.
1851 3962 1932 3971 --
1965 3930 2373 4001 distribuerim
2420 3937 2596 4008 atque
2637 3926 2688 4001 β.
2732 3951 2912 4008 quare
2939 3931 3070 3987 idem

606 4038 850 4095 inducta
880 4035 1105 4111 triplici
1138 4036 1580 4106 tessaradecade,
1614 4036 1865 4092 secundo
1893 4035 1960 4091 in
1990 4034 2306 4093 intervallo
2335 4040 2454 4093 tres
2483 4034 2890 4109 generationes
2929 4035 3070 4091 Jora·

610 4160 771 4199 mum
814 4140 973 4197 inter
1017 4145 1077 4197 et
1120 4139 1325 4197 Oziam
1368 4138 1661 4209 omiserit3
1709 4138 1854 4196 item
1895 4138 2234 4196 Joakimum
2277 4140 2312 4197 J
2317 4121 2480 4197 osiae·
2513 4139 2742 4211 filium,
2790 4138 3072 4199 Jechonise
3182 4148 3183 4195 3

609 4250 872 4320 patrem3
920 4248 979 4301 et
1010 4244 1184 4301 tertio
1214 4243 1281 4300 in
1310 4242 1627 4301 intervallo
1661 4275 1745 4283 —
1775 4243 1928 4320 quod
1973 4245 2220 4301 secundo
2267 4242 2558 4319 prolixius
2603 4245 2762 4319 apud
2800 4264 2849 4302 s.
2881 4244 3072 4301 Lucam
3182 4306 3183 4325 ἢ

610 4349 752 4405 duas
791 4368 969 4425 supra
998 4347 1216 4423 viginti
1264 4346 1666 4421 generationes
1711 4346 2117 4422 complectitur
2149 4380 2226 4389 —-
2263 4348 2544 4406 tredecim
2585 4349 2900 4407 dumtaxat
2927 4366 3072 4423 gene-

611 4452 867 4509 rationes
896 4451 1241 4511 induxerit?
1284 4452 1449 4509 Unde
1478 4450 1566 4523 fit,
1602 4456 1668 4509 ut
1699 4472 1736 4509 a
1763 4473 1809 4509 s.
1834 4452 2134 4510 Matthaeo
2165 4471 2282 4509 non
2313 4452 2510 4527 plures
2540 4472 2718 4530 quam
2749 4452 2962 4528 viginti
2991 4468 3074 4507 sex
3182 4432 3183 4491 Ῐ

611 4574 648 4612 a
678 4555 905 4614 Davide
936 4558 1007 4613 ad
1038 4558 1071 4614 J
1076 4557 1355 4632 osephum
1372 4616 1379 4625 ,
1394 4555 1796 4630 generationes
1840 4556 2224 4614 intermediae
2263 4561 2713 4627 enumerentur3
2760 4577 2797 4615 a
2825 4579 2870 4616 s.
2903 4564 3072 4615 autem
