3267 5259
1200 474 1364 515 christi
1391 475 1594 517 mutio.
2560 463 2646 528 29

353 754 410 833 ξ.
455 754 514 819 9.
594 750 986 816 Christus
1031 753 1110 816 in
1157 752 1500 817 deserto
1548 774 1588 816 a
1633 752 1981 819 diabolo
2027 762 2429 818 tentatur.

359 942 769 1028 Baptismum
856 940 1094 1007 Christi
1183 945 1442 1029 excepit
1529 942 1871 1008 conflictus
1935 942 2042 1008 ille
2126 943 2464 1027 mirabilis,
2535 946 2642 1029 qui

180 1054 534 1135 ,dominicae
582 1056 1051 1120 incarnationis
1098 1054 1482 1142 triumphale
1524 1058 1903 1141 mysterium
1928 1059 2135 1121 sonat‘
2160 1060 2197 1119 ¹.
2246 1055 2439 1120 Jesus
2476 1078 2641 1120 voce

177 1167 366 1231 Patris
409 1177 862 1250 consecratus,
911 1190 994 1231 ne
1038 1167 1138 1232 his
1186 1167 1446 1253 quidem
1507 1169 1694 1233 iactis
1742 1168 2028 1233 exordiis
2089 1169 2309 1254 coepit
2350 1170 2643 1253 protinus

181 1281 558 1363 concionari3
615 1281 798 1367 prius
853 1282 1027 1344 enim
1072 1289 1324 1346 motore
1373 1279 1618 1368 Spiritu
1673 1291 1898 1346 sancto
1946 1282 2013 1345 in
2054 1290 2309 1345 vastam
2356 1279 2641 1346 solitudi-

179 1392 348 1456 nem²
389 1394 663 1457 secessit
680 1394 724 1477 ³,
760 1395 1093 1479 vitamque
1127 1393 1208 1458 ab
1244 1394 1418 1458 omni
1448 1392 1781 1458 hominum
1816 1403 2175 1479 conspectu
2205 1402 2284 1457 a'c
2318 1392 2639 1479 colloquio

179 1504 554 1589 disiunctam‚
593 1506 768 1569 inter
812 1504 987 1569 seras
1033 1516 1348 1589 versatuS,
1389 1528 1594 1591 agens
1643 1504 2074 1592 quadra-ginta
2120 1505 2369 1570 dierum
2409 1506 2639 1591 spatiO,

178 1621 326 1683 omni
380 1618 525 1683 cibo
587 1640 670 1683 ac
726 1628 888 1704 potu
933 1617 1303 1683 abstinuit&
1387 1618 1645 1701 Hieme,
1703 1642 1833 1705 qua
1883 1641 2099 1705 neque
2160 1617 2369 1684 solum
2422 1640 2639 1704 neque

177 1729 347 1797 arbor
407 1730 722 1795 alimenta
783 1730 1068 1813 ferebat,
1129 1730 1535 1796 nutriebatur
1598 1733 1663 1795 vi
1731 1732 2027 1795 Numinis
2046 1735 2086 1795 5.
2170 1730 2392 1797 Verbo
2463 1730 2641 1817 quod

176 1846 466 1927 processit
496 1866 586 1909 ex
620 1867 736 1909 ore
766 1844 915 1929 Dei,
955 1844 1058 1907 Tu
1099 1850 1186 1909 es·
1214 1844 1380 1908 filius
1425 1868 1609 1909 meus
1658 1843 1931 1909 dilectus
1974 1846 2039 1907 in
2088 1866 2216 1929 quo
2264 1843 2417 1907 mihi
2466 1866 2638 1908 com-

174 1954 384 2041 placui‘
407 1960 450 2019 ⁶.
539 1956 836 2021 Humani
901 1957 1162 2041 generis
1220 1955 1422 2022 hostis
1483 1955 1781 2021 diabolus
1810 1960 1850 2038 ⁷,
1929 1956 2255 2021 Christum
2315 1957 2484 2022 forte
2554 1980 2639 2021 ex

173 2066 358 2131 Patris
409 2091 580 2134 voce
637 2068 884 2134 Deum
943 2071 1337 2157 suspicatus,
1385 2093 1502 2156 spe
1556 2079 1778 2134 tamen
1830 2072 2175 2153 victoria-e,
2221 2067 2398 2154 quod
2443 2067 2637 2153 solus,

176 2180 328 2265 quod
366 2183 432 2246 in
471 2204 699 2247 eremo
725 2181 977 2265 lateret,
1017 2181 1288 2268 adgredi
1326 2181 1542 2247 audet.
1604 2182 1955 2247 Potestatis
1991 2184 2123 2246 vim
2164 2181 2637 2268 exploraturuS,

173 2292 538 2359 consulentis
570 2317 860 2381 persona
891 2294 1172 2361 ostendit
1209 2297 1268 2359 ei
1304 2294 1665 2359 remedium
1712 2293 2057 2381 pellendae
2095 2294 2317 2359 famis:
2364 2293 2637 2380 lapides,

175 2409 394 2472 exactis
461 2406 902 2493 quadraginta
971 2409 1189 2473 ieiunii
1259 2407 1520 2491 diebuS,
1577 2408 1768 2473 offert
1831 2407 2178 2472 mutandos
2245 2410 2309 2471 in
2377 2429 2635 2493 panem.

359 2644 392 2712 ¹)
437 2648 514 2697 Ut
563 2647 839 2713 eleganter
887 2649 1192 2699 observavit
1235 2646 1290 2697 S.
1323 2648 1587 2699 Maximus
1629 2649 1718 2711 T.,
1758 2649 1895 2698 hom.
1933 2648 2089 2697 hiem.
2127 2648 2297 2697 LXII.
2335 2646 2401 2697 de
2438 2646 2635 2709 Quadr.

173 2731 250 2780 vl.
273 2750 330 2799 p.
365 2736 478 2783 126.
543 2733 586 2801 ²)
625 2736 691 2784 V.
727 2736 850 2785 Not.
885 2740 925 2784 t.
958 2752 1000 2785 s.
1034 2750 1212 2801 geogr.
1244 2752 1296 2800 p.
1321 2736 1487 2785 XXV.
1550 2732 1590 2800 ³)
1627 2736 1833 2785 Hiemis
1870 2740 2124 2800 tempore,
2163 2751 2283 2785 cum
2319 2738 2380 2783 ut
2412 2734 2639 2784 vidimus

175 2818 218 2865 in
251 2819 536 2885 Prolegom.
552 2858 565 2883 ,
607 2821 700 2870 VI.
736 2821 984 2874 Januarii
1017 2822 1322 2888 baptizatus
1371 2823 1574 2873 fuisset.
1633 2820 1677 2888 ⁴)
1713 2823 2035 2887 Perpetuum
2072 2822 2175 2871 fuit
2209 2822 2324 2871 eius
2368 2822 2638 2884 ieiunium,

173 2905 296 2969 quod
338 2908 596 2958 indicavit
645 2924 687 2958 s.
723 2910 822 2958 Ev.
859 2908 1164 2959 Matthaeus
1211 2909 1350 2959 diem
1398 2913 1452 2959 et
1497 2913 1707 2958 noctem
1755 2910 1815 2969 4,
1864 2910 1912 2957 2.
1958 2910 2256 2959 nominans.
2316 2908 2359 2973 ⁵)
2408 2908 2639 2959 Divinae

171 2992 332 3041 virtuti
376 2995 695 3045 adscribunt
735 3012 778 3045 s.
805 3012 847 3045 s.
871 2996 932 3046 P.
959 2997 1018 3045 P.
1046 2996 1191 3061 quod
1221 3001 1362 3047 totos
1397 2995 1518 3045 illos
1557 2996 1913 3061 quadraginta
1948 2996 2063 3045 dies
2101 2997 2216 3046 sine
2252 2996 2372 3045 cibo
2410 3010 2474 3045 ac
2509 3000 2640 3061 potu

173 3082 462 3146 transegerit
485 3082 750 3133 Christus.
786 3082 866 3132 Cf.
893 3081 947 3132 S.
972 3084 1116 3133 Petri
1143 3082 1475 3148 Chrysologi,
1507 3098 1663 3133 serm.
1688 3083 1783 3132 XI.
1808 3100 1860 3148 p.
1887 3084 1969 3132 19.
2008 3082 2258 3145 „divinae
2294 3082 2507 3132 virtutis
2540 3082 2643 3131 fuit

173 3180 256 3228 per
279 3166 386 3217 dies
411 3168 776 3233 quadraginta
811 3171 1038 3219 esuriem
1074 3185 1182 3219 non
1218 3169 1470 3219 habere.“
1519 3168 1766 3219 Nonullis
1804 3169 2017 3234 quidem
2054 3169 2432 3235 interpretibus
2467 3170 2641 3219 visum

174 3257 242 3299 est
273 3268 332 3302 ex
367 3256 626 3305 eminenti
661 3271 836 3305 rernm
873 3256 1172 3305 divinarum
1209 3256 1683 3321 contemplatione,
1722 3257 1810 3305 cui
1846 3256 2088 3307 Christus
2123 3260 2236 3307 toto
2272 3255 2365 3305 illo
2402 3260 2639 3320 tempore

176 3342 380 3401 vacavit,
419 3342 540 3392 sola
575 3342 778 3391 sactum
815 3358 950 3405 esse,
988 3348 1047 3392 ut
1083 3358 1246 3393 sanus
1283 3358 1585 3408 sospesque,
1611 3346 1947 3407 perennaret.
1974 3342 2077 3391 Sed
2115 3343 2249 3392 haec
2283 3342 2441 3392 levia.
2488 3342 2561 3391 Et
2595 3343 2643 3391 si

177 3425 296 3473 enim
340 3430 643 3493 vegetantis
687 3434 742 3478 et
783 3430 1064 3479 sentientis
1113 3430 1324 3478 animae
1367 3430 1538 3492 vires,
1585 3428 1929 3493 intelligentis
1976 3444 2189 3495 quoque
2238 3430 2447 3477 animae
2500 3428 2641 3477 vires

175 3512 286 3573 siut,
319 3530 610 3580 numquam
645 3520 825 3565 tamen
860 3515 1134 3566 facultatis
1171 3515 1516 3581 intelligentis
1551 3516 1607 3564 in
1645 3515 2091 3580 contemplatione
2130 3516 2410 3580 occupatio
2427 3552 2440 3576 ,
2480 3520 2640 3580 atque

173 3602 224 3645 ut
254 3598 538 3665 loquuntur
577 3602 868 3667 absorptio,
897 3604 1174 3652 sentientis
1205 3616 1270 3651 ac
1306 3603 1602 3667 vegetantis
1640 3601 1911 3652 facultatis
1948 3601 2192 3651 naturale.
2230 3602 2539 3651 exercitium
2577 3618 2641 3650 ex

177 3683 360 3751 integro
397 3688 632 3750 cohibet,
659 3690 758 3739 etsi
783 3689 920 3738 forte
948 3688 1182 3738 retardet
1217 3687 1620 3753 aliquantulum.
1678 3690 1813 3738 Nam
1838 3692 1972 3739 teste
1997 3690 2325 3754 experientia
2348 3690 2407 3737 in
2432 3690 2641 3738 actibus

173 3784 296 3820 mere
349 3774 686 3825 naturalibus
746 3775 1081 3837 exercendis,
1153 3774 1372 3824 inferior
1419 3776 1628 3824 animae
1682 3774 1911 3826 facultas
1965 3775 2033 3824 ab
2101 3776 2301 3825 actuali
2354 3776 2641 3841 superioris

173 3856 350 3908 influxu
395 3876 508 3911 non
551 3860 766 3926 pendet.
826 3861 942 3911 Imo
989 3862 1169 3926 potius
1217 3861 1361 3926 quod
1403 3861 1473 3910 ad
1507 3861 1703 3911 famem
1750 3862 1965 3925 attinet,
2004 3861 2071 3911 de
2109 3876 2218 3927 qua
2264 3862 2419 3913 nobis
2468 3878 2639 3913 sermo

175 3949 266 4005 eat,
307 3948 505 3997 nuti-itu
551 3947 832 3997 deficiente
880 3947 1037 3997 homo
1086 3950 1308 4013 periret,
1355 3962 1422 3997 ac
1467 3948 1628 4013 plane
1677 3954 2092 3999 consumeretur.
2154 3949 2353 3999 Secuta
2397 3950 2640 3997 nimirum

173 4032 378 4092 partium
411 4035 555 4083 inter
591 4050 649 4083 se
687 4034 1020 4084 dissimilium
1056 4034 1396 4095 alteratione,
1436 4034 1612 4085 calore
1651 4034 1922 4085 humidmn
1969 4036 2319 4101 depascente,
2358 4035 2639 4099 solutoque

175 4117 234 4165 :ul
265 4120 420 4169 vitam
455 4121 710 4171 tuendam
746 4122 1052 4172 necessario
1088 4126 1520 4187 temperamento.
1583 4122 1626 4184 ὅ)
1664 4122 1815 4171 Matt.
1853 4125 1902 4184 3,
1943 4126 2023 4173 17.
2078 4122 2245 4171 Marc.
2288 4126 2332 4183 1,
2374 4124 2455 4172 11.
2508 4122 2638 4171 Luc.

175 4205 216 4263 3,
241 4207 317 4256 22.
355 4208 394 4271 Τ)
431 4209 568 4269 Quis
605 4224 700 4273 per
732 4208 836 4257 hoc
868 4208 1252 4272 Evangelistae
1287 4208 1544 4258 Matthaei
1583 4212 1632 4271 4,
1662 4213 1709 4259 1.
1745 4226 1939 4259 nomen
1976 4209 2317 4273 intelligatur,
2358 4209 2639 4257 obscurum

177 4288 304 4341 hand
339 4300 446 4355 est,
479 4294 740 4344 malorum
776 4294 1030 4344 videlicet
1073 4297 1352 4360 spirituum
1399 4301 1586 4360 caput,
1624 4302 1859 4345 satanas.
1930 4296 2005 4345 Ut
2051 4296 2195 4345 illius
2240 4299 2433 4344 natura
2480 4298 2641 4359 atque

175 4376 362 4429 indoles
405 4382 525 4446 ipso
571 4383 746 4431 statim
793 4386 1096 4446 patesceret
1138 4382 1378 4443 nomine,
1425 4382 1548 4431 hinc
1602 4384 1819 4431 vocavit
1864 4378 2105 4446 διάβολον.
2171 4382 2463 4431 Derivatur
2506 4381 2641 4431 haec

177 4478 264 4513 vox
315 4466 378 4516 de
432 4484 542 4533 qno
591 4468 768 4517 nullus
823 4468 1058 4530 dubitat,
1115 4482 1166 4517 a.
1209 4484 1250 4517 r.
1293 4465 1564 4533 διαβάλλω.
1638 4470 1789 4517 Haec
1843 4468 2006 4516 habet
2058 4468 2502 4531 significationes:
2553 4470 2641 4519 τοῦ

176 4550 491 4616 calumniari,
531 4555 842 4615 obtrectari,
879 4554 1128 4619 decipere
1166 4554 1574 4616 circumvenire,
1615 4555 1827 4619 egregie
1864 4556 2219 4619 exprimentes
2258 4555 2491 4606 Satanae
2519 4572 2640 4621 pes-

177 4636 317 4687 simos
337 4638 634 4705 hominique
655 4642 757 4689 iam
779 4656 812 4690 a
831 4642 1010 4690 mundi
1033 4642 1184 4689 initio
1205 4641 1486 4691 admodum
1506 4642 1836 4706 perniciosos
1854 4657 2043 4691 mores.
2070 4643 2133 4691 V.
2148 4644 2214 4691 H.
2226 4644 2289 4692 R.
2310 4644 2373 4691 V.
2392 4644 2455 4691 T.
2472 4660 2521 4707 p.
2552 4644 2633 4691 14.
