3267 5259
1082 502 1312 553 Prophetis
1341 502 1538 544 Danielis
1565 506 1605 550 9,
1634 505 1700 545 20.
1731 514 1766 543 s.
2494 488 2672 538 LXIX

202 694 293 727 non
337 680 669 743 peregrinus,
719 680 1029 745 opponitur.
1090 680 1163 729 Et
1210 680 1354 745 quod
1405 680 1640 729 omnium
1675 679 1933 729 malorum
1984 683 2100 728 erat
2135 680 2528 743 gravissimum,
2577 679 2673 729 illa

202 766 405 815 »atauo
432 793 497 801 —
524 780 635 831 qua
671 782 779 816 non
818 766 935 831 agri
972 766 1145 816 solum
1183 770 1237 816 et
1273 766 1487 831 oppida,
1527 766 1623 816 sed
1647 766 1858 816 incolae
1893 765 2050 816 simul
2086 765 2406 815 delebuntur
2430 794 2495 801 —
2524 768 2670 815 terri-

198 852 303 901 bilis
336 853 697 917 irreparabilis
746 851 867 916 fiet3
923 854 1174 918 quoniam
1214 868 1247 903 a
1281 855 1399 903 Deo
1445 854 1581 903 tanti
1627 852 1845 903 sceleris
1893 852 2222 903 Judaeorum
2265 853 2474 903 vindice
2512 859 2672 919 atque

200 940 347 988 ultore
382 946 587 989 statuta
622 948 679 990 et
715 940 769 989 in
806 945 1127 1005 perpetuum
1162 939 1371 990 firmata
1408 946 1503 991 est.
1566 940 1720 989 Haec
1755 942 1811 989 in
1848 956 2042 1004 genere
2080 940 2146 989 de
2181 940 2414 990 Messias
2464 940 2670 989 excidio

200 1026 321 1075 dicta
364 1032 529 1080 erant,
594 1026 855 1092 Sequitur
898 1027 1009 1077 iam
1050 1044 1102 1077 v.
1140 1029 1223 1077 27.
1276 1026 1403 1091 quid
1452 1032 1595 1077 esset
1636 1042 1796 1092 porro
1842 1028 1898 1075 in
1944 1029 2344 1092 septuagesima
2387 1032 2442 1077 et
2484 1028 2671 1077 ultima

198 1112 501 1163 hebdomade
550 1120 888 1163 eventurum.
959 1113 1023 1162 In
1080 1114 1181 1164 hac
1228 1114 1559 1165 hebdomade
1609 1114 1717 1164 duo
1766 1114 1940 1164 adhuc
1990 1116 2301 1179 contingent
2356 1114 2670 1165 admiranda

200 1198 499 1251 confirmatio
548 1200 812 1263 foederis,
863 1200 1057 1251 deinde
1109 1200 1487 1251 sacrificiorum
1538 1201 1799 1264 sublatio;
1856 1218 2078 1267 quorum
2127 1202 2414 1267 unicuique
2469 1209 2670 1252 certum

201 1297 379 1352 tempus
416 1287 684 1339 definitur.
746 1288 870 1338 Hoc
905 1287 1027 1339 loco
1064 1304 1172 1338 non
1219 1288 1408 1339 foedus
1456 1287 1723 1355 quoddam
1772 1288 2054 1353 profanum
2099 1288 2438 1353 intelligitur3
2489 1306 2672 1338 verum

199 1380 431 1435 sanctum,
467 1376 627 1427 euius
662 1391 831 1441 penes
869 1375 1151 1425 Danielem
1189 1378 1349 1426 etiam
1386 1376 1515 1425 alibi
1553 1380 1728 1426 exstat
1763 1376 1959 1424 mentio
2000 1374 2118 1424 coll.
2158 1378 2206 1437 9,
2244 1378 2291 1424 4.
2347 1378 2426 1437 11,
2466 1378 2548 1425 28.
2587 1378 2669 1425 30.

202 1464 295 1522 32.;
328 1463 485 1528 idque
522 1479 635 1513 non
673 1478 795 1514 cum
833 1463 1034 1529 populo
1061 1463 1367 1525 israelitice,
1398 1491 1453 1501 -
1488 1464 1632 1529 quod
1671 1462 1972 1529 adpellatur
2005 1462 2050 1511 F
2070 1462 2283 1513 oedus
2317 1464 2671 1528 Antiquam

200 1548 259 1599 11.
290 1548 403 1599 Cor.
439 1552 489 1611 3,
520 1552 607 1601 14.
648 1580 703 1587 —
746 1551 843 1600 sed
880 1552 1137 1601 Novum
1172 1550 1704 1617 Evangelicum,
1751 1550 1894 1616 quod
1932 1549 2172 1600 Christus
2211 1566 2332 1599 cum
2370 1550 2672 1599 hominibus

200 1638 307 1685 feeit
328 1637 379 1686 in
403 1654 563 1688 cruce
588 1637 861 1704 pendens;
901 1638 1063 1704 idque
1086 1640 1349 1704 sanguine
1374 1654 1471 1689 suo
1499 1640 1744 1703 aspersit,
1769 1642 2043 1703 morteque
2070 1636 2416 1687 confirmavit.
2453 1637 2670 1689 Foedus

202 1724 391 1789 inquam
436 1725 565 1787 tale,
606 1740 701 1790 per
738 1724 887 1791 quod
924 1726 1080 1790 quasi
1126 1742 1221 1790 per
1257 1731 1473 1791 pactum
1510 1727 1661 1775 Deus
1699 1725 1938 1790 promisit
1981 1724 2308 1786 hominibus,
2354 1740 2412 1775 se
2451 1724 2670 1774 creden-

200 1811 319 1861 tibus
352 1812 405 1860 ia
440 1812 641 1861 Filium
676 1828 853 1874 suum,
903 1816 958 1861 et
994 1812 1193 1877 Legem
1230 1814 1346 1862 eius
1384 1812 1812 1874 observantibus,
1850 1816 2076 1877 peccata
2118 1812 2296 1861 omnia
2331 1812 2672 1861 remissurum

201 1903 336 1962 atque
372 1900 537 1949 vitam
574 1906 855 1949 aeternam
894 1914 1013 1949 esse
1046 1899 1305 1949 daturum.
1356 1897 1437 1949 Cf.
1463 1897 1598 1964 prol.
1624 1900 1696 1948 Η.
1715 1900 1777 1949 R.
1797 1900 1863 1948 D.
1884 1900 1947 1948 V.
1971 1898 2032 1947 Τ.
2059 1915 2110 1963 p.
2130 1897 2202 1947 11.
2224 1898 2292 1947 Η.
2312 1898 2374 1947 N.
2395 1898 2456 1947 Τ.
2477 1914 2527 1963 p.
2553 1900 2666 1947 116.

204 1984 323 2035 Hinc
356 1987 513 2036 etiam
552 1992 793 2052 apparet,
834 1985 968 2051 quid
991 1987 1087 2036 sit:
1130 1986 1495 2048 „confirmavit
1529 1985 1721 2036 foedus
1759 1986 2000 2049 multis“3
2039 1986 2072 2035 i.
2101 2002 2146 2034 e.
2189 1986 2350 2035 variis
2389 2000 2666 2049 argumen-

202 2078 347 2121 torum
384 2080 437 2123 et
472 2075 857 2139 probationum
894 2074 1194 2139 generibus.
1244 2074 1509 2124 Videlicet
1533 2074 1792 2135 doctrina,
1832 2074 2111 2134 vaticiniis,
2155 2071 2440 2135 miraculis,
2478 2073 2591 2121 vita
2615 2076 2670 2121 et

204 2160 428 2224 moribuS,
455 2161 689 2227 denique
716 2167 889 2212 morte
908 2166 1071 2226 atque
1092 2162 1497 2211 resurrectione.
1523 2160 1682 2211 Joan.
1703 2164 1748 2224 7,
1766 2163 1847 2211 31.
1876 2160 2160 2221 Matth.27‚
2176 2162 2256 2211 54.
2297 2160 2472 2210 Huius
2494 2164 2672 2209 autem

204 2246 473 2298 confirmati
508 2248 833 2315 Evangelici
870 2248 1126 2299 Foederis
1166 2264 1502 2313 consequens
1530 2255 1640 2298 est:
1679 2248 1954 2314 abrogatio
1980 2248 2237 2299 Foederis
2269 2248 2672 2313 imperfectioris

202 2332 295 2383 Jer.
327 2338 407 2397 31,
444 2338 530 2385 31.
578 2352 675 2385 seu
714 2336 1051 2402 temporarii3
1110 2351 1215 2401 quo
1254 2336 1629 2385 continebatur
1666 2336 1905 2401 inprimis
1943 2339 2152 2384 vastum
2191 2334 2322 2384 illud
2359 2334 2668 2399 choragium

204 2428 581 2488 praeceptorum
621 2422 1109 2472 caerimonialium.
1155 2422 1297 2483 Quia
1334 2426 1512 2471 autem
1544 2422 1720 2472 cultus
1757 2422 1820 2472 V.
1853 2422 1914 2471 F.
1951 2436 2200 2487 magnam
2240 2426 2442 2487 partem
2478 2422 2662 2471 immo-

204 2508 375 2557 latione
392 2509 776 2560 sacrificiorum
795 2510 1196 2559 incruentorum
1223 2515 1277 2559 et
1296 2514 1633 2560 cruentorum
1655 2509 2064 2573 absolvebatur3
2091 2510 2259 2575 liquet
2278 2509 2487 2559 duobus
2509 2524 2666 2559 voca-

206 2595 325 2643 bulis
358 2606 601 2667 Πξξῃῖᾞξ
636 2598 945 2646 universum
988 2596 1089 2646 hoc
1128 2596 1363 2647 Cultus
1402 2612 1443 2645 s.
1483 2596 1542 2646 A.
1579 2596 1642 2645 F.
1681 2598 2065 2647 institutum
2103 2597 2380 2647 contineri.
2440 2596 2672 2661 Reliqua.

206 2706 323 2755 quae
366 2692 669 2743 adhucdum
720 2697 1008 2742 narrantur
1052 2708 1104 2742 v.
1143 2695 1244 2754 27„
1296 2709 1361 2743 ex
1398 2693 1563 2742 Lxx.
1601 2692 1992 2743 hebdomadum
2031 2692 2248 2758 periodo
2288 2691 2670 2755 excluduntur3

202 2786 359 2842 utpote
394 2796 535 2846 quae
570 2782 627 2829 in
664 2779 921 2845 populum
960 2780 1063 2829 Dei
1100 2784 1155 2830 et
1192 2780 1391 2830 Urbem
1428 2786 1668 2829 sanctam
1706 2778 1950 2841 definita,
1999 2780 2202 2829 tamdiu
2240 2780 2498 2829 duratura
2534 2785 2665 2840 erat,

207 2880 459 2932 usquequo
507 2868 721 2933 expiato
768 2872 993 2932 peccato
1046 2872 1099 2916 et
1144 2866 1375 2933 impletis
1426 2867 1693 2917 vaticiniis
1744 2866 1970 2916 Sanctus
2022 2866 2338 2916 Sanctorum
2388 2871 2674 2932 ungeretur

208 2960 251 2999 et
280 2958 541 3003 aeternam
579 2954 837 3003 iustitiam
874 2952 1181 3003 adduceret.
1231 2954 1349 3015 Quo
1388 2954 1530 3004 facto
1568 2953 1800 3019 populus
1831 2954 2093 3016 iudaicus,
2130 2953 2328 3003 Filium
2353 2954 2457 3003 Dei
2495 2970 2676 3005 verum

208 3048 451 3101 pastorem
476 3042 740 3103 reiiciens,
778 3056 899 3090 cuin
928 3042 1073 3091 Urbe
1112 3056 1266 3091 sacra
1292 3068 1357 3078 --
1384 3042 1441 3090 in
1466 3056 1573 3107 qua
1596 3041 1793 3091 Judaei
1821 3058 2030 3091 omnem
2055 3057 2202 3106 spem
2229 3040 2502 3091 habebant
2525 3056 2676 3106 repo-

210 3128 341 3176 sitam
364 3156 429 3165 —
458 3134 511 3179 et
533 3128 759 3194 Templo
786 3156 851 3165 --
880 3127 1025 3194 quod
1052 3128 1409 3194 metaphorice
1447 3138 1543 3197 Ἶξξ,
1580 3122 1782 3195 πτέρυξ,
1819 3126 2074 3197 πτερύγιον
2111 3128 2296 3178 Matth.
2336 3130 2384 3189 4,
2424 3130 2471 3179 5.
2517 3143 2674 3177 voca·

209 3228 280 3271 tur
304 3252 359 3261 —
385 3226 589 3275 ruinam
626 3238 818 3290 passus
857 3228 953 3274 est.
1004 3224 1085 3274 Cf.
1122 3224 1309 3274 Matth.
1348 3226 1432 3288 24,
1476 3226 1555 3275 15.
1606 3224 1687 3275 Cf.
1725 3225 1793 3273 H.
1833 3226 1896 3275 N.
1935 3225 1996 3274 Τ.
2034 3241 2086 3290 p.
2123 3227 2208 3275 90.
2245 3240 2287 3274 s.
2353 3226 2424 3274 Et
2461 3224 2672 3290 quidem

210 3312 413 3373 patietur
438 3312 573 3362 hanc
600 3314 815 3361 ruinam
842 3312 910 3361 ab
940 3312 1193 3373 exercitu,
1233 3312 1322 3376 qui
1350 3311 1533 3363 zelotis
1560 3313 1766 3361 sicariis
1793 3313 2158 3377 superveniet3
2192 3313 2350 3377 quive
2377 3312 2445 3361 ob
2477 3311 2676 3361 cultum

214 3396 522 3449 ‘dolatu-icum
558 3399 825 3449 Hebraeis
865 3399 1253 3448 abominationi
1290 3404 1385 3449 est.
1446 3400 1725 3449 Postrema
1763 3400 1952 3463 verba,
1992 3414 2128 3464 quae
2166 3400 2400 3448 universi
2437 3399 2676 3447 vaticinii

212 3482 429 3536 clausula
462 3494 600 3549 sunt,
640 3492 693 3537 et
730 3486 919 3536 ultima
954 3502 1003 3535 v.
1042 3488 1125 3535 26.
1164 3487 1473 3552 respiciunt,
1512 3488 1796 3535 terminum
1834 3488 2114 3535 enuntiant
2151 3484 2417 3551 praefiniti
2454 3484 2675 3535 excidii:

212 3580 303 3620 tum
350 3574 459 3623 sore
506 3573 632 3625 belli
688 3574 877 3635 finem,
934 3589 1051 3623 cum
1104 3573 1365 3624 desolatio
1416 3574 1646 3625 civitatis
1693 3572 1978 3623 hebraicae
2031 3573 2192 3623 fuerit
2243 3572 2520 3638 completa.
2593 3574 2676 3621 Ex

214 3656 459 3725 Scriptura
492 3678 619 3711 vero
658 3666 713 3711 et
755 3659 1083 3711 oeconomia
1120 3662 1258 3710 Novi
1284 3660 1541 3711 Foederis
1576 3660 1736 3709 facile
1774 3660 2056 3725 colligitur,
2094 3674 2365 3725 nunquam
2404 3660 2460 3709 in
2498 3665 2673 3725 poste-

216 3758 311 3795 rum
344 3748 495 3798 talem
532 3749 752 3811 Urbem,
792 3748 899 3797 tale
937 3747 1241 3814 Templum,
1279 3748 1547 3813 talemque
1586 3746 1786 3796 cultum
1831 3748 2185 3797 instauratum
2222 3748 2302 3797 iri.
2363 3748 2515 3797 Haec
2554 3752 2678 3796 sunt

217 3840 423 3884 exuema
456 3836 637 3899 verba,
677 3836 873 3901 quibus
909 3835 1147 3901 Angelus
1184 3835 1446 3885 excidium
1485 3834 1809 3901 reipublicae
1847 3834 2132 3884 hebraicae
2159 3833 2422 3884 describit.
2473 3835 2676 3883 Horum

218 3920 465 3971 verborum
510 3922 961 3988 complementum
1004 3923 1125 3972 aliis
1170 3924 1225 3971 iu
1272 3922 1405 3972 locis
1444 3922 1549 3971 iam
1588 3921 1989 3974 delineavimus.
2053 3922 2133 3972 Cf.
2171 3922 2291 3972 Not.
2330 3921 2391 3972 Τ.
2431 3922 2483 3973 8.
2521 3937 2673 3988 geog.

218 4020 317 4071 pag.
352 4008 582 4060 LXXVI.
620 4010 691 4059 H.
730 4010 795 4059 N.
834 4010 895 4059 Τ.
933 4026 986 4075 p.
1024 4010 1140 4060 483.
1181 4026 1220 4060 s.

396 4098 479 4148 44.
533 4100 617 4150 Er
667 4098 1070 4167 interpretatione
1116 4098 1415 4167 Prophetiae
1469 4115 1635 4149 annus
1681 4098 1976 4149 Dmmtnicae
2023 4097 2282 4150 Passionis
2336 4100 2671 4166 confirmatur.

222 4178 545 4245 Expendimus
582 4186 691 4232 iam
728 4198 825 4248 per
862 4188 1056 4249 partes,
1096 4198 1235 4250 quae
1260 4182 1521 4249 propheta
1544 4182 1740 4232 Daniel
1776 4184 2003 4248 posteris
2045 4183 2143 4244 „de
2181 4183 2416 4232 adventu
2443 4181 2674 4233 Messiae

222 4265 506 4319 Salutaris-⁴
558 4270 975 4335 praenuntiavit.
1050 4269 1183 4319 Cum
1232 4284 1359 4319 vero
1414 4268 1666 4319 historiae
1721 4269 1921 4334 ubique
1975 4269 2306 4334 prophetiam
2363 4267 2674 4332 illuminent,

222 4357 355 4417 atque
388 4372 559 4407 veram
595 4356 743 4405 illius
782 4357 1160 4422 expositionem
1198 4356 1432 4420 firment3
1474 4356 1774 4407 accedimus
1815 4372 1953 4405 nunc
1991 4355 2058 4405 ad
2097 4370 2177 4417 ea,
2218 4370 2356 4420 quae
2384 4355 2673 4407 Chronolo-

222 4438 339 4499 giam
368 4449 603 4509 spectant
634 4442 954 4493 definienda.
1008 4444 1093 4493 Ex
1115 4444 1219 4494 illis
1248 4460 1385 4511 quae
1410 4444 1640 4493 hucdum
1680 4443 2084 4509 disputavimus,
2125 4442 2306 4508 aliqua
2343 4446 2677 4495 consectaria

224 4540 363 4587 prono
402 4529 552 4581 alveo
602 4530 781 4579 fluunt
858 4546 905 4579 a.
955 4530 1057 4580 Per
1104 4532 1268 4581 Lxx.
1318 4530 1786 4580 hebdomades
1835 4529 2056 4594 intelligi
2102 4530 2485 4592 hebdomades,
2536 4546 2674 4596 quae

226 4623 431 4666 constant
464 4634 493 4665 e
530 4617 755 4667 totidem
794 4622 995 4681 septem
1032 4618 1212 4678 annis,
1262 4634 1326 4667 ex
1363 4624 1493 4683 quot
1529 4617 1718 4668 diebus
1756 4622 2004 4668 constant
2042 4619 2371 4684 septimanae
2408 4618 2673 4683 vulgares.

228 4694 268 4743 b·
300 4700 417 4751 Anni
442 4704 525 4753 isti
550 4706 673 4754 490.
714 4707 841 4752 sunt
874 4703 1148 4754 solares.
1200 4704 1386 4770 Neque
1424 4703 1557 4754 illud
1594 4704 2038 4769 praetereundum
2065 4706 2164 4753 erit
2189 4720 2232 4753 c.
2265 4710 2471 4769 tempus
2509 4704 2670 4753 LXX.
