3267 5259
1280 442 1421 481 Coena
1447 441 1635 481 Domini.
1911 470 1916 475 .
2581 429 2698 493 101

1025 708 1085 786 ἓ.
1135 706 1239 773 23.
1300 702 1535 767 Lotio
1592 702 1892 789 pedum.

420 891 525 956 Ad
585 892 943 978 singularia
1004 892 1240 959 Christi
1310 916 1511 980 opera
1571 903 1892 980 perpetua
1954 902 2020 957 et
2078 902 2388 957 accurata
2448 893 2704 979 piorum

242 1006 631 1071 meditatione
680 1006 1061 1091 dignissima
1106 1009 1390 1093 pertinet
1434 1004 1819 1070 admiranda
1857 1005 1966 1069 illa
2009 1005 2252 1092 pedum
2297 1006 2474 1089 loti0,
2523 1007 2704 1071 cuius

243 1120 591 1183 memoriam
638 1118 807 1182 feria
854 1120 1079 1205 quinta
1122 1120 1385 1183 maioris
1430 1116 1863 1182 hebdomadis
1908 1118 2211 1182 Ecclesia
2241 1118 2479 1183 devote
2520 1142 2703 1183 reco-

243 1229 355 1295 lere
423 1233 765 1296 consuevit
784 1235 824 1295 ¹.
914 1232 1119 1297 Varia
1186 1242 1253 1295 et
1320 1230 1580 1296 diversa
1649 1230 1942 1295 Christus
2015 1230 2332 1295 hactenus
2407 1230 2704 1316 specialis

246 1342 572 1408 dilectionis
619 1343 957 1430 Apostolis
1005 1343 1301 1408 exhibuit
1330 1344 1591 1427 indicia,
1624 1342 1927 1409 vocando
1963 1366 2076 1408 eos
2108 1343 2194 1407 ad
2223 1342 2702 1430 Apostolatum,

246 1456 299 1518 in
338 1455 639 1520 familiare
687 1458 1088 1521 consortium
1132 1458 1308 1543 ipsos
1356 1456 1807 1539 adsciscendo,
1839 1458 1906 1520 in
1939 1456 2235 1520 doctrina
2265 1478 2382 1521 sua
2415 1456 2702 1542 quotidie

250 1590 343 1631 eos
367 1568 795 1652 informando,
832 1568 914 1633 de
947 1546 1333 1635 necessariis
1366 1569 1450 1635 ad
1480 1572 1655 1635 vitae
1691 1571 2231 1634 sustentationem
2267 1570 2424 1656 ipsis
2453 1572 2702 1656 prospi-

251 1680 475 1763 ciendo,
535 1682 855 1746 adversus
910 1684 1205 1748 inimicos
1267 1681 1686 1747 defendendo
1746 1682 1941 1768 ipsos.
2020 1681 2212 1747 Circa
2269 1681 2467 1746 finem
2527 1684 2702 1746 vitae

250 1794 461 1858 maiora
503 1794 829 1881 quaedam
878 1806 943 1860 et
986 1794 1293 1860 uberiora
1349 1794 1712 1859 dilectionis
1759 1817 1915 1859 suae
1962 1794 2204 1859 indicia
2251 1796 2342 1858 eis
2391 1792 2702 1858 exhibere

248 1905 447 1971 voluit:
498 1906 649 1972 ideo
698 1918 765 1972 et
808 1908 1013 1994 pedes
1068 1910 1355 1995 ipsorum
1409 1906 1567 1972 lavit
1624 1918 1691 1972 et
1736 1906 2234 1972 Sacramentum
2294 1908 2584 1993 corporis
2640 1917 2705 1971 et

249 2021 537 2104 sanguinis
610 2023 711 2084 sui
782 2022 1087 2104 instituit,
1159 2031 1227 2086 et
1284 2021 1665 2086 suavissimo
1730 2042 2029 2085 sermone
2091 2021 2269 2106 ipsos
2330 2019 2702 2085 consolatus

253 2143 331 2195 est
346 2134 385 2197 ².
442 2132 605 2198 Cum
652 2135 851 2199 sciret
882 2133 1175 2199 Christus
1208 2133 1329 2199 sibi
1376 2157 1638 2200 omnem
1669 2136 1737 2199 in
1769 2132 1953 2198 coelo
1989 2142 2055 2198 et
2092 2143 2267 2197 terra
2308 2143 2703 2218 potestatem

422 2352 457 2415 ¹)
494 2352 671 2414 Quam
708 2355 936 2418 antiqua
969 2354 1131 2404 fuerit
1165 2354 1300 2403 haec
1338 2354 1660 2403 caerimonia
1695 2353 1874 2418 legere
1911 2352 2038 2402 licet
2073 2351 2217 2418 apud
2253 2353 2322 2401 H.
2354 2351 2596 2415 Rausch,
2635 2352 2702 2402 de

249 2436 477 2501 pedilavio
514 2438 713 2489 Christi
751 2440 1025 2490 imitando.
1074 2441 1220 2506 Lips.
1264 2442 1411 2490 1699.
1439 2457 1491 2506 p.
1522 2441 1602 2490 19.
1639 2454 1682 2488 s.
1743 2440 2016 2490 Describit
2049 2455 2176 2489 vero
2215 2438 2410 2505 pedum
2447 2439 2702 2489 lotionem

246 2522 300 2571 ab
322 2524 425 2575 aliis
448 2526 811 2591 Evangelish's
835 2529 1263 2592 praetermissam
1288 2527 1437 2577 solus
1462 2526 1511 2576 d.
1531 2526 1774 2576 «Ioannes
1801 2542 1846 2575 c.
1875 2528 1974 2589 13„
2013 2530 2067 2575 et
2090 2526 2304 2591 quidem
2327 2525 2430 2575 hac
2462 2526 2698 2576 ratione:

244 2614 293 2657 ut
330 2624 371 2659 a.
404 2617 668 2677 proponat
702 2613 875 2678 ipsam
912 2614 1042 2663 facti
1085 2615 1443 2665 narrationem
1492 2628 1613 2663 cum
1661 2613 2073 2662 circumstantiis
2121 2614 2372 2677 temporis
2411 2616 2465 2661 et
2503 2626 2700 2663 causae

244 2695 549 2762 impulsivae;
602 2699 657 2747 b.
708 2698 837 2749 facti
891 2699 1036 2749 illius
1090 2714 1124 2749 a
1178 2699 1389 2749 Christo
1444 2699 1559 2765 ipso
1613 2699 1868 2749 traditum
1921 2699 2348 2765 explicationem.
2419 2698 2527 2749 Res
2580 2700 2702 2764 ipsa

242 2788 391 2833 antem
436 2785 669 2836 ostendit
714 2790 1023 2835 accuratam
1070 2786 1219 2837 illam
1268 2788 1677 2853 praecipuarum
1725 2787 2243 2835 circumstantiarum
2289 2785 2700 2851 descriptionem

242 2884 293 2917 eo
325 2873 611 2937 cumprimis
648 2872 719 2921 ab
756 2872 1111 2939 Evangelista
1146 2872 1401 2923 directam
1439 2888 1571 2935 esse,
1610 2878 1672 2922 ut
1694 2872 1796 2923 hoc
1831 2872 2100 2938 singulare
2128 2870 2322 2923 Christi
2361 2888 2495 2937 opus
2531 2873 2700 2937 mag-is

242 2956 369 3007 nobis
405 2958 881 3008 commendaretur.
945 2957 1035 3008 Sic
1071 2964 1247 3010 autem
1284 2959 1635 3025 Evangelista
1671 2959 1868 3025 pedum
1901 2960 2154 3008 lotionem
2193 2959 2460 3020 describit,
2499 2962 2560 3008 ut
2592 2974 2701 3008 non

244 3049 331 3091 tam
360 3060 471 3094 cum
506 3044 956 3110 praecedentibus
982 3046 1185 3112 iungat,
1214 3061 1373 3112 quam
1398 3048 1576 3113 potius
1602 3048 1756 3095 novis
1781 3045 2012 3096 historiis
2036 3045 2353 3095 inchoandis
2379 3046 2699 3111 praemittat.

244 3127 388 3179 Primo
437 3133 689 3197 temporis
744 3136 925 3181 notam
974 3132 1069 3182 dat
1118 3137 1303 3193 „ante
1358 3132 1524 3183 diem
1573 3134 1812 3183 festum
1865 3132 2223 3195 Paschae“;
2281 3131 2474 3181 deinde
2523 3131 2699 3182 addit:

246 3218 417 3267 ..sciens
457 3218 621 3269 Jesus
670 3220 799 3283 quia
846 3220 994 3268 venit
1039 3218 1173 3269 hora
1215 3220 1379 3280 eius“‚
1420 3220 1625 3270 scilicet
1672 3235 1830 3286 quam
1867 3220 2030 3269 Pater
2065 3219 2312 3269 coelestis
2351 3218 2420 3267 ad
2457 3222 2700 3268 sanctum

246 3300 571 3355 Redemtionis
620 3320 757 3371 opus
801 3304 1183 3370 perficiendum
1228 3307 1329 3371 ipsi
1378 3306 1680 3356 destinavit.
1740 3308 1875 3356 Tam
1917 3306 2144 3373 diligens
2182 3320 2246 3355 ac
2281 3310 2537 3355 accurata
2571 3310 2700 3355 tem-

246 3392 364 3452 poris
406 3392 713 3458 descriptio,
753 3408 861 3442 non
908 3392 1083 3443 solum
1128 3392 1283 3442 fidem
1316 3394 1610 3444 ,scribentis
1658 3393 2019 3455 commendat,
2068 3392 2162 3443 sed
2208 3397 2263 3442 et
2304 3394 2435 3457 ipsis
2485 3407 2699 3458 quoque

244 3472 459 3527 Historiis
516 3480 891 3528 auctoritatem
948 3478 1215 3529 conciliat.
1300 3480 1565 3529 Eximium
1615 3494 1750 3544 opus
1805 3494 1923 3529 esse
1974 3483 2206 3544 oportet,
2264 3478 2407 3543 quod
2458 3477 2699 3527 Christus

248 3563 379 3625 paulo
412 3570 529 3615 ante
574 3570 799 3617 mortem
836 3568 1101 3632 suscepit,
1142 3568 1269 3632 quia
1304 3567 1571 3628 morituri,
1611 3565 1825 3631 quando
1864 3566 2012 3615 brevi
2050 3582 2115 3615 ex
2150 3565 2348 3615 mundo
2386 3565 2485 3614 sibi
2524 3570 2698 3615 trans-

250 3650 439 3700 eundum
474 3651 670 3711 vident,
710 3652 842 3701 nihil
877 3658 1076 3702 temere
1124 3668 1283 3718 agere
1326 3652 1516 3703 solent.
1578 3652 1783 3701 Pedum
1819 3652 1949 3701 lotio
1995 3657 2056 3701 ut
2091 3651 2359 3717 singulare
2397 3652 2525 3717 quid
2565 3656 2696 3712 erat,

248 3734 309 3783 ita
328 3752 419 3787 non
438 3740 587 3789 initio
612 3739 710 3789 sed
736 3743 973 3805 tempore
996 3739 1213 3789 insolito
1237 3741 1376 3789 inter
1400 3754 1621 3789 coenam
1648 3740 1806 3788 faeta.
1857 3738 2064 3789 Christo
2101 3740 2238 3789 enirn
2265 3754 2366 3787 nec
2392 3741 2566 3799 unice,
2594 3754 2695 3787 nec

252 3826 493 3890 praecipue
527 3825 632 3875 hoc
666 3828 998 3891 propositum
1034 3826 1161 3887 fuit,
1200 3830 1259 3875 ut
1293 3826 1537 3891 Apostoli
1574 3826 1800 3875 mundos
1845 3826 2010 3891 pedes
2047 3826 2334 3887 haberent,
2374 3841 2439 3874 ac
2477 3825 2698 3891 proinde

252 3922 336 3957 non
374 3910 464 3959 fuit
496 3912 629 3961 haec
666 3912 907 3977 vulgaris
942 3927 1007 3961 ac
1045 3917 1305 3963 consueta
1340 3911 1486 3961 lotio.
1548 3914 1685 3961 Nam
1729 3929 1772 3960 α.
1811 3916 1936 3961 ante
1975 3927 2123 3961 esum
2169 3913 2292 3977 agni
2339 3911 2608 3977 paschalis
2645 3916 2700 3961 et

254 4006 433 4047 coenam
465 4000 511 4047 ei
547 3998 803 4063 subiungi
838 3997 1078 4062 solitam,
1114 3998 1281 4064 pedes
1327 3998 1707 4064 discipulorum
1750 3998 1922 4047 abluti
1958 4005 2136 4062 erant3
2173 4014 2274 4047 nec
2310 3996 2696 4062 paterfamilias

252 4079 295 4128 ia
322 4084 451 4134 cuius
487 4086 711 4136 aedibus
748 4084 953 4150 pascha
987 4086 1393 4146 manducarunt,
1431 4086 1532 4135 hac
1568 4088 1623 4135 in
1659 4090 1812 4151 parte
1851 4085 2082 4134 defuisse
2126 4084 2396 4150 putandus
2434 4088 2529 4132 est.
2592 4081 2698 4131 Sed

254 4162 285 4227 5-
313 4173 355 4216 et
384 4170 612 4221 Christus
648 4186 925 4237 nunquam
961 4186 1081 4221 eam
1116 4172 1252 4222 tanti
1288 4174 1638 4234 aestimasset,
1676 4176 1738 4220 ut
1771 4176 2056 4237 propterea
2091 4186 2125 4220 a
2160 4184 2346 4219 mensa
2382 4170 2700 4219 surrexisset

255 4260 295 4299 et
320 4256 413 4319 ipse
446 4274 559 4308 eam
595 4260 909 4325 peregisset.
954 4258 1034 4308 cf.
1060 4258 1249 4307 Matth.
1289 4260 1362 4321 15,
1389 4261 1472 4308 20.
1508 4259 1674 4308 Marc.
1703 4260 1749 4321 7,
1781 4261 1827 4308 7.
1853 4274 1894 4308 s.
1945 4258 2186 4322 Mysterii
2213 4270 2380 4305 causa
2403 4255 2698 4305 adhibitam

256 4354 289 4402 γ.
316 4340 449 4393 docet
477 4346 591 4411 ipse
628 4344 900 4407 Christus,
938 4348 1018 4395 uti
1054 4346 1213 4395 etiam
1248 4362 1290 4395 s.
1316 4346 1694 4411 Evangelista,
1746 4360 1856 4394 non
1902 4344 2128 4393 obscure
2173 4343 2350 4391 innuit
2395 4344 2696 4409 praemisso

258 4428 533 4497 praeloquio.
584 4434 677 4494 13,
721 4434 769 4481 1.
832 4431 875 4497 ²)
910 4432 1209 4482 Exhibetur
1244 4431 1442 4481 Joann.
1481 4434 1573 4494 13,
1602 4436 1649 4483 1.
1701 4446 1868 4481 causa
1902 4430 2212 4495 impulsiva,
2253 4444 2391 4495 quae
2430 4428 2698 4480 Christum

258 4518 455 4579 moverit,
488 4524 549 4569 ut
578 4519 841 4569 lotionem
875 4517 1023 4568 illam
1060 4520 1381 4583 susciperet,
1418 4518 1698 4569 videlicet:
1750 4522 1809 4567 ut
1845 4518 2091 4567 eximium
2128 4532 2283 4567 suum
2317 4516 2374 4565 in
2409 4515 2698 4583 Apostolos

257 4610 441 4653 morem
490 4604 898 4655 demonstraret.
966 4604 1080 4653 Nec
1134 4619 1263 4670 prae
1316 4604 1533 4653 tristitia
1582 4605 1651 4653 ob
1700 4608 1922 4653 mortem
1977 4604 2334 4652 imminentem
2349 4640 2362 4664 ,
2411 4618 2512 4651 nec
2566 4614 2696 4666 prae
