3267 5259
1196 443 1312 483 Flora
1338 441 1640 483 crucifixionis.
2531 430 2660 495 255

209 622 325 678 hora
362 621 463 679 illa
492 621 853 693 felicissima,
900 624 1165 679 omnium
1204 624 1468 680 maxima
1496 627 1672 699 atque
1701 622 2108 693 sacratissima,
2125 623 2222 680 0in
2251 642 2368 701 qua
2399 622 2657 698 primum

208 743 261 782 ac
296 744 572 783 summum
618 726 883 783 omnium
928 729 1346 803 mysteriorum
1375 728 1449 785 ab
1480 728 1617 784 orbe
1649 728 1884 785 condito
1913 732 2212 803 peractum
2242 732 2344 797 est,
2395 728 2655 785 advenit.

207 828 343 886 Hora
380 828 683 904 placabilis
719 828 980 900 Domini,
1026 849 1205 909 quam
1234 850 1280 889 s.
1310 830 1349 889 J
1350 850 1565 888 oannes
1594 832 1668 888 ad
1699 850 1932 889 crucem
1962 832 2214 901 adstans,
2265 832 2654 889 annotandam

206 933 297 991 sibi
336 934 519 991 duxit.
578 933 881 991 Christum
914 952 951 991 a
978 934 1173 992 Pilato
1204 935 1381 993 fuisse
1426 934 1754 993 iudicatum
1805 941 1901 1008 19,
1942 940 2040 993 14.
2087 936 2234 993 dicit
2278 936 2444 1006 ‚hora
2492 940 2658 1013 quasi

207 1040 381 1094 sexta!
424 1036 777 1115 Quanquam
808 1038 1035 1096 ratione
1066 1038 1189 1097 eius
1220 1040 1408 1098 maior
1435 1040 1515 1097 sit
1544 1039 1882 1111 difficultas,
1909 1041 2064 1118 quod
2093 1060 2138 1096 s.
2169 1041 2403 1097 Marcus
2431 1044 2527 1109 15,
2557 1045 2656 1097 25.

207 1140 427 1199 affirmat
472 1146 623 1213 ,erat
667 1146 867 1199 autem
910 1142 1059 1200 hora
1086 1144 1267 1201 tertia
1296 1148 1355 1200 et
1384 1142 1812 1201 crucifixerunt
1854 1146 2030 1202 eum‘.
2099 1142 2260 1206 Quin
2291 1148 2350 1200 et
2380 1162 2414 1199 a
2444 1162 2504 1200 se
2533 1144 2658 1217 ipso

206 1245 445 1301 diffiidere
486 1246 837 1321 perhibetur
881 1247 939 1304 S.
986 1249 1239 1319 Marcus,
1287 1249 1758 1325 quandoquidem
1804 1268 1861 1308 v.
1913 1252 2014 1307 33.
2063 1250 2331 1306 tenebras
2376 1248 2658 1324 passionis

206 1352 407 1407 comites
461 1354 667 1409 sextae
728 1353 961 1410 demum
1021 1353 1197 1411 horae
1257 1352 1541 1427 assignat:
1606 1354 1708 1424 ,Et
1763 1353 1920 1411 facta
1963 1353 2112 1410 hora
2154 1357 2338 1423 sexta,
2387 1353 2660 1410 tenebrae

206 1453 361 1510 factae
400 1458 577 1513 sunt.‘
628 1454 711 1513 Ut
754 1454 817 1512 id
862 1456 1211 1514 concilietur
1254 1476 1387 1515 cum
1432 1456 1491 1514 S.
1539 1456 1716 1529 Luca,
1769 1462 1869 1528 23,
1921 1460 2022 1515 44.
2069 1459 2171 1535 qui
2204 1456 2426 1515 Christi
2469 1456 2658 1515 cruci-

206 1557 445 1617 fixionem
493 1560 637 1629 ,fere
682 1560 832 1617 hora
874 1563 1060 1618 sexta‘
1109 1561 1318 1629 refert3
1367 1565 1427 1618 et
1468 1581 1513 1617 s.
1558 1560 1802 1632 Joanue,
1851 1562 1954 1638 qui
2000 1561 2042 1618 l.
2089 1562 2131 1619 l.
2179 1561 2324 1619 dicit
2376 1560 2484 1618 illa
2535 1564 2662 1637 ipsa

208 1662 345 1730 ‚hora
396 1666 561 1741 quasi
624 1666 815 1721 sexta‘
876 1665 1139 1722 Pilatum
1200 1664 1517 1722 consedisse
1576 1665 1641 1721 in
1703 1664 1988 1723 tribunali
2051 1666 2122 1723 ad
2168 1665 2654 1741 promulgandam

206 1768 537 1839 sententiam,
588 1772 863 1827 accurate
905 1768 1367 1841 Evangeliorum
1412 1772 1778 1828 narrationes
1822 1770 2150 1845 expendere
2193 1768 2444 1827 iuvabit.
2521 1770 2656 1827 Non

204 1871 349 1929 semel
404 1874 767 1931 monuimus:
824 1874 1121 1930 neminem
1186 1873 1704 1947 Evangelistarum
1765 1874 2060 1932 Historias
2113 1875 2274 1931 vitae
2333 1878 2393 1931 et
2449 1874 2654 1931 mortis

205 1974 407 2033 Domini
450 1978 658 2035 Nostri
702 1977 740 2033 J
742 1996 844 2034 oeu
889 1977 1111 2035 Christi
1153 1979 1411 2051 inte‘gras
1456 1978 1828 2054 complexum
1871 1998 2019 2047 esse3
2065 1978 2164 2035 sed
2209 1997 2406 2035 omnes
2452 1978 2658 2035 debere

204 2098 299 2137 una
324 2082 603 2157 componi,
652 2087 721 2138 ut
753 2083 1011 2155 integras
1040 2081 1176 2139 illas
1209 2083 1541 2141 habeamus,
1610 2082 1807 2146 Quare
1837 2084 2015 2141 etiam
2045 2101 2190 2158 opus
2217 2087 2305 2139 est
2334 2082 2421 2139 ita
2451 2100 2650 2139 eorum

204 2184 475 2244 relationes
519 2190 683 2246 inter
726 2207 787 2245 se
832 2206 1172 2262 componere
1216 2192 1285 2244 ut
1334 2188 1698 2257 concordent,
1749 2191 1808 2244 et
1849 2187 2039 2244 instar
2082 2185 2447 2244 diversorum
2492 2206 2659 2243 sono-

202 2306 312 2345 rum
350 2290 719 2350 harmoniam
762 2292 1027 2349 efficiant
1070 2293 1341 2349 omnibus
1386 2290 1650 2348 numeris
1693 2289 2037 2350 absolutam.
2108 2291 2318 2367 Itaque
2364 2290 2659 2347 Passionis

202 2391 459 2453 Historias
518 2398 587 2453 in
650 2400 905 2473 quatuor
964 2402 1156 2471 partes
1219 2395 1662 2469 distinguendas
1715 2415 1834 2452 esse
1878 2394 2366 2452 existimavimus.
2457 2394 2662 2452 Prima

202 2496 411 2555 initium
449 2520 486 2557 a
528 2499 910 2576 pontificibus
954 2505 1015 2557 et
1057 2501 1393 2576 proceribus
1419 2500 1458 2557 J
1460 2501 1778 2558 udaeorum
1807 2500 2150 2557 coeuntibus
2179 2497 2654 2575 comprehendit;

202 2600 259 2656 de
294 2602 393 2660 hac
435 2610 607 2679 parte
654 2605 823 2662 nulla
884 2610 973 2661 est
1016 2604 1427 2678 chronologica
1470 2604 1810 2661 difficultas.
1903 2602 2164 2661 Concilio
2207 2604 2317 2661 hoe
2361 2604 2658 2661 decretum

199 2712 252 2760 ut
305 2706 563 2767 Christus
630 2708 828 2767 Pilato
886 2709 1217 2779 sisteretur,
1282 2708 1433 2786 quod
1498 2708 1722 2766 factum
1765 2709 1912 2767 hora
1957 2709 2151 2766 tertia.
2241 2708 2439 2766 Huius
2481 2709 2660 2766 horae

204 2811 377 2867 tertiae
416 2812 575 2871 solus
620 2813 858 2870 Marcus
902 2812 1190 2883 meminit,
1240 2813 1339 2889 qui
1388 2817 1456 2869 ut
1498 2832 1679 2888 supra
1721 2812 2158 2871 observavimus
2221 2832 2277 2888 p.
2334 2818 2472 2871 132.
2521 2812 2658 2871 dili-

202 2918 379 2985 genter
398 2916 676 2975 incubuit
699 2918 773 2973 ad
797 2916 961 2974 illius
991 2917 1195 2974 iudicii
1220 2917 1591 2993 primoprimi
1624 2917 2090 2992 descriptionem.
2134 2916 2504 2994 Quapropter
2527 2936 2660 2975 cum

200 3016 257 3073 ad
295 3018 409 3077 eius
450 3020 890 3079 exsecutionem
936 3022 1360 3078 transeundum
1402 3020 1570 3092 foret,
1619 3042 1757 3079 suae
1808 3020 2166 3079 narrationis
2211 3024 2420 3079 seriem
2465 3023 2660 3080 subito

202 3120 583 3201 interrumpit;
632 3144 709 3182 ne
754 3144 1047 3200 processus
1092 3125 1333 3183 iuridici
1378 3132 1514 3183 ante
1576 3127 1678 3183 abs
1722 3145 1782 3182 se
1835 3130 1928 3197 15,
1985 3131 2191 3183 1—15
2223 3146 2269 3183 s.
2301 3126 2474 3184 relati
2512 3131 2658 3183 tem-

200 3244 287 3299 pus
314 3229 701 3302 ignoraretur.
749 3228 1011 3287 Subiecit
1040 3230 1227 3303 igitur
1259 3236 1409 3301 ,erat
1438 3236 1631 3287 autem
1663 3230 1808 3287 hora
1837 3231 2052 3299 tertia‘3
2101 3250 2308 3306 nempe
2339 3250 2473 3289 cum
2505 3232 2656 3288 iuri-

202 3328 339 3387 dicus
378 3333 479 3391 illc
524 3352 827 3409 processus
871 3335 965 3407 agi
1012 3334 1220 3409 coepit.
1266 3334 1417 3391 Tum
1461 3330 1714 3391 demum*
1742 3336 2044 3408 designata
2085 3335 2232 3393 hora
2276 3334 2660 3393 accusationis

198 3432 539 3509 Judaeorum,
592 3442 653 3495 et
696 3438 1021 3495 sententiae
1066 3438 1267 3509 Pilati,
1318 3439 1629 3514 abruptam
1673 3438 2030 3497 narrationis
2058 3440 2268 3497 seriem
2300 3440 2664 3514 redintegrat

200 3538 470 3617 additque:
521 3549 602 3613 ,et
648 3542 1077 3601 crucifixerunt
1104 3562 1237 3601 eum
1282 3550 1341 3600 et
1385 3548 1511 3601 erat
1549 3543 1761 3601 titulus
1791 3546 2015 3601 causae‘
2061 3548 2169 3601 etc.
2209 3548 2304 3613 15,
2343 3548 2444 3600 25.
2480 3548 2580 3601 26.
2614 3564 2659 3601 s.

202 3640 439 3722 Denique
468 3648 689 3716 omnia,
725 3665 873 3724 quac
904 3648 975 3704 ad
1006 3646 1450 3705 crucifixionem
1481 3648 1859 3723 pertinebant
1887 3648 2206 3705 ordinatim
2237 3649 2450 3717 refert3
2483 3648 2662 3705 donec

199 3747 458 3807 absolutas
502 3752 745 3826 penitus
789 3750 1190 3809 crucifixionis
1234 3752 1509 3809 historias
1540 3753 1603 3808 in
1636 3752 1796 3809 hunc
1835 3753 2069 3809 modum
2099 3752 2348 3809 claudit:
2399 3756 2478 3821 ,et
2507 3752 2662 3809 facta

202 3849 326 3911 hora
362 3862 550 3925 sexta,
600 3857 879 3913 tenebrae
922 3856 1110 3913 factae
1154 3860 1333 3913 sunt.‘
1409 3862 1504 3926 15,
1544 3861 1644 3914 33.
1691 3855 2191 3918 Quemadmodum
2222 3861 2466 3931 partem,
2514 3873 2662 3932 quae

206 3956 263 4011 ad
302 3959 583 4017 iudicium
628 3960 885 4034 Caiphae
929 3961 1278 4035 pertinebat,
1327 3958 1613 4017 clauserat
1657 3961 1834 4018 horae
1867 3961 2074 4018 tertiae
2105 3958 2526 4034 designatione;
2575 3960 2662 4015 ita

198 4064 245 4115 et
281 4082 417 4139 quae
460 4066 537 4122 ad
584 4064 1017 4121 exsecutionem
1062 4064 1266 4122 iudicii
1302 4064 1485 4123 Pilati
1532 4069 1797 4140 spectant
1839 4066 1994 4135 finit,
2041 4067 2216 4123 horae
2261 4062 2658 4121 annotatione,

200 4162 309 4222 Non
350 4168 680 4226 diffitemur
726 4168 848 4225 iam
892 4167 1151 4245 aliquam
1190 4170 1373 4227 Marc.
1412 4174 1508 4240 15,
1548 4174 1649 4226 23.
1685 4174 1787 4226 24.
1843 4189 1961 4226 csse
2002 4169 2400 4231 crucifixionis
2443 4167 2662 4225 factam

200 4271 559 4343 mentionem,
621 4292 697 4330 ne
758 4273 938 4329 series
982 4274 1339 4331 narrationis
1384 4274 1671 4331 iudicium
1714 4293 1846 4331 cum
1893 4274 2259 4331 exsecutione
2304 4271 2662 4330 continentis

202 4369 371 4433 hiulca
392 4376 565 4435 foret.
610 4376 723 4434 Sed
756 4377 891 4455 quis
920 4378 1153 4451 ignorat
1182 4379 1255 4434 ob
1286 4378 1529 4435 eandem
1561 4377 1850 4436 rationem
1873 4380 1938 4434 in
1959 4378 2018 4435 S.
2043 4376 2103 4434 S.
2127 4396 2295 4453 saepe
2327 4396 2418 4434 res
2448 4375 2664 4434 multas

199 4482 467 4553 praeponi,
534 4486 637 4539 aut
682 4480 975 4557 postponi.
1052 4480 1138 4539 Cf.
1186 4502 1235 4539 e.
1284 4500 1332 4539 c.
1380 4482 1527 4539 Gen.
1582 4488 1633 4553 1,
1681 4487 1781 4539 27.
1827 4486 1888 4538 et
1935 4487 1990 4553 2,
2045 4486 2144 4537 21.
2186 4502 2232 4539 s.
2287 4487 2384 4552 11,
2423 4486 2522 4539 30.
2561 4486 2662 4539 31.

200 4576 343 4639 Unde
398 4606 477 4642 ex
534 4586 645 4643 hac
696 4584 823 4644 sola
883 4584 1259 4643 distinctione
1321 4586 1730 4643 sententiae
1787 4593 1846 4642 et
1905 4587 2394 4643 exsecutionis
2453 4587 2668 4660 pendet
