3267 5259
578 428 707 490 230
1318 437 1511 479 Dedecus
1538 436 1901 487 Disqiiisitionnn
1937 434 2286 487 theologicarum.

568 618 939 675 describitur.
1000 616 1416 692 Expendamus
1446 617 1826 686 characteres,
1877 617 2265 690 proprietates
2296 619 2358 672 et
2385 614 2827 672 conformitates
2855 617 3040 688 singu-

569 722 757 781 latim.
819 722 897 779 Et
941 722 1041 778 hic
1084 720 1335 779 Mariam
1364 721 1635 778 Marthae
1681 738 1932 777 sororem
1977 718 2359 793 agnoscimus,
2409 719 2808 794 peccatricem,
2855 706 2950 774 sed
2991 730 3042 774 et

576 829 985 902 poenitentem,
1034 830 1331 882 amantem
1375 830 1435 882 et
1464 828 1694 899 gratam
1725 843 1894 902 ,quae
1921 827 2098 881 unxit
2129 824 2450 881 Dominum
2481 826 2827 896 unguento.‘
2875 825 3042 899 Atqui

570 930 754 1002 nulla,
806 936 873 987 ut
916 930 1147 987 monuit
1188 950 1235 987 s.
1269 930 1664 1002 Augustinus,
1719 930 1792 985 de
1831 948 1984 985 cons.
2015 928 2127 985 Ev.
2159 927 2249 998 Π,
2287 931 2385 983 79.
2419 926 2542 983 ΠΙ.
2575 926 2633 983 b.
2669 930 2794 997 97„
2844 925 3046 982 mulier

571 1035 891 1092 Dominum
943 1038 1243 1107 unguento
1298 1036 1503 1103 unxit,
1552 1038 1609 1089 et
1655 1032 1826 1107 pedes
1869 1030 2099 1106 capillis
2143 1032 2392 1088 extersit
2441 1034 2756 1107 antequam
2804 1028 3045 1086 Lazarus

570 1140 1000 1208 infirmaretur,
1046 1143 1291 1213 excepta
1334 1136 1457 1195 sola
1483 1137 1802 1213 peccatrice
1833 1135 1978 1193 Luc.
2017 1140 2072 1205 7,
2109 1139 2239 1203 37.;
2283 1153 2420 1207 ergo
2451 1132 2584 1191 coll.
2609 1134 2827 1191 Matth.
2863 1138 2960 1199 26,
2995 1138 3042 1189 ἶ.

570 1243 780 1301 Joann.
820 1248 917 1312 12,
954 1246 1011 1299 3.
1088 1243 1282 1299 Maria
1324 1261 1485 1299 soror
1526 1241 1768 1309 Lazari,
1817 1240 2113 1315 peccatrix
2155 1238 2266 1295 illa
2307 1242 2412 1295 est.
2489 1238 2625 1295 Non
2669 1238 2878 1293 inanes
2919 1246 3040 1293 sunt

570 1348 681 1404 hae
704 1349 1084 1417 coniecturae,
1112 1365 1413 1421 possumus
1434 1348 1595 1403 enim
1623 1344 1930 1401 manifeste
1960 1344 2356 1400 demonstrare
2379 1360 2410 1397 e
2431 1361 2476 1397 s.
2495 1340 2532 1396 J
2533 1360 2725 1397 oanne
2753 1341 2868 1397 Ma
2883 1341 3044 1397 riam

570 1470 881 1509 sororem
924 1450 1246 1508 Mart-hae
1290 1450 1521 1525 ipsam
1566 1467 1714 1505 esse
1757 1445 2252 1523 peccatricem.
2315 1444 2548 1502 Harum
2583 1463 2854 1501 sororum
2895 1464 3042 1501 men-

574 1557 791 1612 tionem
836 1555 981 1611 facit
1030 1554 1128 1611 hic
1171 1552 1555 1627 Evangelista
1598 1573 1657 1609 u.
1691 1572 1750 1609 v.
1783 1570 1831 1609 c.
1872 1556 1968 1608 11.
2015 1550 2120 1607 ubi
2163 1550 2310 1607 dicit
2351 1569 2412 1607 v.
2449 1553 2506 1606 3.
2565 1551 2877 1619 ,miserunt
2927 1568 3050 1622 ergo

572 1678 795 1716 sorores
828 1659 953 1715 eius
982 1658 1053 1715 ad
1086 1659 1262 1715 eum!
1324 1657 1493 1715 Unde
1524 1646 1662 1713 nam
1691 1654 1838 1730 fingi
1869 1658 2058 1731 potest
2101 1658 2267 1711 tanta
2309 1656 2468 1710 inter
2512 1652 2786 1709 mulieres
2833 1654 2976 1709 istas
2999 1660 3051 1708 et

572 1762 937 1820 Salvatorem
966 1760 1335 1819 coniunctio?
1399 1761 1672 1833 ,Domine
1703 1778 1830 1817 eece
1859 1777 2034 1835 quem
2063 1760 2241 1814 amas‘
2273 1757 2480 1813 dicunt
2510 1757 2584 1813 ad
2615 1755 2944 1813 Christum.
2995 1755 3050 1811 Si

574 1868 739 1924 modo
771 1866 843 1923 ad
873 1865 1266 1938 Evangelium
1302 1866 1358 1922 d.
1394 1865 1586 1921 Lucae
1617 1863 1990 1931 attendimus,
2033 1860 2394 1933 intelligitur
2421 1860 2622 1917 Jesum
2652 1860 2726 1916 ad
2757 1859 3050 1917 castellum

574 1970 723 2028 illud
752 1970 1141 2027 Bethaniense
1186 1968 1361 2025 semel
1394 1972 1627 2025 tantum
1657 1966 1982 2026 divertisse.
2043 1965 2338 2021 Miserunt
2365 1971 2564 2021 tamen
2595 1964 2668 2020 ad
2715 1984 2885 2033 eum3
2925 1964 3052 2041 quid

574 2074 758 2147 magis
790 2072 1029 2130 obvium
1060 2091 1235 2148 quam
1266 2073 1521 2145 cogitare
1552 2090 1670 2128 non
1701 2069 1938 2127 aliunde
1967 2069 2113 2126 oriri
2149 2069 2326 2126 istam
2361 2067 2854 2139 familiaritatem,
2889 2088 3052 2145 quam

575 2198 649 2235 ex
673 2197 738 2234 eo
761 2176 913 2254 quod
943 2177 1135 2233 Maria
1164 2174 1353 2233 fidelis
1384 2175 1605 2233 Christi
1636 2174 2001 2244 administra,
2037 2174 2092 2231 ei
2119 2174 2184 2230 in
2215 2172 2480 2231 Galilaea
2511 2173 2796 2230 adhaesit.
2853 2176 3054 2230 Atten-

575 2282 777 2338 damus
806 2298 1017 2358 quaeso
1047 2283 1273 2337 teneras
1304 2298 1500 2355 preces
1528 2278 1838 2354 supplices.
1901 2278 2172 2349 ,Domine
2217 2296 2392 2354 quem
2438 2280 2652 2345 amas‘3
2701 2282 2760 2334 et
2797 2285 3054 2334 mutuam

575 2385 798 2442 Christi
834 2383 1182 2440 amicitiam:
1233 2382 1511 2453 ,Lazarus
1552 2384 1773 2440 amicus
1815 2388 2010 2440 noster
2047 2381 2305 2439 dormit.‘
2368 2382 2624 2438 Mariam
2655 2380 3054 2455 Magdalenam

576 2494 635 2545 et
672 2488 1055 2545 Bethanicam
1094 2488 1336 2543 candem
1385 2506 1504 2543 esse
1550 2487 1858 2543 mulierem
1879 2531 1893 2558 ,
1949 2505 2124 2564 quam
2169 2490 2230 2543 et
2273 2488 2658 2561 peccatricem
2701 2486 3056 2559 agnoscimus

582 2598 679 2663 11,
710 2598 831 2663 32„
862 2592 963 2648 ubi
988 2610 1147 2648 more
1168 2610 1271 2648 suo
1294 2592 1365 2648 ad
1392 2591 1560 2666 pedes
1591 2591 1832 2649 Domini
1863 2596 2129 2648 ruentem
2159 2590 2564 2665 conspicimus,
2599 2609 2780 2668 quam
2809 2590 3058 2666 primum

576 2696 899 2753 Bethaniae
944 2696 1414 2771 appropinquare
1458 2694 1751 2768 cognovit.
1815 2696 1910 2751 Ad
1957 2694 2123 2770 pedes
2152 2693 2396 2751 Domini
2441 2714 2556 2750 non
2589 2695 2803 2752 cecidit
2832 2695 3058 2751 Martha

576 2801 673 2857 sed
718 2800 912 2856 Maria
942 2832 1024 2839 —
1055 2818 1203 2876 quae
1247 2798 1321 2855 iis
1366 2804 1726 2869 assueverat,
1775 2819 1850 2855 ex
1893 2818 2008 2876 quo
2055 2799 2292 2855 domum
2334 2799 2642 2855 Pharisaei
2685 2797 2951 2872 ingressa
2991 2798 3054 2854 ad

576 2902 968 2961 sanctissimos
1028 2903 1197 2978 pedes
1253 2902 1501 2960 salutem
1556 2904 1870 2961 invenerat·
1901 2936 1983 2943 —-
2015 2902 2132 2959 iam
2195 2903 2326 2977 pari
2387 2902 2553 2959 modo
2617 2904 2826 2960 frat-ris
2885 2905 3058 2960 vitam

578 3012 912 3064 exoratura.
976 3006 1209 3083 Ubique
1240 3006 1493 3063 Mariam
1523 3012 1698 3080 urget
1725 3005 1956 3076 caritas,
1991 3006 2208 3083 ubique
2249 3006 2556 3062 tenerrimi
2585 3006 2805 3062 amoris
2835 3008 3058 3082 praebet

579 3116 951 3185 argumenta3
1010 3110 1126 3181 ,cui
1180 3111 1420 3169 dimissa
1470 3114 1609 3167 sunt
1662 3114 1892 3185 peccata
1947 3110 2136 3167 multa
2185 3111 2466 3186 quoniam
2512 3109 2728 3166 dilexit
2775 3110 3060 3167 multum.⁴

580 3216 799 3273 Eadem
830 3216 895 3272 in
926 3213 1246 3282 conviviis3
1290 3216 1489 3271 eadem
1519 3216 1583 3271 in
1614 3213 2044 3289 penetralibus3
2087 3214 2288 3270 eadem
2320 3212 2390 3270 ad
2421 3212 2627 3270 frat-ris
2657 3212 3058 3288 sepulchrum;

582 3320 781 3376 eadem
824 3320 896 3376 ad
943 3319 1181 3376 Domini
1228 3322 1704 3387 monumentum3
1753 3337 1925 3395 quem
1961 3316 2296 3374 fidelissime
2341 3318 2608 3395 sequitur
2640 3318 2712 3374 ad
2747 3320 3058 3392 passionem

584 3442 762 3499 usque
816 3428 875 3479 et
918 3441 1179 3491 crucem3
1234 3441 1408 3499 quem
1452 3421 1552 3479 vel
1604 3426 1902 3479 mort-uum
1953 3422 2160 3500 nequit-
2209 3422 2498 3491 deserere,
2557 3440 2678 3478 non
2723 3440 2894 3497 passa
2935 3442 2992 3477 sc
3029 3442 3058 3476 a

580 3530 956 3583 monumento
1001 3526 1209 3595 avelli,
1258 3526 1438 3583 donec
1482 3525 1818 3583 redivivum
1859 3527 2240 3601 conspiceret,
2287 3530 2343 3581 et
2389 3526 2460 3582 ad
2493 3526 2666 3600 pedes
2711 3526 2840 3583 eius
2885 3528 3058 3583 denuo

538 3680 549 3721 ;
580 3650 639 3687 se
671 3629 1059 3705 provolveret.
1125 3630 1289 3686 Idem
1319 3630 1471 3706 quod
1502 3647 1660 3686 nunc
1689 3648 1764 3686 ex
1793 3628 2017 3685 Joanne
2047 3632 2338 3686 ostensum
2377 3633 2482 3698 est,
2525 3628 2682 3685 clare
2715 3630 2953 3687 eruitur
2991 3648 3054 3684 ex

582 3735 796 3803 verbis,
845 3753 991 3811 quae
1046 3754 1091 3791 s.
1125 3733 1586 3807 Evangeliorum
1630 3735 1940 3808 scriptores
1993 3734 2208 3791 Matth.
2245 3737 2344 3803 26,
2383 3740 2440 3791 6.
2477 3754 2521 3789 s,
2569 3733 2758 3790 Marc.
2799 3738 2898 3803 14,
2933 3738 2988 3789 3.
3017 3752 3057 3787 s.

582 3838 713 3895 coll.
744 3838 955 3895 Joann.
995 3843 1090 3908 11,
1130 3842 1185 3895 2.
1242 3843 1336 3908 12,
1376 3842 1430 3895 3.
1464 3857 1499 3894 a
1528 3837 1762 3895 Christo
1794 3838 2046 3895 Domino
2084 3836 2469 3913 pronuntiata
2511 3842 2768 3894 narrant
2798 3838 2864 3893 in
2894 3854 3060 3893 coena

583 3942 737 4017 apud
784 3940 1079 3999 Simonem
1124 3940 1417 4016 leprosum
1460 3942 1648 3998 facta:
1697 3960 1830 3997 cum
1857 3940 2038 3997 Judas
2083 3941 2574 4011 obmurmuraret,
2619 3940 2892 3998 Christus
2933 3958 3060 3997 vero

586 4044 975 4103 inconsultam
1018 4045 1501 4102 obtrectationem
1546 4044 1901 4120 corriperet;
1943 4044 2210 4103 mulieris
2241 4045 2404 4120 pium
2435 4046 2500 4102 in
2529 4064 2590 4101 se
2631 4044 2896 4101 officium
2925 4044 3062 4100 mire

583 4149 1005 4219 commendans,
1042 4149 1238 4206 addito
1262 4150 1498 4226 quidem
1528 4148 1993 4222 singularissimo
2021 4147 2322 4208 vaticinio,
2370 4148 2587 4205 Matth.
2617 4152 2718 4219 26,
2755 4152 2852 4205 13.
2907 4144 3058 4208 Quod

585 4252 801 4310 clarius
830 4253 1095 4310 insinuat,
1123 4274 1168 4310 s.
1190 4253 1422 4310 Marcus
1459 4256 1555 4323 14,
1596 4257 1675 4324 6.,
1711 4270 1898 4329 neque
1927 4252 2064 4309 silet
2091 4272 2136 4309 s.
2160 4252 2445 4321 Joannes3
2489 4257 2584 4322 12,
2615 4256 2672 4309 7.
2707 4253 2806 4308 sed
2837 4250 3060 4307 omnino

584 4353 834 4431 supplet.
890 4356 1259 4413 Describitur
1290 4355 1503 4413 mulier
1534 4356 1768 4413 Christo
1799 4356 2212 4426 addictissima,
2245 4354 2540 4413 Salvatori
2579 4360 2826 4425 assueta,
2861 4354 3062 4411 mulier

586 4463 847 4515 amatum
876 4458 913 4515 J
915 4478 1075 4515 esum
1120 4461 1321 4517 necin
1350 4460 1479 4519 vita
1522 4479 1629 4518 nec
1672 4459 1738 4517 in
1783 4465 1970 4518 morte
2013 4460 2331 4529 desertura,
2381 4478 2530 4537 quae
2573 4460 2760 4517 modis
2803 4460 3062 4515 omnibus

584 4579 793 4637 corpus
822 4562 947 4618 eius
978 4582 1195 4636 ungere
1226 4564 1467 4637 satagit,
1502 4565 1656 4641 quod
1698 4564 1811 4639 ipsi
1842 4564 2109 4621 Christus
2139 4564 2448 4621 concedere
2479 4562 2698 4635 voluit,
2733 4568 2802 4620 ut
2829 4580 3060 4639 praeve·
