3267 5259
583 426 733 475 LXII
1410 440 1656 491 Apparatus
1683 440 1898 482 Histoi-ico
1917 464 1966 471 -
1985 440 2237 483 Chmnicus.

583 617 748 667 sionis
773 617 1112 682 perspicuum
1138 620 1233 666 cst.
1272 618 1436 667 Recte
1462 618 1623 683 igitur
1647 618 1752 667 iam
1779 616 1902 667 olim
1931 616 2162 666 advertit
2185 634 2228 667 s.
2247 617 2594 683 Augustinus,
2623 616 2687 667 de
2713 616 2830 665 Civ.
2851 616 2956 665 Dei
2975 616 3074 677 111,

587 708 666 756 15.
692 705 733 767 I,
759 707 873 755 109.
900 704 1039 753 hanc
1075 704 1202 755 solis
1228 704 1653 755 obscurationem
1679 721 1788 754 non
1816 720 1879 754 ex
1906 706 2164 755 canonico
2191 704 2420 755 siderum
2449 720 2608 755 cursu
2642 704 2905 753 accidisse
2943 703 3074 753 satis

585 791 830 853 ostendit,
870 792 1044 857 „quod
1082 796 1208 841 tunc
1245 798 1361 841 erat
1397 792 1607 842 Pascha
1641 793 1998 842 Judaeorum:
2037 808 2160 843 nam
2185 792 2346 857 plena
2371 793 2500 842 luna
2537 792 2828 842 solenniter
2865 793 3074 857 agitur,

583 878 840 943 regularis
878 882 1054 928 autem
1090 879 1253 929 lunae
1291 879 1519 929 defectio
1557 882 1771 931 nonnisi
1809 880 1966 929 lunae
2004 878 2107 929 fine
2145 880 2414 945 contigit.“
2479 878 2559 929 cf.
2587 896 2631 929 e.
2663 878 3073 944 Theophylacti,

582 964 781 1015 Comm.
810 966 863 1015 in
888 966 1075 1016 Matth.
1102 984 1146 1017 c.
1168 969 1251 1017 27.
1276 984 1327 1033 p.
1352 970 1467 1017 176.
1492 968 1654 1017 Aliud
1679 974 2046 1033 argumentum
2071 967 2228 1017 huius
2253 969 2569 1031 sententiae,
2596 966 2726 1017 solis
2759 966 3072 1042 deliquium,

581 1052 724 1118 quod
751 1052 960 1104 Christo
995 1055 1251 1105 moriente
1290 1056 1525 1121 contigit,
1562 1061 1830 1121 praeter
1867 1060 2144 1106 naturae
2180 1070 2437 1105 cursum
2475 1061 2538 1105 et
2573 1054 2864 1104 ordinem
2901 1054 3072 1103 conti-

580 1141 753 1205 gisse,
803 1143 1001 1207 petitur
1047 1158 1111 1191 ex
1158 1142 1465 1193 duratione:
1513 1142 1718 1193 scilicet
1765 1143 1868 1193 ista
1917 1144 2045 1195 solis
2091 1144 2394 1193 obscuratio
2444 1157 2600 1208 quam
2653 1140 3074 1206 Evangeliorum

586 1229 874 1293 scriptores
906 1235 1247 1297 conspectam
1276 1230 1640 1296 prodiderunt,
1678 1246 1773 1297 per
1810 1236 1916 1281 tres
1951 1231 2111 1281 horas
2131 1259 2196 1267 —
2217 1230 2250 1279 i.
2278 1248 2322 1280 e.
2363 1246 2396 1280 a
2421 1232 2571 1281 6-9.
2599 1256 2664 1265 -
2685 1229 2914 1278 duravit.
2967 1225 3075 1275 Sed

580 1330 707 1365 vero
744 1314 853 1378 illa,
892 1331 1029 1382 quae
1066 1315 1125 1366 fit
1158 1319 1215 1366 in
1247 1317 1447 1383 eclypsi
1488 1318 1734 1379 naturali,
1773 1334 1944 1383 eaque
1983 1320 2142 1369 etiam
2178 1318 2328 1368 totali
2367 1323 2422 1367 et
2457 1316 2693 1377 ceum-ali,
2730 1320 2854 1380 post
2889 1315 3073 1379 exigui

579 1402 831 1467 temporis
866 1417 1067 1453 moram
1105 1404 1312 1454 desinit.
1374 1404 1435 1453 Id
1475 1404 1617 1470 quod
1655 1406 1762 1455 iam
1800 1406 1852 1455 S.
1885 1406 2244 1470 Hieronymus
2291 1406 2512 1465 monuit,
2559 1420 2746 1453 comm.
2783 1402 2839 1451 in
2875 1400 3071 1451 Matth.

580 1488 663 1548 27,
684 1489 767 1539 45.
808 1490 912 1550 „Et
934 1506 1003 1539 ne
1028 1491 1249 1541 forsitan
1274 1490 1543 1541 videretur
1568 1494 1758 1543 umbra
1780 1498 1969 1555 terrae,
1997 1492 2082 1542 vel
2108 1492 2251 1543 orbis
2278 1491 2438 1542 lunae
2463 1492 2754 1557 oppositus„
2791 1490 2990 1539 breves
3019 1496 3074 1537 et

579 1575 909 1641 ’ferrugineas
947 1578 1139 1629 fecisse
1176 1580 1441 1639 tenebras,
1478 1581 1633 1629 trium
1662 1580 1906 1629 horarum
1933 1581 2160 1645 spatium
2185 1582 2416 1645 ponitur,
2453 1584 2514 1629 ut
2539 1578 2708 1628 omnis
2733 1578 3073 1627 causantium

580 1665 791 1713 occasio
816 1663 1137 1715 tolleretur.“
1166 1667 1283 1729 Vn,
1310 1669 1430 1717 235.
1471 1666 1575 1716 Sed
1602 1668 1760 1716 etiam
1785 1668 1957 1729 tertio,
1995 1666 2172 1732 quod
2209 1667 2287 1716 ad
2325 1666 2830 1731 amplitudinem
2855 1664 3068 1722 attinet,

577 1750 830 1800 miraculo
857 1752 1106 1802 divinitus
1142 1758 1369 1818 patrate,
1406 1770 1527 1819 sup
1547 1769 1613 1803 ra
1651 1753 1862 1819 legem
1897 1760 2181 1803 naturae
2219 1754 2384 1803 fuisse
2422 1754 2618 1803 factam
2655 1752 3070 1801 demonstratur.

576 1838 863 1887 Testanttlr
898 1840 1037 1888 enim
1074 1840 1481 1905 Evangelistae,
1532 1841 1674 1906 quod
1722 1842 2004 1890 obscurato
2051 1840 2164 1891 sole
2199 1842 2455 1890 tenebrae
2502 1840 2678 1889 factae
2714 1840 2914 1887 fuerint
2951 1833 3068 1897 ,ἐπὶ

575 1922 733 1974 πᾶσαν
758 1921 843 1988 τὴν
868 1928 1019 1993 γῆν“;
1056 1926 1242 1976 Matth.
1270 1929 1352 1990 27,
1373 1930 1456 1977 45.
1483 1944 1579 1977 seu
1604 1922 1713 1995 ,,ἐφ’
1741 1921 1858 1991 ὃλην
1883 1924 1968 1991 τὴν
1992 1930 2119 1995 γῆν“
2145 1926 2307 1977 Marc.
2337 1929 2415 1988 15,
2442 1928 2549 1990 33.;
2577 1927 2610 1975 i.
2638 1942 2683 1976 e.
2709 1940 2874 1991 supra
2896 1930 3070 1973 totum

577 2011 1038 2077 hemisphaerium,
1078 2014 1221 2080 quod
1257 2020 1384 2064 tunc
1421 2016 1672 2081 temporis
1711 2014 1810 2065 soli
1847 2016 1946 2065 fuit
1981 2016 2281 2065 obversum.
2327 2016 2452 2065 Jam
2488 2031 2614 2064 vero
2651 2012 2800 2063 nulla
2835 2012 3070 2078 eclypsis

578 2099 705 2150 solis
742 2100 1017 2161 naturalis,
1056 2101 1243 2151 codem
1278 2106 1513 2168 tempore
1552 2102 1752 2167 ubique
1790 2102 2010 2165 accidit3
2049 2102 2144 2152 sed
2190 2118 2310 2151 cum
2347 2103 2402 2150 in
2439 2116 2547 2151 una
2582 2101 2800 2165 regione
2837 2104 3068 2165 apparet

574 2186 767 2249 totalis,
806 2188 861 2235 in
898 2186 1007 2237 alia
1043 2194 1125 2239 est
1157 2188 1413 2255 partialis,
1450 2190 1505 2238 in
1544 2188 1662 2239 aliis
1699 2190 2068 2239 remotioribus
2108 2196 2191 2239 est
2227 2188 2390 2238 nulla.
2456 2188 2519 2237 Id
2553 2188 2782 2253 prodigii
2819 2202 2932 2237 non
2968 2188 3064 2236 im-

574 2275 759 2323 merito
815 2274 1133 2325 adscribitur
1186 2277 1409 2337 actioni,
1468 2292 1575 2342 qua
1624 2276 1775 2327 Deus
1827 2293 1923 2341 per
1973 2282 2080 2326 tres
2123 2276 2283 2326 horas
2335 2275 2622 2325 retardavit
2676 2280 2875 2324 motum
2931 2272 3064 2324 solis

575 2362 719 2411 cirea
764 2364 1033 2427 propriam
1080 2378 1261 2426 axem,
1318 2364 1446 2428 quia
1494 2365 1677 2413 variae
1730 2380 1905 2413 rerum
1947 2364 2016 2413 ad
2059 2378 2268 2413 crucem
2315 2368 2584 2427 gestarum
2627 2362 3070 2412 circumstantiae

574 2449 791 2497 credere
810 2449 1051 2511 suadent,
1079 2449 1309 2515 aliquam
1329 2449 1543 2499 luminis
1562 2452 1772 2516 copiam
1789 2468 1817 2499 e
1843 2450 1956 2500 sole
1981 2452 2037 2499 in
2061 2466 2242 2500 aerem
2266 2456 2565 2515 terramque
2593 2450 2758 2499 fuisse
2785 2450 3066 2512 emissam3

574 2536 715 2585 unde
752 2537 867 2601 ipse
905 2537 1115 2602 quidem
1152 2537 1234 2587 sol
1272 2537 1462 2603 legitur
1498 2538 1831 2600 obscuratus,
1880 2554 1988 2587 non
2025 2554 2152 2587 vero
2199 2554 2262 2587 ex
2312 2537 2480 2587 oculis
2525 2536 2796 2587 hominum
2845 2538 3067 2601 penitus

574 2623 830 2673 sublatus.
880 2623 1035 2684 Quod
1073 2625 1140 2674 ad
1176 2626 1659 2675 annotationes
1696 2624 2094 2689 Phlegontis
2132 2624 2461 2675 Tralliani
2501 2626 2692 2673 attinet
2719 2652 2784 2659 —
2813 2624 2905 2688 qui
2947 2629 3068 2673 era-t.

573 2710 834 2759 Hadriani
855 2711 1102 2761 Caesaris
1123 2711 1340 2761 libertus
1356 2742 1419 2747 —-
1437 2712 1714 2777 eclypseos
1735 2712 2010 2761 cuiusdam
2029 2713 2346 2761 mentionem
2375 2712 2558 2761 iniecit
2579 2712 2636 2760 in
2655 2709 3066 2772 Chronicorum,

575 2813 669 2847 seu
708 2796 1081 2863 Olympiadum
1118 2798 1296 2863 libris;
1336 2816 1467 2864 quos
1495 2800 1689 2849 iniuria
1715 2805 2010 2864 temporum
2033 2798 2410 2864 hominumque
2436 2799 2642 2847 incuria
2665 2797 2906 2864 perditos
2935 2812 3067 2862 que-

575 2890 761 2933 runtur
786 2884 993 2934 eruditi.
1033 2882 1453 2953 ,,’ολυμπιονικῶν
1490 2883 1571 2934 καὶ
1606 2886 1850 2955 χρονικῶν
1884 2881 2194 2953 συναγογὴν“
2215 2885 2363 2935 libris
2388 2886 2530 2935 XVI.
2568 2883 3066 2949 Olympionicarum

574 2972 609 3019 i.
648 2987 693 3020 e.
731 2972 992 3021 victorum
1028 2973 1083 3021 in
1120 2971 1259 3022 ludis
1287 2972 1579 3037 olympicis
1604 2974 1823 3022 nomina
1845 2972 1966 3022 inde
1993 2988 2026 3022 a
2053 2972 2296 3035 Caraeto,
2336 2972 2403 3022 ab
2435 2971 2644 3038 Olymp.
2669 2969 3064 3020 I—CCXXIX.

575 3064 835 3124 perpetua
888 3060 1026 3108 serie
1084 3060 1365 3122 recensuit,
1420 3060 1631 3110 adiecta
1677 3058 1901 3125 singulis
1940 3060 2345 3125 Olympiadilms
2383 3061 2530 3110 brevi
2579 3076 2754 3109 rerum
2789 3064 3066 3125 gestarum

574 3148 878 3196 narratione
899 3175 965 3183 —-
985 3163 1035 3196 v·
1055 3146 1105 3197 J.
1126 3147 1372 3213 Rutgers,
1409 3164 1552 3213 spec.
1578 3148 1714 3197 liter.
1741 3147 1857 3197 exh.
1885 3148 2371 3213 Olympionicarum
2405 3149 2587 3197 fastos.
2624 3147 2799 3213 Lugd.
2819 3146 2882 3196 B.
2907 3148 3064 3197 1862.

574 3233 708 3299 prol.
734 3251 784 3299 p.
812 3237 859 3284 8.
887 3262 953 3270 —
980 3232 1219 3285 Sextus
1257 3234 1487 3285 Julius
1530 3234 1922 3297 Africanus,
1966 3236 2058 3300 qui
2095 3234 2310 3285 saeculo
2349 3235 2516 3285 altero
2553 3241 2674 3301 post
2708 3234 3065 3300 phlegontem

572 3322 717 3384 vixit,
766 3322 985 3387 eiusque
1032 3321 1097 3371 dc
1146 3321 1551 3387 Olympiadibus
1596 3338 1730 3387 opus
1781 3322 1962 3371 videre
2011 3323 2184 3386 potuit
2219 3318 2560 3390 Ὁλυμπιάδι.)ν
2597 3316 2849 3391 ἀναγραφῇ
2889 3323 3057 3381 edita,

573 3437 639 3445 —
668 3424 827 3474 quam
876 3410 1107 3459 servavit
1151 3409 1205 3457 in
1245 3425 1341 3459 suo
1380 3408 1646 3458 Chronico
1683 3410 1951 3459 Eusebius
1985 3437 2048 3444 —
2077 3410 2240 3459 fastos
2286 3408 2776 3475 Olympionicarum
2826 3408 3063 3475 reliquit.

571 3496 677 3545 Hic
714 3496 857 3561 apud
896 3496 1182 3562 Georgium
1222 3496 1525 3561 Syncellum
1562 3500 1788 3545 testatur
1819 3526 1872 3532 —
1903 3497 1958 3545 in
1998 3495 2450 3562 chronographia.
2491 3496 2647 3562 Corp.
2673 3496 2802 3560 Byz.
2827 3496 2956 3546 Hist
2991 3497 3058 3545 V.

573 3583 656 3633 ed.
676 3584 809 3632 Ven.
833 3584 982 3634 1729.
1007 3601 1058 3649 p.
1080 3585 1198 3633 257.
1225 3612 1281 3620 -
1304 3600 1466 3645 „sane
1492 3584 1621 3633 luna
1645 3588 1756 3633 toto
1783 3585 1912 3633 orbe
1938 3584 2178 3633 radiante
2205 3585 2272 3633 ab
2299 3582 2431 3633 hora
2456 3584 2561 3633 dici
2586 3588 2738 3632 sexta
2761 3583 2832 3633 ad
2855 3598 3060 3633 nonam

571 3684 743 3735 usque
797 3671 1055 3737 integram
1110 3670 1235 3721 solis
1291 3669 1544 3737 eclypsim
1581 3672 1798 3721 Tiberio
1853 3672 2147 3737 imperante
2193 3670 2482 3735 contigisse
2529 3676 2711 3720 narrat
2757 3670 3055 3737 Phlegon.“

571 3758 954 3808 Testimonium
990 3758 1300 3823 Phlegontis
1337 3760 1443 3808 iam
1472 3764 1674 3823 aperte,
1713 3760 1816 3808 iam
1853 3764 1992 3808 tecto
2029 3760 2260 3819 nomine,
2301 3757 2540 3808 laudant:
2582 3757 2963 3820 Tertullianus,
3005 3760 3065 3807 in

569 3844 938 3911 ApologeticO.
976 3862 1022 3895 c.
1048 3847 1130 3895 21.
1156 3847 1199 3909 I,
1226 3847 1309 3895 89.
1348 3846 1625 3911 Origenes,
1666 3847 1721 3894 in
1757 3845 1942 3896 Matth.
1969 3847 2032 3907 V,
2060 3848 2142 3895 53.
2181 3851 2368 3895 contra
2393 3844 2624 3907 Celsum,
2650 3845 2717 3907 11,
2746 3847 2828 3895 33.
2853 3846 3062 3908 XVIII,

574 3936 690 3984 187.
708 3934 994 3995 Eusebius,
1022 3934 1078 3982 in
1104 3933 1322 3983 Canone
1349 3934 1598 3983 chronico
1627 3933 1708 3983 ed.
1737 3932 1992 3997 Scaligeri
2014 3950 2062 3998 p.
2083 3934 2201 3983 202.
2229 3933 2466 3998 Scriptor
2492 3932 2744 3981 Chronici
2767 3931 3064 3997 paschalis,

572 4021 653 4070 ed.
692 4022 823 4070 Ven.
862 4019 921 4069 C.
960 4020 1027 4069 H.
1066 4019 1127 4068 B.
1166 4020 1255 4081 IV,
1297 4022 1411 4069 176.
1451 4026 1609 4085 atque
1649 4019 1910 4083 Georgius
1951 4018 2241 4082 Cedrenus,
2279 4020 2420 4069 Hist.
2459 4035 2628 4084 comp.
2665 4019 2739 4069 ib.
2775 4019 2896 4079 VII,
2940 4022 3064 4071 150.

569 4110 653 4158 De
690 4107 791 4158 hac
826 4107 1133 4173 Phlegontis
1171 4103 1331 4173 ῥήσει,
1371 4122 1509 4171 quae
1547 4122 1611 4155 ex
1651 4106 1881 4155 editione
1919 4106 1989 4154 M.
2025 4106 2077 4155 J.
2115 4106 2308 4168 Routh‚
2347 4106 2380 4155 l.
2419 4122 2463 4155 c.
2501 4122 2552 4171 p.
2591 4108 2708 4155 298.
2748 4108 2825 4155 ita
2861 4122 3062 4171 graece

571 4196 731 4245 habet
782 4190 1029 4263 ,,(Ι)λέγων
1075 4190 1267 4260 ἱστορεῖ
1309 4190 1383 4243 ἐπὶ
1418 4189 1641 4259 Τιβερίου
1679 4188 1921 4260 Καίσαρος
1961 4188 2006 4241 ἐν
2043 4189 2330 4260 πανσελήνῳ
2380 4188 2587 4259 ἐκλείψει
2631 4188 2773 4255 ἡλίου
2809 4191 3066 4260 γεγονέναι

570 4278 771 4342 τελείαν,
810 4275 901 4330 ἀπὸ
938 4279 1071 4348 ὥρας
1110 4277 1247 4344 ἕκτης
1286 4278 1457 4349 μέχρις
1504 4276 1714 4345 {vvest-125.
1754 4277 1904 4343 δῆλον
1941 4276 2010 4337 ὡς
2046 4278 2274 4343 ταύτην.“
2347 4280 2568 4329 Veteres
2613 4279 2762 4329 velut
2807 4296 2916 4329 uno
2965 4297 3062 4330 ore

568 4370 991 4433 pronuntiarunt,
1029 4369 1169 4417 hanc
1206 4367 1463 4433 eclypsim
1500 4368 1654 4429 tradi,
1695 4383 1832 4433 quae
1869 4368 1967 4417 sub
2008 4366 2202 4417 Christi
2239 4372 2462 4415 mortem
2499 4368 2641 4416 facta
2678 4372 2774 4417 est.
2835 4367 3058 4430 Verum,

570 4454 714 4522 quod
750 4470 911 4520 saepe
946 4456 1053 4505 iam
1090 4457 1157 4505 ab
1197 4455 1315 4505 aliis
1352 4454 1565 4517 dictum,
1604 4453 1735 4503 nihil
1762 4454 1816 4502 in
1841 4453 2136 4519 Phlegonte
2175 4454 2622 4517 repraesentando
2663 4453 2728 4503 de
2756 4452 3059 4519 plenilunio

570 4541 843 4607 scripsisse
880 4542 1199 4605 Eusebium3
1238 4544 1341 4591 imo
1380 4540 1557 4606 palam
1595 4556 1712 4591 esse
1750 4540 1882 4590 nihil
1919 4540 2219 4591 huiusmodi
2257 4555 2290 4589 a.
2325 4541 2618 4607 Phlegonte
2647 4569 2710 4577 —
2739 4542 2918 4605 quint
2941 4543 3060 4607 opi-

568 4644 816 4679 naremur
850 4629 1104 4695 eclypsim
1130 4645 1309 4678 veram
1334 4645 1451 4678 esse
1478 4627 1702 4678 credidit
1726 4657 1791 4664 —
1818 4644 2004 4693 reapse
2031 4628 2194 4678 fuisse
2221 4634 2566 4677 memoratum
2593 4628 2872 4678 credimus.
2911 4629 3058 4691 Quin
