3267 5259
1206 460 1407 502 christus
1435 461 1624 512 patiens.
2534 449 2656 514 123

174 638 421 712 rogavit,
470 640 577 696 sed
624 644 685 698 et
726 659 833 715 pro
876 637 1064 698 salute
1107 639 1371 697 omnium
1408 640 1797 711 credentium,
1846 641 1950 718 qui
1994 641 2261 715 deinceps
2307 659 2412 714 per
2455 660 2657 698 eorum

172 742 665 816 praedicationem
707 743 1031 801 adducendi
1074 748 1245 800 erant
1288 744 1361 800 ad
1422 743 1633 818 ipsum.
1679 747 1877 821 Atque
1915 744 2003 802 ita
2047 743 2314 800 Christus
2366 763 2656 810 sermones

172 865 289 903 suos
334 845 396 902 in
442 847 762 904 coenaculo
791 848 1023 905 habitos
1066 847 1349 905 conclusit
1370 844 1410 906 ¹.

456 1137 517 1216 ἓ.
552 1139 665 1202 26.
731 1133 1119 1200 Christus
1162 1138 1507 1221 patiens
1551 1137 1631 1199 in
1677 1135 1922 1200 horto
1972 1134 2367 1199 olearum.

363 1341 621 1407 Habito
669 1342 754 1406 ad
796 1341 1149 1428 Apostolos
1196 1365 1515 1424 sermone,
1563 1341 1854 1427 fusisque
1903 1341 1987 1405 ad
2016 1341 2282 1406 Patrem
2329 1341 2655 1427 precibus,

174 1477 434 1517 coenam
483 1453 725 1519 clausit
768 1453 962 1519 Jesus
1006 1455 1315 1540 hymn023
1372 1475 1653 1540 cumque
1700 1453 2030 1539 discipulis
2075 1453 2379 1518 undecim
2425 1453 2654 1518 relicta

174 1565 319 1630 urbe
368 1577 435 1630 et
480 1577 797 1652 superato
845 1575 1133 1630 torrente
1168 1565 1488 1648 Cedron3,
1546 1565 1806 1630 hortum
1849 1588 2054 1651 prope
2105 1575 2394 1630 montem
2439 1566 2656 1631 oliveti

174 1679 349 1740 situm
403 1680 617 1764 petiit.
689 1679 1031 1764 Ingressus
1090 1677 1546 1743 Gethsemanis
1602 1679 1924 1742 virentem
1985 1677 2272 1760 hortum,
2329 1677 2656 1764 discipulis

174 1789 409 1854 tamdiu
455 1790 805 1856 considere
860 1792 1049 1856 iussis
1108 1790 1420 1876 quamdiu
1479 1791 1839 1854 orationem
1901 1812 2083 1853 suam
2143 1790 2445 1872 finiisset,
2509 1813 2656 1854 cum

174 1901 377 1983 Petro,
423 1901 689 1966 Jacobo
739 1913 803 1966 et
845 1902 1105 1967 Joanne
1150 1903 1462 1966 remotius
1509 1901 1596 1965 ad
1642 1901 1960 1966 orandum
2006 1904 2292 1966 secessit.
2348 1901 2656 1966 Nonnihil

176 2035 550 2098 progressus
621 2016 874 2078 tristitia
942 2037 1327 2101 summoque
1389 2037 1634 2099 angore
1707 2023 2044 2098 correptus
2115 2017 2276 2096 est⁴;
2348 2012 2528 2099 quod
2595 2023 2659 2078 et

176 2127 459 2209 aperiens
505 2125 719 2190 tribus
763 2126 885 2190 illis
929 2127 1294 2212 ApostoliS‚
1356 2127 1627 2190 comites
1689 2149 1912 2190 secum
1959 2149 2226 2190 manere
2276 2134 2341 2190 et
2383 2124 2656 2211 vigilare

176 2236 382 2302 voluit.
428 2237 700 2302 Deinde
748 2237 830 2302 ab
876 2240 953 2304 iis
1000 2238 1343 2303 discedens
1388 2237 1727 2302 intervallo
1771 2261 1869 2321 e0,
1920 2261 2048 2324 quo
2093 2237 2260 2324 lapis
2292 2260 2489 2302 manu
2532 2239 2658 2302 iaci

178 2358 393 2431 potest,
454 2351 523 2413 in
574 2373 795 2435 genua
851 2359 1212 2436 prostratus
1276 2359 1472 2435 atque
1532 2352 1599 2413 in
1659 2349 1910 2414 vultum
1968 2373 2213 2436 pronus
2280 2372 2512 2436 preces
2574 2350 2659 2414 ad

178 2460 421 2524 Patrem
469 2463 649 2528 fudit
691 2485 931 2547 magna
959 2467 1181 2527 ‘voce5
1224 2461 1463 2546 ,Abba‘
1507 2461 1666 2527 illud
1708 2464 2145 2548 ingeminans3
2193 2461 2359 2526 adeo
2395 2462 2659 2548 quidem

180 2573 415 2655 anxius,
462 2575 637 2638 adeo
686 2577 946 2638 saucius
991 2574 1236 2656 dolore,
1282 2583 1353 2638 ut
1396 2597 1529 2638 non
1576 2574 1781 2639 semel
1826 2574 1944 2639 sed
1986 2576 2240 2656 iterum,
2289 2597 2367 2638 ac
2398 2575 2657 2638 tertium

180 2684 471 2750 funderet
518 2685 789 2750 easdem
804 2691 846 2749 ⁶.
892 2686 1175 2771 Rogavit
1220 2696 1439 2751 autem
1483 2687 1734 2769 Deum,
1797 2696 1867 2751 ut
1912 2685 2172 2750 dolores
2219 2685 2619 2750 acerbissimi
2639 2689 2662 2729 ⁷

181 2818 469 2882 morsque
520 2798 871 2881 dirissima,
938 2797 1020 2862 ab
1070 2821 1147 2862 eo
1196 2801 1289 2862 sic
1337 2807 1697 2880 avertatur,
1758 2808 1829 2863 ut
1873 2798 2038 2863 liber
2083 2799 2166 2863 ab
2214 2821 2294 2863 ea
2339 2799 2528 2882 foret,
2597 2808 2662 2863 et

178 2908 485 2992 immunis,
520 2911 578 2974 si
610 2911 1083 2995 sapientissima
1108 2913 1245 2975 eius
1278 2910 1546 2975 consilia
1575 2911 1644 2974 id
1671 2921 2052 2997 paterentur
2068 2914 2108 2974 8.
2142 2909 2406 2976 Interea
2436 2921 2656 2976 autem

377 3227 415 3290 ¹)
452 3226 660 3276 Joann.
698 3241 745 3274 c.
783 3228 865 3275 17.
891 3243 941 3291 p.
978 3227 1013 3274 i.
1062 3225 1146 3275 Ad
1174 3242 1223 3291 q.
1248 3241 1300 3275 ν.
1326 3241 1372 3275 c.
1398 3227 1458 3275 P.
1486 3225 1549 3275 G.
1590 3225 1768 3288 Stark,
1795 3228 1917 3276 Par.
1943 3231 1997 3276 et
2021 3226 2220 3276 Comm.
2257 3229 2313 3276 in
2337 3229 2438 3278 Ev.
2464 3228 2660 3278 Joann.

182 3309 517 3361 XIII—XVI.
540 3312 663 3362 Jen.
687 3313 835 3362 1817.
858 3311 981 3360 Chr.
1002 3311 1214 3377 Knapp,
1236 3327 1422 3361 comm.
1442 3311 1588 3361 VIII.
1611 3317 1666 3361 et
1683 3313 1748 3362 X.
1767 3313 1826 3361 in
1845 3314 2023 3378 script.
2045 3329 2094 3362 v.
2115 3328 2163 3362 a.
2186 3313 2268 3363 ed.
2289 3316 2336 3362 2.
2359 3313 2484 3364 Hal.
2507 3315 2660 3364 1823.

184 3398 543 3458 p.271.s.327.
562 3413 604 3447 s.
632 3397 957 3460 Lehmstedt,
984 3413 1170 3448 comm.
1192 3397 1261 3447 ad
1282 3398 1672 3463 deprecationis
1698 3399 2046 3448 sacerdotalis
2066 3398 2242 3449 locum
2260 3401 2457 3450 Joann.
2484 3401 2562 3462 17,
2575 3401 2662 3450 24.

184 3482 549 3534 Ascherleben.
588 3485 739 3534 1836.
774 3501 825 3550 p.
862 3487 911 3534 3.
948 3499 992 3534 s.
1042 3485 1193 3545 Quae
1230 3486 1409 3534 omnia
1444 3512 1511 3520 —
1546 3489 1607 3534 ut
1644 3486 1841 3550 optime
1877 3484 2108 3534 advertit
2142 3487 2230 3535 Fr.
2259 3483 2475 3548 Sum-ez,
2513 3485 2566 3536 S.
2602 3486 2654 3537 J.

185 3567 288 3630 Th„
324 3570 526 3620 Comm.
565 3585 631 3620 ac
665 3571 878 3636 Disput.
916 3572 972 3620 in
1007 3570 1105 3620 111.
1142 3571 1202 3620 P.
1236 3571 1305 3620 D.
1342 3571 1595 3634 Thomae,
1632 3575 1669 3621 t.
1707 3574 1757 3620 ⁴2.
1786 3588 1836 3637 q.
1874 3572 1937 3634 L,
1966 3573 2013 3620 4.
2049 3571 2182 3636 disp.
2208 3574 2293 3633 40,
2335 3575 2381 3622 7.
2408 3572 2490 3623 ed.
2517 3573 2661 3639 Meg.

189 3656 324 3704 1616.
349 3674 399 3722 p.
424 3659 551 3707 416.
576 3685 645 3693 —
668 3673 741 3708 sc.
768 3659 892 3723 agni
932 3673 1069 3720 esus,
1104 3656 1234 3707 lotio
1269 3657 1478 3722 pedum,
1513 3658 1777 3707 institutio
1800 3658 2188 3718 Eucharistiae,
2229 3674 2399 3709 coena
2427 3675 2658 3710 commu-

186 3741 275 3801 nis,
311 3741 578 3793 discessus
615 3743 808 3804 Judae,
845 3759 955 3792 non
990 3749 1279 3808 potuerunt
1315 3744 1471 3793 citius
1510 3758 1670 3809 quam
1706 3760 1802 3809 per
1837 3749 1945 3794 tres
1981 3746 2068 3794 vel
2107 3751 2337 3810 quatuor
2360 3745 2518 3796 horas
2543 3762 2660 3812 per-

188 3824 277 3874 fici.
312 3828 391 3876 Ex
430 3845 541 3894 quo
579 3831 831 3894 sequitur,
868 3831 915 3878 si
952 3828 1195 3879 Christus
1230 3830 1331 3879 sub
1367 3829 1551 3879 horam
1590 3835 1794 3880 sextam
1829 3830 2100 3881 discubuit
2141 3859 2198 3868 —
2239 3845 2364 3880 nam
2398 3831 2494 3880 illa
2529 3831 2664 3881 hora

190 3912 261 3959 sol
293 3915 347 3962 in
383 3917 731 3981 aequinoctio
770 3915 965 3966 occidit
1001 3943 1067 3952 —
1104 3915 1239 3965 hora
1272 3917 1481 3965 circiter
1518 3915 1726 3966 decima
1761 3933 2032 3982 egressum
2071 3917 2139 3966 ad
2174 3923 2406 3967 montem
2445 3917 2662 3966 Oliveti.

192 3996 227 4061 ²)
266 3999 429 4059 Quem
464 4001 667 4051 Judaei
710 4007 928 4052 cantare
972 4002 1147 4054 solent
1188 4004 1244 4050 in
1285 4002 1424 4052 festo
1467 4002 1777 4065 Paschatis,
1841 4005 2037 4069 quique
2079 4003 2321 4053 Psalmos
2373 4003 2660 4052 113-118.

192 4087 562 4150 complectitur.
637 4088 862 4140 Constat
915 4090 1055 4138 enim
1110 4089 1241 4138 satis
1294 4087 1482 4138 Jesum
1536 4103 1656 4138 eum
1717 4091 1827 4140 suis
1887 4090 2158 4155 Apostolis
2218 4091 2274 4138 in
2335 4088 2661 4138 comedendo

194 4172 448 4236 paschate,
487 4174 818 4225 Judaeorum
841 4177 976 4226 ritus
1003 4175 1284 4240 diligenter
1320 4175 1655 4224 observasse.
1695 4173 1735 4240 3)
1770 4176 1830 4224 F.
1857 4175 1978 4225 Not.
2007 4191 2186 4240 geogr.
2213 4192 2264 4239 p.
2291 4174 2584 4224 LXXXIV.
2612 4181 2664 4224 et

196 4255 251 4303 H.
285 4257 343 4306 V.
380 4260 441 4308 Τ.
480 4277 531 4325 p.
560 4261 677 4309 264.
719 4261 760 4324 ⁴)
798 4259 1013 4310 Scilicet
1050 4275 1169 4310 cum
1193 4277 1302 4310 non
1338 4261 1497 4310 unius
1533 4260 1761 4310 hominis
1787 4261 2062 4321 nonnulla,
2099 4260 2195 4310 sed
2223 4261 2399 4309 omnia
2423 4265 2662 4326 peccata,

196 4340 295 4403 ipse
328 4361 481 4395 verus
518 4345 676 4396 homo
715 4347 1023 4410 sustineren
1080 4327 1433 4408 solus'videt,
1485 4352 1644 4411 atque
1691 4348 1854 4397 sentit
1897 4346 2130 4396 terribile
2176 4345 2309 4395 illud
2359 4351 2414 4396 ct
2447 4347 2662 4398 horren-

197 4425 303 4476 dum
346 4431 465 4480 irati
510 4431 688 4482 Patris
737 4427 1005 4482 iudiciuin.
1068 4433 1108 4496 ⁵)
1155 4433 1239 4482 Ad
1284 4437 1573 4482 extremum
1619 4447 1789 4498 usque
1838 4433 2078 4498 spiritum
2127 4432 2360 4482 muneris
2405 4432 2662 4484 Messiani

200 4511 257 4559 ab
288 4515 398 4580 ipso
436 4519 673 4583 suscepti
710 4533 918 4572 memor.
982 4518 1023 4584 θ)
1056 4519 1220 4568 Hebr.
1259 4521 1307 4580 5,
1336 4520 1382 4568 7.
1445 4517 1487 4582 7)
1536 4518 1682 4579 Quos
1731 4519 1882 4568 iuxta
1927 4519 2104 4567 tritam
2148 4519 2402 4583 loquendi
2439 4535 2662 4571 consue·

197 4599 411 4651 tudinem
448 4619 545 4668 per
580 4601 809 4670 ποτήριον
845 4605 1119 4669 expressit.
1160 4603 1239 4653 cf.
1265 4604 1452 4654 Matth.
1492 4606 1575 4668 20,
1600 4607 1685 4654 22.
1722 4606 1918 4656 Joann.
1959 4606 2038 4666 18,
2069 4609 2150 4655 11.
2213 4603 2256 4671 8)
2306 4606 2463 4657 Hanc
2503 4607 2664 4672 igitur
