3267 5259
554 420 727 469 LXVI
1379 434 1628 487 Apparatus
1655 434 1878 477 Histoi-ico
1892 458 1942 465 —
1961 434 2216 477 chronicus.

555 616 849 661 sanctum
889 616 1279 662 sanctorum.
1317 612 1380 661 V.
1409 615 1491 662 25.
1530 612 1710 661 Scito
1743 628 1895 676 ergo
1923 611 2341 677 etintellige!
2392 611 2482 661 Ab
2517 612 2694 661 exitu
2729 610 2948 672 verbi,
2994 616 3074 659 ut

554 700 954 749 restituatur
1004 704 1067 747 et
1112 699 1517 749 aedificetur
1551 699 1924 749 Jerusalem
1975 714 2180 763 usque
2217 698 2294 748 ad
2339 698 2644 749 Messium
2679 699 3073 763 principem

556 814 621 821 —
659 786 1027 855 ἹῚξζΨῳᾯ--ῐξ
1067 785 1622 836 —hebdomades
1671 790 1928 851 septem
1967 790 2032 835 et
2075 785 2539 836 hebdomades
2576 786 2961 850 sexaginta-
3005 792 3076 834 et

556 881 747 943 duae,
797 881 1009 931 denuo
1060 880 1544 932 aedificabitur
1592 882 1818 948 platea
1861 886 1925 931 et
1957 881 2168 943 fossa,
2214 886 2278 930 et
2325 880 2581 946 quidem
2625 881 2689 930 in
2737 881 3080 945 angustia

553 974 930 1033 temporum.
981 968 1043 1017 V.
1093 970 1175 1019 26.
1248 970 1331 1018 Et
1376 974 1525 1034 post
1572 967 2018 1019 hebdomades
2072 970 2422 1033 sexaginta
2469 973 2532 1018 et
2584 967 2742 1017 duas
2798 969 3076 1017 exscin-

556 1054 759 1105 detur
804 1055 859 1103 M
880 1056 1130 1118 essias,
1182 1060 1247 1104 et
1292 1070 1425 1105 non
1470 1055 1607 1121 ipsi
1647 1055 1786 1105 erit
1821 1054 2123 1121 populus
2147 1084 2214 1091 —
2241 1055 2363 1105 coll.
2389 1055 2550 1105 Dent.
2578 1057 2624 1117 7,
2651 1057 2700 1105 6.
2736 1054 2778 1103 Ι.
2805 1054 2946 1120 Reg.
2983 1058 3074 1115 12,

500 1137 507 1145 “
555 1144 637 1191 22.
675 1143 767 1191 IV.
804 1142 935 1206 Reg.
976 1144 1177 1204 11,17.
1230 1142 1408 1193 Oseae
1448 1145 1493 1203 1,
1533 1145 1580 1191 9.
1617 1144 1698 1192 10.
1723 1170 1789 1178 -
1815 1144 2046 1191 urbem
2083 1158 2247 1191 vero
2287 1146 2350 1191 et
2385 1146 2694 1193 sanctum
2731 1143 3080 1192 vastabit

556 1228 841 1295 populus
891 1228 1076 1277 ducis
1122 1230 1422 1293 venturi3
1474 1234 1537 1278 et
1582 1229 1739 1278 finis
1777 1230 1922 1279 eius
1957 1228 2338 1291 inundatio,
2388 1234 2450 1277 et
2484 1244 2692 1294 usque
2727 1229 2804 1277 ad
2855 1229 3076 1277 finem

555 1316 721 1367 belli
777 1314 1114 1365 destinata
1168 1320 1269 1365 est
1324 1315 1879 1366 desolationibus.
1935 1316 1998 1365 V.
2045 1318 2129 1365 27.
2201 1316 2284 1365 Et
2337 1315 2762 1365 confirmabit
2811 1315 3078 1365 foedus

556 1402 794 1452 multis
843 1401 1217 1453 hebdomas
1272 1417 1427 1464 una,
1486 1403 1662 1452 etin
1707 1401 1927 1451 medio
1984 1401 2190 1451 huius
2244 1402 2712 1453 hebdomados
2767 1417 3078 1452 cessare

556 1490 777 1539 faciet
812 1490 1248 1539 sacrificium
1288 1492 1353 1538 et
1388 1489 1845 1553 oblationem3
1893 1494 1960 1538 et
1993 1504 2203 1555 super
2247 1490 2570 1555 templum
2615 1490 3078 1539 abominatio

558 1576 1032 1639 devastatoris,
1072 1580 1134 1625 et
1156 1591 1365 1641 usque
1390 1576 1467 1625 ad
1493 1576 2122 1626 consummationem
2161 1580 2223 1626 et
2253 1576 2512 1642 quidem
2547 1576 3082 1627 determinatam

558 1662 967 1713 effundetur
1026 1678 1145 1728 sup
1164 1678 1231 1712 er
1292 1662 1730 1713 desolatum.“
1805 1662 1930 1713 Jam
1988 1678 2116 1713 vero
2173 1662 2278 1713 duo
2332 1664 2477 1714 circa
2529 1668 2730 1713 textum
2783 1662 2938 1712 hunc
3005 1680 3080 1713 ex

556 1748 810 1799 hebraico
862 1764 1071 1799 versum
1122 1748 1333 1814 agenda
1374 1752 1527 1799 sunt:
1574 1764 1768 1814 nempe
1817 1765 1861 1797 α.
1911 1764 1996 1799 res
2047 1764 2270 1814 quarum
2305 1750 2360 1798 in
2398 1749 2500 1799 hoc
2548 1750 2801 1800 vaticinio
2851 1752 3081 1799 mentio

556 1836 617 1885 fit
648 1851 761 1886 una
794 1852 913 1886 cum
950 1838 1127 1887 verbis
1164 1835 1545 1901 explicandae3
1597 1841 1761 1901 atque
1799 1833 1842 1901 β.
1883 1836 2102 1886 eaedem
2141 1851 2226 1885 res
2263 1840 2558 1901 temporum
2593 1836 2832 1885 terminis
2852 1873 2867 1899 ,
2923 1852 3084 1902 quoa

556 1923 827 1990 Propheta
858 1922 1063 1973 definiit
1084 1922 1515 1989 adstringendae.
1565 1923 1640 1972 Ut
1676 1928 1854 1972 autem
1893 1921 2178 1987 explicatio
2215 1928 2400 1973 nostra
2423 1928 2573 1973 tanto
2610 1923 2803 1973 clarior
2841 1924 3082 1983 evadat,

558 2012 772 2060 omnino
808 2025 905 2076 per
940 2015 1119 2076 partes
1154 2009 1550 2075 procedendum
1588 2010 1716 2059 erit:
1757 2011 1954 2075 quippe
1989 2009 2246 2075 plurimos
2283 2014 2338 2059 et
2361 2010 2594 2060 illustres
2633 2016 2857 2061 eventus
2897 2012 2964 2059 in
3009 2027 3084 2061 eo

556 2097 871 2163 reperimus,
919 2097 1010 2162 qui
1046 2112 1155 2147 non
1192 2097 1284 2146 uni
1321 2096 1601 2162 eidemque
1636 2098 1887 2163 tempori3
1936 2096 2030 2147 sed
2077 2096 2450 2148 diversissimis
2486 2098 2812 2163 temporibus
2851 2097 3084 2147 adscri-

556 2184 719 2233 bendi
754 2188 895 2233 sunt.
943 2184 1018 2233 Hi
1054 2188 1229 2234 autem
1268 2184 1335 2234 ad
1365 2183 1499 2233 duas
1536 2185 1824 2250 praecipue
1855 2183 2055 2234 classes
2092 2184 2408 2247 referuntur,
2449 2187 2502 2233 et
2525 2200 2646 2234 cum
2671 2184 2848 2249 spatio
2887 2185 3084 2235 Lxx.

555 2270 967 2321 Hebdomadum
1015 2270 1385 2333 includuntur3
1430 2276 1545 2320 tum
1590 2276 1964 2336 proponuntur
2009 2275 2266 2335 tanquam
2312 2272 2426 2321 eius
2463 2271 2873 2336 consequentia,
2915 2286 3086 2337 quae

556 2358 717 2407 finem
758 2358 915 2409 huius
958 2356 1227 2407 intervalli
1282 2358 1567 2423 excipiunt.
1640 2357 1809 2408 Porro
1865 2373 1950 2408 res
2005 2372 2188 2408 omnes
2237 2372 2376 2424 quae
2424 2358 2492 2407 ad
2539 2358 2765 2423 priorem
2821 2356 3084 2409 classem

555 2446 849 2510 pertinent,
898 2444 985 2495 vel
1031 2446 1090 2494 in
1134 2460 1332 2510 genere
1378 2444 1449 2494 ad
1492 2446 1756 2509 integrum
1792 2444 1896 2496 hoc
1929 2444 2266 2495 intervallum
2311 2445 2606 2511 pertinent3
2655 2444 2741 2494 vel
2775 2444 2834 2493 in
2873 2448 3084 2511 specie

558 2534 629 2583 ad
664 2538 837 2584 certos
875 2532 1135 2599 quosdam
1174 2546 1343 2583 annos
1394 2537 1654 2597 spectant.
1715 2533 1868 2592 Quae
1905 2532 2057 2598 primi
2095 2534 2302 2598 generis
2339 2537 2464 2583 sunt
2499 2534 2838 2582 continentur
2875 2548 2928 2582 v.
2981 2536 3084 2583 24.

556 2619 845 2682 Beneficia,
884 2621 1077 2685 quibus
1102 2620 1254 2671 Deus
1292 2619 1546 2669 adventui
1582 2618 1776 2684 plenae
1815 2618 2002 2670 salutis
2033 2620 2174 2669 viam
2212 2621 2414 2682 stravit,
2453 2635 2548 2684 per
2569 2619 2849 2685 periodum
2886 2619 3086 2670 Lxx.

558 2706 951 2757 hebdomadum
1008 2724 1125 2759 esse
1182 2706 1409 2771 collata3
1462 2722 1745 2774 usquequo
1801 2706 2016 2757 tandem
2071 2708 2171 2757 sub
2225 2706 2382 2757 finem
2437 2707 2552 2757 eius
2607 2721 2810 2756 summa
2865 2706 3086 2758 horum

558 2793 938 2844 beneficiorum
961 2795 1018 2844 in
1044 2794 1255 2845 Christo
1280 2794 1415 2845 Jesu
1440 2794 1719 2860 apparuit:
1755 2798 1942 2858 utpote
1979 2794 2071 2859 qui
2096 2793 2358 2859 abrogata
2391 2794 2561 2843 veteri
2583 2794 2869 2859 iniquitate
2895 2794 3090 2859 plura

558 2882 871 2947 maioraque
919 2883 1151 2932 omnium
1198 2882 1586 2933 existimatione
1634 2883 1781 2931 bona
1817 2880 2018 2945 attulit,
2057 2882 2250 2947 quibus
2294 2880 2577 2947 legationis
2615 2896 2744 2932 suae
2787 2882 3090 2933 rationem

558 2968 881 3019 reddiderat.

768 3057 855 3110 42.
904 3058 1213 3110 Vatia—finium
1235 3058 1469 3111 Danielis
1503 3058 1734 3124 exeqetice
1755 3063 1802 3109 et
1825 3057 1991 3109 critice
2013 3057 2337 3109 dilucidatur.
2384 3055 2626 3122 Angelus
2649 3055 2742 3105 ubi
2767 3055 3088 3108 Danielem

560 3143 795 3192 animum
836 3142 905 3193 ad
940 3158 1051 3193 rem
1093 3142 1371 3194 advertere
1408 3144 1661 3207 iusserat,
1709 3144 1786 3193 sic
1821 3144 2038 3208 incipit:
2092 3142 2565 3209 „Septuaginta
2608 3142 3090 3196 hebdomades

561 3229 827 3280 decisae
864 3232 1061 3279 sunt.“
1111 3230 1283 3291 Quam
1308 3231 1457 3281 varie
1484 3234 1724 3281 sumatur
1747 3231 1804 3279 in
1829 3230 1883 3280 S.
1911 3227 1963 3279 S.
1989 3245 2095 3279 vox
2125 3229 2540 3291 „hebdomas“
2571 3229 2774 3280 erudite
2799 3230 2980 3281 docet
3008 3234 3090 3282 V.

562 3316 727 3379 Beda,
755 3316 822 3366 de
846 3317 1054 3367 ratione
1078 3322 1375 3381 temporum
1400 3332 1445 3367 c.
1467 3332 1513 3366 c.
1533 3319 1581 3367 6.
1608 3318 1653 3365 7.
1676 3318 1724 3367 8.
1751 3316 1821 3377 II,
1843 3317 1927 3365 55.
1949 3332 1990 3367 s.
2043 3316 2146 3366 Sed
2171 3318 2228 3366 in
2253 3330 2508 3382 praesens
2545 3318 2672 3369 satis
2699 3317 2798 3366 erit
2833 3332 3092 3369 monere

560 3418 811 3467 graecum
850 3400 1149 3471 ,,ἕβδομας“,
1190 3420 1295 3469 quo
1334 3405 1486 3477 &¹2:433
1531 3404 1840 3454 hebraicum
1889 3402 2234 3453 reddiderunt
2281 3404 2459 3453 LXX:
2510 3399 2847 3471 ,,ἐβδόμαδες“
2887 3432 2964 3441 --
3007 3407 3092 3457 V.

559 3498 758 3549 Daniel
804 3499 1098 3549 secundum
1148 3498 1503 3565 Septuaginta
1539 3514 1604 3549 ex
1641 3497 1907 3563 Tetraplis
1947 3496 2218 3563 Origenis,
2271 3514 2336 3548 ex
2373 3498 2489 3548 cod.
2529 3498 2797 3549 chisiano.
2849 3499 3092 3552 Romae

563 3586 713 3635 1772.
751 3602 802 3651 p.
840 3588 924 3635 57.
963 3614 1029 3623 —
1065 3586 1230 3635 latine
1278 3584 1580 3651 significare
1628 3602 1655 3637 s
1672 3601 1701 3635 e
1717 3589 1828 3651 pte
1845 3585 2137 3649 narium3
2187 3600 2308 3634 cum
2351 3584 2692 3635 adiunctione
2737 3588 2922 3635 autem
2985 3590 3094 3639 vel

562 3671 764 3721 dierum
801 3671 888 3721 vel
926 3687 1202 3736 annorum,
1238 3672 1326 3722 vel
1363 3672 1587 3722 aliarum
1625 3671 1988 3737 quarumlibet
2022 3688 2214 3735 rerum,
2257 3671 2560 3738 significare
2599 3687 2778 3723 earum
2815 3673 3094 3737 ipsarum

561 3773 737 3806 rerum
775 3760 1148 3823 septenarium.
1209 3760 1285 3809 Et
1319 3760 1397 3811 sic
1434 3760 1539 3809 iam
1574 3774 1676 3809 usu
1717 3763 1990 3825 receptum
2031 3764 2085 3809 et
2117 3760 2298 3809 tritum
2335 3764 2443 3810 est:
2479 3765 2542 3809 ut
2577 3760 2734 3808 etiam
2772 3773 2898 3807 cum
2941 3763 3096 3813 sim-

560 3843 771 3910 pliciter
797 3844 991 3895 dicitur
1024 3844 1461 3908 hebdomada,
1496 3845 1828 3911 intelligatur
1865 3845 2084 3895 dierum.
2134 3846 2400 3907 Quoniam
2423 3846 2585 3911 igitur
2611 3844 2828 3895 Gabriel
2855 3847 3096 3914 simpli-

562 3932 695 3981 citer
730 3932 1073 3981 annuntiavit
1110 3935 1451 3998 septuaginta
1486 3932 1878 3983 hebdomades:
1923 3937 2213 3999 propterea
2259 3932 2436 3982 locum
2473 3931 2622 3981 dedit
2655 3932 2833 3981 varias
2873 3948 3096 3987 earum

560 4018 953 4069 hebdomadum
988 4020 1454 4085 interpretationes
1494 4018 1850 4084 excogitandi.
1913 4018 2191 4083 Origenes,
2229 4020 2286 4068 in
2322 4018 2510 4069 Mattb.
2555 4033 2740 4069 comm.
2779 4020 2982 4071 series.
3029 4041 3095 4074 n.

560 4106 643 4155 40.
681 4105 773 4168 IV,
813 4107 929 4155 274.
969 4107 1016 4155 7.
1069 4105 1135 4155 de
1170 4105 1254 4155 his
1291 4106 1716 4156 hebdomadibus
1753 4106 1921 4155 verba
1957 4106 2191 4168 faciens,
2230 4120 2322 4156 eas
2361 4106 2766 4171 interpretatur:
2818 4114 3096 4172 „sept-em

562 4190 796 4241 decadas
832 4195 1157 4255 annorum“;
1206 4197 1266 4242 ut
1300 4196 1508 4258 tempus
1545 4193 1711 4242 LXX.
1762 4191 2156 4242 hebdomadum
2205 4192 2340 4243 adeo
2379 4193 2654 4242 contineat
2688 4194 2827 4243 4900
2867 4208 3094 4247 annos.

561 4280 735 4341 Quam
788 4282 1091 4347 opinionem
1141 4281 1479 4347 aliquatenus
1534 4286 1751 4331 secutus
1807 4296 1924 4331 esse
1973 4280 2271 4345 Eusebiae,
2321 4282 2623 4331 Demonstr.
2669 4280 2770 4330 Ev.
2807 4281 2954 4332 VIII
2969 4321 2986 4345 ,
3033 4288 3096 4335 2.

560 4366 759 4416 frustra
796 4366 1003 4417 dicitur.
1055 4367 1135 4417 cf.
1164 4367 1245 4417 ed.
1275 4368 1537 4418 Gaisford.
1573 4368 1746 4419 Oxou.
1777 4370 1927 4419 1852.
1963 4366 2034 4430 Π,
2075 4369 2190 4418 758.
2227 4384 2268 4419 s.
2317 4368 2572 4419 Nicolaus
2609 4366 2676 4417 de
2712 4368 2862 4433 Lira,
2901 4386 3102 4437 super

562 4451 664 4501 hoc
710 4454 887 4517 capite
934 4454 1076 4504 Dan.
1126 4454 1309 4520 glossa
1358 4453 1527 4505 ordin.
1576 4455 1659 4505 ed.
1696 4454 1854 4505 Antv.
1896 4456 2047 4506 1617.
2095 4453 2188 4517 IV,
2231 4456 2382 4505 1612.
2429 4460 2689 4505 memorat
2735 4460 3098 4511 sententiam

560 4538 941 4603 Rabbinorum,
981 4556 1205 4606 quorum
1229 4542 1395 4607 aliqui
1432 4541 1704 4591 faciebant
1733 4541 1832 4593 has
1856 4540 2220 4593 hebdomades
2255 4542 2292 4592 J
2303 4542 2442 4592 ubil
2457 4557 2488 4591 a
2503 4558 2722 4592 eorum
2747 4570 2813 4578 —
2842 4559 2894 4593 v,
2925 4545 3096 4597 Hist.

562 4626 693 4675 Rev,
732 4626 781 4675 d.
820 4626 884 4675 V.
922 4628 985 4677 Τ.
1011 4644 1063 4692 p.
1090 4631 1207 4679 149.
1234 4656 1329 4691 —-,
1368 4629 1459 4678 alii
1494 4645 1621 4679 vero
1662 4630 2155 4679 centuriarum.
2207 4630 2401 4679 Verum
2440 4629 2624 4679 harum
2665 4630 3098 4695 expositionum
