3267 5259
622 450 752 516 260
1372 462 1434 503 D·
1460 462 1654 501 sonaim„
1683 462 1845 502 mam.
1879 462 1928 501 n.
1959 463 2014 503 11.
2049 462 2092 503 J.
2121 462 2166 503 e.
2197 474 2352 503 comm.

1092 708 1150 785 ξ.
1198 706 1303 771 42.
1365 702 1830 788 Evangelii
1877 707 2144 781 ἔτυμον
2194 715 2274 768 et
2317 714 2642 768 natura.

830 884 977 941 Cum
1030 902 1227 941 rerum
1279 902 1316 939 a
1368 882 1600 940 Christo
1662 887 1956 956 gestarum
2015 884 2144 941 fons
2193 884 2419 959 primus
2469 903 2536 941 ac
2588 884 2923 960 praecipuus
2971 884 3060 939 sint

625 991 911 1063 ,Sancta
940 986 1385 1061 Evangelia‘3
1427 988 1497 1044 de
1534 988 1609 1044 iis
1644 987 1936 1062 imprimis
1967 1007 2289 1044 sermonem
2319 993 2550 1045 vertere
2579 990 2884 1064 oportebit..
2931 986 3060 1049 Quod

624 1100 692 1152 ut
721 1113 827 1170 pro
858 1094 1148 1167 dignitate
1179 1090 1301 1163 fiat,
1336 1096 1473 1148 ante
1503 1092 1702 1149 omnia
1732 1091 1796 1148 in
1828 1092 2014 1167 ipsam
2051 1092 2208 1150 vocis
2241 1092 2652 1165 ‚Evangeli
2673 1094 2806 1150 um‘
2849 1091 3060 1165 genesim

624 1198 1042 1276 inquirendum
1074 1198 1207 1254 erit.
1267 1196 1377 1253 Est
1405 1200 1601 1253 autem
1630 1214 1750 1254 vox
1793 1192 2184 1272 ,eboc-afston
2225 1197 2454 1269 origine
2483 1215 2693 1269 graeca
2733 1196 2976 1253 derivata
3007 1196 3060 1251 ab

624 1294 681 1358 εὖ
724 1304 867 1361 bene
904 1306 965 1359 et
1003 1296 1275 1376 ἀγγέλλω
1324 1302 1539 1357 nuncio
1558 1344 1572 1371 ,
1622 1300 1778 1357 idem
1825 1319 1892 1358 ac
1931 1302 2148 1357 bonum
2187 1303 2504 1367 nuncium;
2553 1300 2848 1357 latinitate
2884 1300 3060 1355 dudum

622 1407 837 1465 donata
859 1404 897 1462 ¹.
960 1404 1127 1462 Laeti
1180 1404 1379 1462 nuntii
1434 1405 1749 1475 notionem,
1805 1422 1953 1481 quae
2005 1424 2080 1461 ex
2127 1409 2321 1480 etymo
2369 1405 2490 1461 iam
2533 1406 2828 1481 sequitur,
2874 1403 3059 1461 abunde

622 1509 932 1567 confirmat
962 1528 1099 1567 usus
1144 1508 1305 1567 vocis
1336 1528 1439 1584 per
1470 1508 1774 1566 Christum
1803 1514 1862 1566 et
1894 1508 2200 1584 Apostolos
2219 1504 2260 1567 ².
2323 1509 2536 1566 Merito
2568 1514 2764 1567 autem
2797 1506 3060 1580 Evangelii

621 1613 973 1688 significatio
1035 1614 1276 1671 docente
1328 1613 1384 1670 d.
1430 1611 1768 1687 Augustino
1791 1610 1816 1651 3
1867 1612 2138 1670 restricta
2188 1618 2306 1684 est,
2361 1619 2430 1670 ut
2481 1632 2692 1670 nomen
2759 1608 3058 1687 εἶιαγζέλιεν,

623 1718 1011 1776 laetlssimum
1034 1719 1315 1775 nuntium
1338 1718 1623 1775 adventus
1654 1717 1898 1777 Messias
1929 1738 2033 1793 per
2057 1714 2446 1790 ἀντονομασίαν
2477 1715 2826 1791 designaret,
2855 1733 3062 1791 ususque

622 1824 686 1881 in
718 1823 977 1881 Ecclesia
1006 1824 1394 1881 communiter
1428 1827 1691 1897 receptus
1726 1823 2046 1893 obtineret,
2089 1821 2308 1879 laetum
2339 1822 2408 1879 de
2445 1822 2585 1879 Jesu
2613 1821 2844 1879 Christo
2870 1838 3061 1895 praeeo-

620 1929 788 1987 nium
837 1926 1133 2003 adpellare
1179 1922 1569 2003 ,sbmskovf
1643 1923 1781 1983 8101ί
1829 1930 1895 1983 ut
1939 1944 2042 2001 per
2087 1926 2506 2003 metonymiam
2552 1924 2930 1999 Evangelium
2967 1920 3061 1977 κατ’

626 2025 829 2107 ἐξοχὴν
860 2032 1183 2107 accipiatur
1226 2049 1329 2106 pro
1360 2031 1697 2087 narratione
1727 2030 1797 2087 de
1826 2030 2013 2100 factis,
2048 2030 2220 2087 dictis
2251 2034 2310 2087 et
2340 2030 2477 2088 fatis
2509 2030 2582 2087 D.
2607 2030 2686 2087 N.
2709 2030 2766 2087 J.
2797 2030 2857 2087 C.
2888 2028 3060 2094 literis

619 2138 987 2211 consignata3
1028 2154 1176 2213 quae
1222 2134 1424 2192 habito
1466 2140 1730 2210 respectu
1777 2134 1850 2191 ad
1895 2154 1988 2191 eos
2033 2155 2068 2191 a
2103 2135 2316 2212 quibus
2346 2134 2618 2192 Salvator
2661 2135 3064 2210 exspectabatur

621 2242 858 2313 bonum,
892 2239 1045 2298 felix
1076 2246 1136 2297 et
1156 2239 1400 2297 summis
1431 2240 1585 2297 votis
1614 2239 1943 2314 expetitum
1967 2240 2250 2297 nuntium
2278 2244 2383 2297 est.
2429 2238 2538 2295 Sed
2571 2239 2752 2297 etiam
2780 2241 3064 2313 comparate

618 2346 669 2403 si
698 2364 833 2403 cum
859 2344 1105 2423 reliquis
1142 2344 1301 2402 Novi
1333 2343 1693 2401 Testamenti
1732 2342 1929 2400 Libris
1967 2328 2286 2401 adventum
2316 2342 2536 2401 Christi
2577 2362 2694 2401 non
2733 2339 3062 2399 dissimulan-

619 2450 777 2508 tibus
806 2449 1122 2526 ecquidem,
1164 2448 1457 2506 dictorum
1495 2452 1693 2503 tamen
1734 2448 2032 2505 actionum
2070 2452 2130 2504 et
2169 2448 2502 2523 passionum
2537 2447 2575 2504 J
2577 2467 2680 2505 esu
2718 2446 2972 2503 historias
3003 2463 3060 2499 ex

619 2554 823 2611 ordine
846 2558 905 2609 et
927 2551 1327 2609 consecutione
1350 2570 1468 2607 non
1492 2553 1942 2624 recensentibus,
1962 2551 2132 2610 Libri
2155 2573 2200 2609 s,
2217 2552 2676 2625 Evangeliorum
2699 2550 3062 2612 conformium

618 2655 773 2713 nulli
822 2655 881 2713 S.
914 2655 972 2713 S.
1007 2656 1165 2731 parti
1214 2658 1325 2731 ,τοῦ
1370 2650 1739 2730 Εἰκκγγελίτιυί
1787 2674 1997 2713 110111οι1
2042 2657 2228 2731 magis
2261 2657 2556 2714 convenit.
2612 2654 2766 2718 Quia
2801 2656 2860 2713 in
2889 2654 3062 2712 iisdem

619 2759 859 2831 Christi,
894 2760 997 2837 qui
1028 2766 1116 2817 est
1142 2778 1437 2816 summum
1467 2760 1702 2831 bonum,
1735 2758 2006 2817 Salvator
2037 2765 2097 2817 et
2119 2780 2154 2817 a
2177 2764 2362 2817 morte
2391 2758 2691 2833 liberator,
2719 2762 2844 2817 vita
2859 2764 3065 2817 aeterna

619 2868 679 2920 et
721 2864 978 2921 medium
1024 2864 1097 2921 ad
1150 2862 1317 2921 illam
1370 2864 1750 2938 perveniendi
1803 2864 2178 2939 praeconium
2229 2865 2536 2922 manifeste
2587 2866 2926 2933 nuntiatur;
2973 2880 3065 2939 quo

620 2966 829 3025 nuntio
858 2968 1117 3025 faustum
1148 2968 1335 3041 magis
1364 2986 1483 3024 esse
1513 2986 1630 3025 non
1663 2970 1860 3043 possit.

829 3137 869 3201 ²)
904 3136 1253 3187 Alexandrini
1296 3136 1511 3203 quidem
1558 3139 1874 3203 interpretes
1921 3154 2054 3187 voce
2092 3134 2471 3206 ,,εὖαγγέλιον“;
2519 3143 2684 3203 atque
2729 3152 2862 3203 quae
2907 3136 3065 3185 eodem

618 3224 757 3275 redit
800 3220 1098 3292 εὖαγγελίζω
1134 3228 1350 3274 vertunt
1384 3223 1694 3273 hebraicum
1729 3240 1924 3275 nomen
1967 3217 2096 3286 ³2²0?
2132 3230 2186 3274 et
2220 3225 2440 3275 verbum
2475 3218 2587 3288 ἾΨΞ,
2627 3225 2824 3275 laetum
2856 3224 3064 3275 nuntium

619 3311 813 3361 attulit.
874 3310 938 3361 V.
974 3309 1207 3372 Gesenii,
1244 3310 1403 3361 Thes.
1438 3326 1489 3376 p.
1524 3313 1642 3361 248.
1692 3310 1764 3361 M.
1801 3326 1909 3361 van
1947 3310 2220 3374 Staveren,
2259 3312 2478 3377 disquis.
2519 3312 2681 3362 theol.
2720 3312 2786 3361 de
2817 3308 3066 3373 Evangelii

618 3404 826 3449 natura.
866 3396 1121 3461 Groning.
1163 3399 1313 3447 1839.
1350 3414 1401 3463 p.
1439 3400 1489 3447 4.
1526 3414 1569 3449 s.
1632 3396 1674 3462 ²)
1712 3398 1846 3448 Luc.
1887 3400 1934 3461 1,
1972 3400 2192 3449 13—20.
2238 3400 2288 3461 2,
2325 3400 2573 3464 10-12,;
2617 3398 2808 3449 Matth.
2829 3396 3065 3460 4,17.23.

619 3486 667 3546 9,
694 3486 778 3534 35.
819 3486 900 3545 11,
928 3486 977 3533 5.
1024 3484 1159 3533 Luc.
1185 3485 1233 3547 4,
1259 3485 1370 3549 43.;
1407 3484 1818 3547 Matth.26,13.
1866 3484 2032 3535 Maro.
2062 3488 2218 3548 1,14.
2255 3488 2306 3549 3,
2334 3487 2415 3536 14.
2457 3486 2538 3547 16,
2567 3488 2648 3535 15.
2675 3502 2718 3536 s.
2759 3486 2873 3535 Aet.
2895 3486 2940 3544 8,
2959 3485 3003 3530 4.
3025 3482 3064 3528 5.

622 3573 701 3633 10,
728 3572 811 3619 36.
849 3573 933 3633 21,
960 3572 1035 3635 s.;
1072 3571 1099 3620 1
1124 3571 1266 3620 Patr.
1296 3573 1452 3633 1,12.
1489 3573 1538 3641 4,
1564 3573 1642 3634 6.;
1680 3572 1707 3621 1
1731 3572 1917 3621 Thess.
1943 3574 1993 3633 3,
2019 3574 2071 3623 6.
2097 3574 2143 3621 7.
2192 3572 2340 3623 Rom.
2377 3575 2457 3635 10,
2487 3574 2566 3623 16.
2595 3574 2680 3622 16.
2729 3570 2847 3621 eal.
2871 3575 2914 3632 1,
2939 3568 3067 3617 6——9-

620 3659 841 3706 11—13.
888 3656 1025 3706 Phil.
1062 3661 1109 3719 1,
1148 3657 1227 3707 18.
1277 3657 1304 3706 1
1338 3658 1461 3707 Cor.
1496 3660 1542 3719 9,
1586 3660 1806 3708 12—15.
1858 3661 1940 3720 15,
1981 3662 2027 3707 1.
2066 3660 2115 3707 2.
2163 3658 2220 3707 11
2251 3659 2386 3709 Tim.
2424 3662 2470 3720 1,
2506 3662 2555 3709 8.
2593 3661 2677 3709 10.
2734 3659 2895 3725 Apoe„
2928 3658 2997 3717 14,
3025 3654 3068 3701 5.

618 3744 661 3809 ³)
700 3744 902 3793 Contra
934 3744 1193 3793 Faustum
1240 3745 1311 3807 11,
1349 3747 1398 3794 2.
1436 3762 1487 3810 p.
1529 3746 1645 3795 185.
1720 3746 1762 3810 ⁴)
1803 3744 2016 3795 Certum
2061 3746 2270 3795 interim
2319 3750 2400 3795 est
2444 3746 2656 3795 titulum
2693 3742 2962 3809 Evangelii
2997 3740 3068 3787 his
3176 3728 3177 3741 ¹

620 3830 855 3881 historiis
892 3846 999 3880 non
1038 3831 1107 3881 ab
1145 3832 1275 3896 ipsis
1308 3831 1724 3897 Hagiographis‚
1763 3832 1859 3882 sed
1895 3834 2066 3883 serius
2103 3832 2453 3898 adscriptum,
2491 3838 2544 3883 et
2579 3832 2796 3898 quidem
2835 3848 2898 3881 ex
2927 3826 3068 3877 Marci
3176 3864 3177 3867 η

620 3921 666 3981 1,
706 3921 753 3967 1.
799 3918 1077 3968 adscitum.
1151 3916 1258 3967 Sed
1304 3920 1477 3984 prima
1518 3920 1626 3968 iam
1677 3924 1854 3969 aetate
1891 3919 1946 3967 id
1983 3920 2210 3981 factum,
2247 3920 2325 3968 ita
2359 3920 2501 3968 enim
2548 3918 2892 3970 vetustissimi
2933 3918 3066 3964 inter-

618 4011 795 4071 pretes
820 4006 926 4055 iam
949 4004 1047 4055 hos
1071 4004 1237 4054 libros
1262 4006 1601 4070 insignivere.
1659 4004 1768 4055 Sub
1805 4005 1962 4055 finem
1999 4005 2203 4056 saeculi
2239 4005 2460 4056 secundi
2497 4010 2640 4055 certe
2663 4021 2729 4055 ex
2757 4002 3067 4068 inscriptione

618 4092 1040 4157 Evangeliorum
1076 4090 1333 4141 adversus
1368 4091 1698 4142 Marcionem
1732 4092 2209 4157 argumentabatur
2243 4092 2620 4143 Tertullianus.
2675 4092 2761 4141 Ad
2791 4092 2882 4141 hos
2915 4086 3070 4138 titulos
3176 4124 3177 4133 ,

617 4178 857 4227 similiter
902 4183 1250 4243 respexerunt
1291 4177 1602 4243 Anonymus
1653 4184 1840 4229 auctor
1888 4180 2123 4231 Canonis
2167 4179 2312 4245 apud
2355 4180 2733 4241 Μαι-0101111111,
2779 4192 2821 4227 s.
2847 4177 3070 4226 [remens

618 4269 779 4331 atque
818 4265 1062 4317 Clemens
1098 4265 1506 4332 Alexandrinus.
1564 4266 1699 4316 Cum
1737 4273 1914 4317 autem
1945 4283 2041 4332 per
2075 4267 2173 4317 hos
2209 4266 2394 4317 titulos
2431 4272 2654 4317 externa
2689 4267 2844 4332 quasi
2875 4262 3070 4313 authen-
3176 4256 3177 4267 ²

615 4352 724 4400 tiae
784 4358 1142 4417 apponeretur
1196 4358 1341 4414 nota,
1404 4354 1587 4419 sicque
1647 4354 1923 4419 publicum
1982 4354 2047 4403 de
2107 4356 2438 4419 genuinitate
2499 4353 2810 4403 redderetur
2861 4350 3070 4399 testimo·

617 4438 791 4501 nium3
846 4439 1029 4489 titulos
1084 4440 1391 4505 apponendi
1442 4442 1529 4491 ius
1577 4441 1860 4505 spectabat
1905 4440 1974 4490 ad
2018 4441 2345 4503 Ecclesiam,
2406 4454 2544 4505 quae
2590 4446 2708 4489 erat
2761 4434 2958 4500 ,,στΰλος
2999 4428 3074 4481 καὶ

620 4519 869 4591 ἑδραίωμα
901 4526 987 4587 τῆς
1024 4520 1285 4589 ἀληθείαςίί
1323 4541 1356 4576 a
1392 4526 1572 4577 divino
1610 4542 1708 4576 suo
1747 4526 1959 4577 Statore
1995 4528 2254 4577 instituta.
2317 4526 2397 4576 cf.
2431 4526 2496 4576 V.
2531 4526 2596 4576 B.
2627 4524 2924 4584 Diotavelli‚
2958 4520 3073 4568 dis-¹·

619 4608 684 4658 de
721 4610 801 4659 tit.
834 4610 937 4659 Ev.
974 4628 1017 4662 s.
1042 4613 1239 4662 Joann.
1276 4613 1425 4663 Rom.
1466 4614 1617 4663 1844.
1656 4630 1708 4677 p.
1749 4618 1830 4663 11.
1867 4631 1908 4664 s.
