3267 5259
602 432 731 499 284
1353 447 1417 489 no
1445 446 1640 490 sonabas
1669 446 1830 489 untur.
1862 446 1914 489 n.
1943 448 1998 489 a.
2027 447 2071 489 J.
2101 448 2147 489 c.
2176 458 2326 489 comm.

602 624 914 683 memoriae
966 626 1349 701 prodiderunt
1390 627 1625 685 Veteres
1653 624 1688 685 ¹.
1751 628 1884 685 Non
1931 626 2170 684 infimae
2214 627 2390 684 fuisse
2433 628 2610 685 sortis
2653 625 2874 683 exinde
2911 630 3064 701 patet,

602 730 756 807 quod
785 731 905 787 arti
936 730 1190 789 medicae
1220 732 1465 789 navavit
1494 750 1730 807 operam
1749 728 1807 801 ²3
1851 735 2028 809 atque
2057 750 2266 789 revera
2305 732 2424 789 iam
2455 730 2686 806 pridem
2716 731 3066 789 observatum

600 854 645 891 s.
678 834 899 891 Lucam
942 836 1007 891 in
1047 834 1266 892 morbis
1296 840 1357 891 et
1384 834 1747 909 adpellandis
1779 840 1835 892 et
1864 835 2256 893 describendis
2297 834 2485 893 multo
2521 834 2886 891 curatiorem
2913 833 3066 891 fifisse

601 938 807 995 ceteris
862 938 1329 1013 Hagiographis:
1390 939 1543 1015 quod
1605 958 1723 997 uon
1784 939 2142 997 incommode
2201 957 2239 996 a
2295 937 2536 1014 peritia,
2599 956 2782 1015 quam
2843 938 2910 994 in
2961 942 3067 994 arte

604 1124 706 1187 111,
733 1127 781 1174 4.
814 1140 864 1191 p.
894 1126 974 1174 73.
1028 1126 1081 1173 S.
1108 1126 1453 1189 Hieronymo,
1493 1125 1557 1174 de
1598 1126 1693 1175 vir.
1719 1125 1794 1175 ill.
1821 1140 1865 1185 c.
1895 1126 1942 1174 7.
1974 1141 2026 1190 p.
2055 1126 2136 1174 73.
2174 1124 2341 1190 praef.
2369 1122 2569 1173 Comm.
2597 1124 2652 1173 in
2677 1122 2872 1173 Matth.
2897 1122 3006 1184 Vn,
3027 1125 3066 1171 3.

603 1210 1036 1277 TheophylactO,
1081 1209 1281 1261 Comm.
1320 1227 1370 1276 p.
1408 1212 1524 1261 293.
1562 1210 1852 1275 Euthymio
1891 1210 2074 1275 Zigab.
2110 1208 2192 1273 11,
2228 1212 2346 1259 200.
2405 1209 2484 1259 cf.
2521 1210 2594 1259 M.
2631 1208 2685 1259 J.
2721 1208 2786 1259 A.
2823 1208 3067 1268 Koehleri,

604 1296 728 1347 diss.
756 1296 805 1345 d.
830 1296 1011 1347 Lucas
1035 1295 1399 1361 Evangelista.
1436 1296 1583 1362 Lips.
1616 1298 1766 1347 1698.
1794 1298 1841 1358 §-
1867 1297 1960 1346 VI.

814 1383 853 1447 ¹)
886 1384 1041 1433 Licet
1076 1384 1313 1433 unanimi
1336 1398 1471 1434 voce
1497 1383 1883 1449 Martyrologia
1909 1385 2144 1434 omnium
2179 1382 2542 1433 Ecclesiarum
2579 1382 2782 1432 cultum
2817 1382 3067 1449 publicum

600 1484 641 1519 s.
669 1469 853 1521 Lucae
878 1470 978 1521 Ev.
1016 1470 1349 1534 adscribant;
1386 1471 1441 1519 in
1479 1469 1581 1519 hoc
1618 1456 1817 1520 tamen'
1835 1485 1944 1521 non
1980 1484 2158 1536 pauca
2193 1468 2528 1531 dissentiunt,
2577 1468 2724 1535 quod
2761 1469 2939 1520 varios
2972 1468 3068 1517 dies

604 1558 719 1607 eius
756 1556 923 1607 cultui
960 1557 1281 1607 celebrando
1320 1558 1608 1622 assignant.
1673 1558 1912 1608 Plurima
1957 1556 2170 1623 quidem
2206 1558 2264 1607 in
2300 1556 2438 1605 diem
2487 1556 2568 1605 18.
2607 1554 2862 1605 Octobris
2899 1570 3067 1605 conve-

602 1644 781 1706 niunt3
838 1646 884 1694 si
932 1648 1108 1693 tamen
1162 1644 1329 1709 ipsius
1378 1643 1638 1704 natalem,
1695 1649 1749 1693 et
1801 1660 1910 1694 non
1959 1643 2360 1694 translationem
2409 1642 2712 1692 exhibeant.
2783 1641 2865 1691 cf.
2899 1642 2952 1693 J.
2981 1656 3070 1690 van

603 1729 817 1793 Hecke,
864 1744 1047 1780 comm.
1086 1744 1269 1795 praev.
1318 1732 1373 1779 in
1419 1731 1568 1780 Actis
1616 1728 1796 1780 Sanct.
1833 1731 1950 1781 Act.
1988 1731 2150 1781 Brux.
2189 1730 2338 1780 1853.
2378 1728 2506 1792 VII,
2544 1731 2664 1779 282.
2727 1729 2894 1780 Porro
2939 1730 3072 1778 cuius

602 1816 873 1882 relig-ionis
928 1816 1087 1867 fuerit
1140 1822 1265 1867 ante
1318 1831 1469 1867 suam
1524 1816 1595 1867 ad
1632 1817 1829 1868 Christi
1883 1832 2040 1867 sacra
2092 1818 2468 1879 accessionem,
2523 1816 2831 1881 disceptant
2883 1815 3070 1865 eruditi.

601 1903 807 1953 Relicto
854 1903 1163 1954 ethnicismo
1214 1904 1418 1969 absque
1465 1905 1870 1955 circumcisione
1907 1904 2248 1954 christianam
2293 1904 2594 1969 suscepisse
2637 1904 2934 1965 veritatem,
2976 1916 3071 1951 non

604 1990 1005 2041 contemnendis
1050 1990 1344 2041 rationibus
1390 1990 1541 2040 multi
1587 1990 1896 2041 defendunt.
1958 1992 2296 2041 Potissimum
2333 2006 2398 2039 ex
2436 2006 2520 2055 ep.
2553 1990 2622 2039 ad
2659 1989 2867 2041 Coloss.
2905 1992 2954 2051 4,
2988 1990 3072 2046 14„

604 2091 667 2127 eo
706 2076 851 2142 quod
886 2078 1064 2143 reipsa
1099 2077 1149 2126 h.
1175 2076 1209 2127 l.
1236 2094 1278 2127 s.
1303 2078 1505 2127 Paulus
1542 2078 1850 2143 praemissis
1891 2083 2152 2128 commate
2192 2079 2272 2127 11.
2311 2077 2726 2127 salutationibus
2763 2091 2959 2136 eorum,
2995 2074 3074 2139 qui

605 2168 759 2214 erant
792 2160 882 2225 „ix
904 2166 1201 2231 περιτομῆς“
1239 2166 1272 2213 i.
1301 2180 1345 2214 e.
1370 2164 1703 2215 Judaeorum
1741 2166 1973 2231 excipiat
2009 2181 2050 2215 s.
2075 2164 2280 2214 Lucam
2303 2180 2354 2213 v.
2383 2164 2464 2213 14.
2501 2164 2570 2213 ab
2597 2162 2706 2213 illis
2729 2164 2920 2225 tribus,
2955 2176 3074 2227 quos

604 2266 671 2300 ex
717 2252 1119 2301 circumcisione
1166 2250 1331 2301 fuisse
1378 2250 1599 2301 dixerat.
1675 2252 1831 2302 Unde
1877 2267 1919 2302 s.
1946 2250 2331 2315 Hieronymus,
2379 2254 2584 2315 quaest.
2619 2248 2771 2299 hebr.
2807 2250 2860 2297 in
2890 2248 3072 2298 Genes.

602 2338 688 2399 46,
716 2339 801 2387 26.
828 2354 879 2403 p.
906 2338 1023 2387 371.
1063 2337 1249 2387 scribit
1283 2337 1429 2403 quod
1469 2338 1741 2403 „plerique
1780 2338 1996 2387 tradant
2019 2337 2222 2387 Lucam
2247 2335 2652 2401 Evangelistam
2687 2340 2749 2385 ut
2786 2334 3074 2397 proselitum

604 2424 884 2473 Hebraeas
940 2424 1122 2475 literas
1177 2426 1501 2489 ignorasse.“
1576 2424 1657 2475 Cf.
1699 2426 1763 2476 L.
1807 2424 2123 2487 Promondi,
2171 2438 2355 2473 comm.
2403 2425 2455 2473 in
2501 2422 2562 2474 B.
2601 2422 2761 2473 Pauli
2802 2423 2901 2487 Ap.
2938 2422 3074 2486 epist.

606 2510 851 2561 Lovanii.
882 2512 1031 2561 1663.
1066 2528 1118 2577 p.
1145 2513 1263 2561 330.
1300 2512 1382 2561 Ex
1409 2512 1793 2563 recentioribus
1819 2512 1872 2561 id
1899 2517 2074 2561 tamen
2111 2512 2329 2575 negavit
2360 2510 2526 2573 Tiele‚
2565 2510 2620 2558 in
2659 2509 2838 2559 annal.
2863 2507 3006 2557 Stud.
3029 2522 3075 2555 u.

608 2596 739 2647 Krit.
764 2598 913 2647 1858.
934 2614 985 2662 p.
1003 2598 1118 2647 753.
1144 2596 1187 2661 2)
1207 2598 1411 2647 Lucam
1430 2598 1760 2663 professione
1779 2598 2042 2647 medicum
2059 2597 2296 2646 unanimi
2323 2610 2456 2646 voce
2483 2594 2846 2661 suffragioque
2863 2598 3075 2644 testatur

606 2688 869 2748 perpetua
903 2666 1241 2748 antiquorum
1278 2684 1509 2735 traditiO.
1570 2683 1748 2734 Instar
1785 2685 2018 2735 omnium
2054 2683 2304 2734 audiatur
2339 2696 2380 2733 s.
2411 2682 2793 2747 Hieronymus,
2831 2695 3076 2731 commen·

609 2774 727 2818 tans
764 2768 821 2818 in
856 2769 965 2819 lsai
996 2770 1087 2830 VI,
1117 2772 1197 2820 10.
1252 2770 1682 2835 „Evangelistam
1717 2770 1924 2820 Lucam
1962 2770 2178 2819 tradunt
2201 2770 2422 2818 Veteres
2436 2768 2730 2817 -Ecclesiae
2754 2768 3078 2817 hactstores

606 2854 903 2905 medicinae
930 2857 1057 2906 artis
1085 2856 1249 2907 fuisse
1276 2858 1684 2906 scientissimum
1711 2862 1763 2907 et
1786 2858 1956 2922 magis
1981 2870 2203 2921 graecas
2228 2855 2409 2905 literas
2434 2856 2600 2904 scisse
2621 2868 2782 2919 quam
2801 2854 3079 2903 Hebraeas.

608 2940 764 2991 Unde
802 2944 855 2990 et
890 2955 1061 2992 sermo
1100 2944 1214 2993 eius
1251 2948 1357 2993 tam
1391 2944 1449 2992 in
1484 2942 1802 3007 EvangeliO,
1840 2957 2000 3009 quam
2035 2943 2093 2991 in
2127 2942 2351 2991 Actibus
2387 2940 2792 3005 Apostolorum,
2833 2940 2888 2989 id
2921 2946 2998 2988 est
3029 2939 3082 2986 in

609 3030 837 3092 utroque
884 3029 1153 3079 volumine
1201 3030 1460 3094 comptior
1506 3034 1610 3091 est,
1659 3034 1714 3081 et
1761 3030 2092 3079 saecularem
2137 3028 2340 3078 redolet
2387 3028 2775 3092 eloquentiam,
2818 3026 3080 3091 magisque

608 3114 924 3164 testimoniis
972 3114 1193 3167 Graecis
1246 3116 1410 3165 utitur
1463 3130 1623 3181 quam
1671 3116 1986 3165 Hebraeis.“
2035 3132 2086 3181 p.
2131 3116 2214 3164 97.
2281 3112 2422 3163 Sane
2468 3112 2524 3162 id
2575 3114 2690 3163 sine
2745 3112 3080 3162 haesitatione

610 3198 880 3251 affirmant
915 3198 1153 3266 Scriptor
1186 3201 1469 3267 fragmenti
1505 3200 1650 3267 apud
1685 3202 2052 3263 Mamm-ium,
2089 3200 2267 3265 Antiq.
2293 3199 2406 3249 ital.
2441 3199 2538 3263 111,
2565 3200 2684 3249 845.
2734 3197 2788 3247 S.
2819 3198 3076 3255 Irenaeus,

609 3286 730 3337 adv.
762 3286 907 3338 haer.
940 3288 1041 3350 III,
1079 3290 1159 3337 14.
1192 3290 1236 3337 1.
1270 3304 1322 3353 p.
1353 3290 1471 3339 498.
1520 3287 1806 3351 Eusebius,
1831 3289 1866 3338 l.
1891 3305 1932 3339 s.
1960 3304 2005 3337 c.
2052 3286 2104 3337 S.
2133 3287 2374 3338 Joannes
2401 3285 2828 3350 chrysostomus,
2863 3286 2918 3334 in
2951 3283 3078 3333 hom.

608 3374 740 3438 XII,
780 3376 825 3424 1.
874 3374 943 3424 ad
990 3374 1195 3425 Coloss.
1230 3391 1281 3440 p.
1321 3376 1405 3424 42.
1468 3372 1635 3435 „Cum
1683 3375 1924 3435 dixisset,
1969 3373 2170 3425 salutat
2213 3386 2308 3423 vos
2353 3372 2534 3421 Lucas
2583 3371 2848 3431 medicus,
2897 3369 3078 3419 adiecit

611 3461 933 3511 carissimus.
992 3460 1113 3511 Hoc
1150 3476 1364 3526 quoque
1401 3476 1509 3511 non
1545 3475 1768 3526 parvum
1808 3462 2103 3510 encomium
2141 3462 2270 3509 est.⁸‘
2318 3458 2506 3519 Quem
2541 3459 2785 3523 sequitur
2819 3472 2912 3523 pro
2946 3470 3080 3504 more

612 3560 709 3595 suo
745 3544 1131 3608 Theodoretus,
1166 3547 1385 3612 interpr.
1413 3562 1497 3613 ep.
1532 3547 1601 3596 ad
1626 3546 1833 3598 Coloss.
1860 3563 1911 3612 p.
1949 3548 2066 3597 500.
2105 3544 2380 3595 adiiciens.
2442 3543 2576 3605 „Ille
2613 3544 2850 3593 divinum
2883 3541 3082 3605 scripsit

610 3631 961 3696 Evangelium
1000 3638 1054 3683 et
1097 3634 1369 3685 historiam
1416 3633 1694 3684 Actuum.“
1757 3634 1870 3683 Nec
1915 3632 2070 3682 aliter
2117 3632 2432 3696 Eutychius,
2483 3630 2710 3696 Aegypt.
2749 3632 2890 3680 Patr.
2924 3628 3080 3689 Alex„

612 3716 759 3767 Eccl.
787 3734 828 3768 s.
856 3718 1001 3784 Orig.
1023 3719 1103 3769 ed.
1124 3720 1175 3771 J.
1197 3719 1426 3782 Seldeni,
1453 3719 1625 3770 Lond.
1655 3720 1806 3770 1642.
1827 3736 1878 3785 p.
1899 3720 1984 3769 36.
2013 3720 2127 3767 164.
2154 3722 2316 3783 atque
2341 3717 2514 3767 Arabs
2539 3717 2812 3767 Kirstenii.
2837 3732 2888 3783 p.
2905 3714 3080 3763 39:40.

612 3802 967 3855 Consentiunt
1011 3804 1309 3869 Synaxaria
1354 3810 1407 3856 et
1452 3806 1704 3869 Menaea,
1753 3806 1848 3857 ubi
1893 3806 1949 3854 in
1997 3804 2218 3869 rhytmis
2264 3803 2526 3869 hymnicis
2562 3820 2605 3853 s.
2632 3802 2814 3853 Lucas
2859 3800 3078 3851 medicus

611 3890 892 3941 salutatur.
964 3891 1181 3941 Interim
1236 3894 1367 3942 satis
1420 3898 1570 3957 patet
1622 3894 1730 3941 vim
1780 3907 1987 3941 omnem
2027 3891 2220 3941 horum
2268 3890 2694 3939 testimoniorum
2749 3888 2972 3955 pendere
3015 3900 3078 3933 ex

611 3980 759 4027 recta
794 3978 1149 4043 explicatione
1185 3978 1467 4029 verborum
1505 3979 1574 4028 ad
1613 3978 1818 4030 Coloss.
1847 3981 1895 4041 4,
1925 3980 2004 4028 14.
2067 3976 2205 4027 Nam
2241 3976 2288 4025 si
2323 3978 2388 4025 iis
2427 3974 2494 4024 de
2531 3975 2638 4025 alio
2675 3976 2906 4041 quodam
2941 3974 3080 4022 Luca

610 4068 882 4129 ageretur,
922 4078 1081 4129 quam
1116 4064 1183 4113 de
1208 4065 1571 4130 Evangelista,
1611 4064 1663 4113 S.
1691 4064 1744 4115 S.
1779 4066 1838 4114 P.
1866 4065 1924 4113 P.
1951 4069 2130 4114 rueret
2165 4062 2396 4112 traditio.
2457 4062 2596 4112 Sunt
2631 4064 2725 4127 qui
2761 4062 2942 4112 dicant
2970 4072 3080 4109 esse

611 4151 666 4199 in
704 4150 757 4199 S.
784 4149 839 4199 S.
873 4150 1275 4215 Evangelistam
1314 4165 1347 4199 a
1382 4150 1587 4200 medico
1635 4150 1994 4217 distinguendi
2033 4164 2241 4199 causas.
2303 4146 2410 4197 Sed
2447 4148 2500 4197 hi
2543 4148 2748 4214 ingenii
2795 4150 2878 4199 sui
2919 4151 3078 4198 osteu-

610 4236 813 4286 tatione
850 4237 1042 4287 ludunt
1076 4238 1329 4300 contenti,
1368 4238 1413 4286 si
1449 4237 1791 4287 venerandae
1829 4237 2132 4302 antiquitati
2169 4236 2316 4285 leves
2353 4236 2704 4300 opposuerint
2745 4236 3078 4285 coniecturas.

610 4322 807 4372 Verum
844 4329 905 4374 ut
940 4328 1095 4373 vetus
1134 4329 1189 4373 et
1222 4325 1532 4385 communis,
1570 4326 1648 4375 ita
1683 4324 2062 4389 probatissima
2095 4322 2364 4372 sententia
2401 4328 2506 4384 est,
2544 4337 2592 4370 c.
2617 4321 2652 4371 l.
2679 4323 2882 4372 Lucam
2915 4321 3078 4371 Evan-

612 4408 858 4473 gelistam
892 4410 1174 4476 designari.
1228 4410 1417 4476 Neque
1444 4413 1581 4460 enim
1618 4410 1784 4460 alium
1820 4411 2022 4460 Lucam
2057 4425 2100 4459 s.
2126 4409 2298 4458 Paulo
2331 4408 2650 4459 familiarem
2687 4409 2832 4459 ullae
2867 4407 3080 4474 produnt

612 4495 911 4560 Historiae,
963 4499 1091 4547 artis
1148 4502 1325 4547 autem
1370 4499 1581 4547 nomine
1630 4496 1769 4549 sorte
1817 4496 1955 4546 hane
2003 4497 2073 4546 ob
2123 4509 2342 4547 causam
2391 4511 2511 4547 eum
2555 4496 2797 4561 vocavit,
2844 4493 2982 4563 quod
3017 4506 3080 4541 ea

611 4582 874 4649 insignem
911 4599 1127 4651 operam
1162 4583 1409 4678 fidelibps
1445 4589 1756 4650 praestaret.
