3267 5259
1147 440 1351 485 σιιιίιιιιι
1376 440 1629 487 mam.
2515 430 2640 497 175

184 611 545 679 credentium
592 612 963 700 multitudo,
1012 616 1117 681 cui
1160 614 1307 703 plus
1356 637 1554 702 quam
1586 617 2088 702 quingentorum
2120 616 2391 683 fratrum
2423 619 2639 683 coetui

182 727 343 791 Jesus
382 750 523 792 sese
570 729 641 792 in
690 737 913 793 monte
959 727 1391 814 spectandum
1452 726 1768 793 exhibuit.
1837 726 2054 809 Quem
2113 727 2302 793 simul
2345 751 2427 795 ac
2485 752 2638 795 con·

182 848 517 926 spexerunt‚
563 839 955 925 adorarunt3
1010 839 1337 906 nonnullis
1388 849 1611 905 tamen
1656 863 1742 905 ex
1786 842 1912 907 ista
1952 840 2364 907 multitudine
2407 843 2638 907 animis

182 952 605 1037 pendentibus,
667 954 949 1019 accessit
992 950 1297 1018 Salvator
1338 954 1688 1039 variosque
1733 976 2069 1018 sermones
2121 974 2271 1017 cum
2325 955 2418 1018 eis
2461 955 2638 1019 insti·

182 1067 295 1129 tuit.
348 1064 608 1131 Eodem
651 1075 950 1151 tempore
998 1065 1085 1130 ad
1114 1065 1493 1152 Apostolos,
1541 1088 1708 1152 quos
1753 1067 1820 1131 in
1869 1088 2130 1131 omnem
2161 1076 2402 1131 terram
2445 1068 2638 1151 misit,

182 1180 383 1262 inquit:
427 1176 665 1243 Omnis
711 1187 1001 1263 potestas
1046 1180 1115 1243 in
1160 1178 1347 1245 coelo
1394 1188 1463 1243 et
1504 1180 1569 1243 in
1614 1189 1792 1243 terra
1823 1177 1978 1243 data
2007 1187 2108 1243 est
2135 1178 2362 1263 mihi¹3
2409 1188 2640 1244 euntes

180 1288 517 1375 praedicate
566 1290 1007 1375 Evangelium
1053 1290 1327 1356 ‚Iudaeis
1374 1300 1441 1356 et
1484 1290 1780 1375 ethnicis,
1839 1289 2252 1377 baptizantes
2299 1313 2419 1357 eos
2456 1293 2636 1357 invo-

184 1412 301 1466 cato
364 1412 427 1466 et
490 1402 829 1488 adpellato
898 1405 1163 1469 nomine
1223 1404 1469 1487 Patris,
1537 1402 1685 1467 Filii
1749 1412 1816 1468 et
1871 1401 2150 1490 Spiritus
2193 1426 2242 1467 s.
2321 1401 2640 1483 Quamvis

180 1514 475 1579 visibiliter
519 1537 565 1579 a
612 1512 801 1580 vobis
831 1514 1099 1597 avellar,
1145 1526 1385 1593 tamen·
1398 1514 1810 1580 invisibiliter
1835 1514 2180 1581 vobiscum
2211 1538 2348 1599 ero,
2393 1526 2460 1581 et
2490 1537 2640 1581 cum

182 1627 639 1692 successoribus
699 1629 964 1712 vestris,
1028 1650 1387 1714 eorumque
1455 1625 1692 1693 ovibus
1755 1626 2058 1695 omnibus
2123 1626 2376 1693 diebus.
2449 1627 2640 1693 Prius

181 1740 423 1804 mundus
468 1739 733 1805 desinet
777 1762 941 1824 esse,
983 1762 1187 1826 quam
1230 1742 1605 1826 praesentia
1625 1730 1631 1737 ’
1649 1762 1798 1805 mea
1841 1742 1909 1805 in
1955 1739 2259 1805 Ecclesia
2275 1741 2321 1805 ².
2380 1740 2640 1827 Appro-

182 1850 499 1936 pinquante
564 1876 757 1919 sacro
814 1853 1245 1919 Pentecostes
1308 1852 1413 1917 die
1478 1851 1782 1939 Apostoli
1848 1850 1890 1917 J
1895 1850 2295 1938 erosolymas
2367 1854 2638 1939 petiere,

182 1961 269 2026 ubi
307 1964 473 2031 visus
520 1975 625 2030 est
669 1964 927 2031 ‚Iacobo
973 1964 1291 2051 Apostolo
1319 1968 1364 2029 ³.
1428 1964 1656 2029 Tantis
1717 1966 1915 2051 igitur
1956 1966 2158 2049 gestis
2203 1975 2269 2029 et
2311 1964 2640 2030 miraculis

184 2072 450 2143 Salvator
516 2074 775 2161 mundi,
836 2077 1403 2143 Resurrectionem
1466 2100 1652 2143 suam
1721 2078 2146 2164 conspicuam
2219 2076 2506 2143 reddidit
2571 2088 2638 2143 et

184 2185 455 2254 illustrem
475 2194 521 2255 ⁴.

822 2488 881 2567 ξ.
914 2490 1019 2553 40.
1082 2485 1463 2551 Ascensio
1512 2486 1607 2551 ad
1655 2484 1974 2551 coelum.

358 2672 885 2759 Quadra-gesimo
954 2686 1105 2762 post
1161 2676 1736 2741 Resurrectionem
1805 2675 1910 2739 die
1979 2677 2282 2761 apparuit
2349 2674 2640 2740 Christus

185 2782 505 2871 discipulis,
554 2810 711 2853 cum
758 2787 945 2853 simul
994 2788 1211 2853 cibum
1258 2798 1618 2869 sumerent,
1666 2787 2000 2875 multaque
2049 2788 2131 2853 de
2176 2787 2304 2852 fide
2351 2790 2643 2872 gentium

181 2896 369 2962 futura
396 2898 603 2964 verba
645 2900 917 2983 facienS,
963 2902 1380 2987 praeteritam
1427 2902 1792 2986 increpavit
1836 2899 2300 2986 discipulorum
2345 2898 2640 2963 incredu-

180 3124 455 3178 Hatthaeus
490 3130 585 3179 ubi
624 3128 919 3193 discipulos
956 3130 1013 3177 in
1050 3128 1347 3179 Galilaeam
1383 3128 1581 3179 abiisse
1618 3128 1806 3189 refert,
1851 3128 2024 3179 locum
2063 3128 2350 3179 conventui
2387 3126 2644 3177 indictum

180 3212 291 3263 satis
324 3214 463 3265 clare
498 3214 709 3265 indicet
746 3208 833 3277 ,τὸ
868 3208 1013 3281 ὅρος“
1054 3232 1096 3265 κ.
1123 3232 1166 3267 τ.
1192 3212 1267 3279 λ.;
1306 3232 1371 3266 ex
1408 3231 1515 3281 quo
1553 3220 1704 3281 patet
1737 3218 1972 3265 montem
2007 3216 2182 3277 istum,
2221 3214 2311 3279 qui
2344 3214 2501 3263 nobis
2526 3213 2640 3278 qui-

180 3297 279 3347 dem
310 3301 517 3365 ignotus
555 3306 656 3365 est,
696 3330 759 3338 —-
798 3301 1017 3352 Thabor
1050 3302 1234 3368 plures
1270 3307 1530 3368 putarunt
1565 3330 1631 3338 —
1669 3301 1944 3367 discipulis
1983 3318 2078 3367 per
2113 3300 2446 3363 mandatum,
2501 3298 2644 3365 qnod

181 3393 485 3450 acceperant,
522 3387 857 3437 notissimum
892 3388 1175 3439 exstitisse.
1212 3388 1377 3439 Plura
1410 3390 1589 3439 aventi
1626 3387 1854 3438 dabunt:
1891 3388 1960 3437 H.
1992 3387 2280 3447 Relandus,
2318 3385 2641 3437 Palaestina.

180 3469 249 3518 ed.
282 3472 403 3523 Nor.
429 3476 581 3525 1716.
617 3474 661 3535 Ι,
688 3477 770 3523 52.
810 3492 859 3540 p.
890 3476 1007 3525 248.
1054 3475 1107 3525 J.
1132 3475 1221 3524 Fr.
1260 3474 1529 3537 Buddeus,
1576 3474 1701 3524 diss.
1741 3473 1807 3523 de
1845 3473 2092 3524 Galilaea
2126 3474 2182 3535 1,
2221 3475 2268 3523 3.
2325 3472 2552 3523 Miscell.
2589 3470 2642 3521 8.

180 3555 263 3618 111,
288 3561 433 3609 1162.
467 3560 593 3611 Chr.
619 3560 685 3610 G.
710 3561 943 3623 Eichler,
981 3560 1107 3613 diss.
1146 3562 1211 3611 de
1250 3562 1497 3613 Galilaea
1531 3566 1728 3612 monte.
1763 3561 1911 3625 Lips.
1940 3562 2093 3611 1737.
2131 3576 2182 3625 p.
2209 3561 2290 3609 19.
2339 3558 2550 3623 Aberle,
2587 3560 2643 3609 in

179 3656 287 3692 ann.
318 3645 451 3695 ΤΗΙ).
484 3646 855 3707 Quartalschr.
894 3648 1043 3697 1857.
1082 3664 1135 3713 p.
1162 3650 1279 3697 510.
1306 3662 1347 3697 s.

370 3732 409 3796 ¹)
451 3734 524 3784 Ut
560 3734 667 3783 Dei
702 3733 841 3784 Filio
886 3750 984 3799 per
1031 3738 1303 3785 aeternam
1338 3734 1754 3799 generationem,
1793 3737 1852 3781 ut
1886 3732 2086 3783 homini
2121 3748 2220 3798 per
2253 3732 2644 3798 hypostaticam

182 3816 424 3867 unionem.
482 3820 525 3883 ²)
562 3816 827 3870 Videntur
861 3820 1019 3871 nobis
1057 3835 1123 3870 ea
1158 3834 1298 3885 quae
1334 3835 1377 3869 s.
1414 3821 1629 3871 Marcus
1670 3820 1751 3880 16,
1780 3820 2000 3869 15-18.
2047 3825 2254 3881 narrat,
2308 3818 2414 3867 huc
2459 3818 2643 3869 adiun-

184 3903 353 3963 genda.
402 3905 479 3956 Ita
515 3906 643 3957 olim
681 3907 786 3957 iam
822 3907 1165 3969 Lactantius,
1201 3907 1333 3957 Inst.
1371 3906 1421 3957 d.
1458 3907 1557 3968 IV,
1594 3910 1677 3955 20.
1716 3906 1759 3967 Ι,
1795 3909 1912 3957 208.
1951 3922 1994 3956 s.
2057 3906 2098 3969 ³)
2137 3906 2204 3955 D.
2241 3922 2292 3970 q.
2326 3919 2370 3954 s.
2404 3904 2440 3953 l.
2487 3904 2644 3954 Hanc

186 3990 545 4053 apparitionem
594 4008 627 4043 e
675 3992 831 4043 Pauli
876 3993 1105 4059 epistola
1155 3993 1223 4043 ad
1271 3992 1395 4044 Cor.
1431 3994 1473 4044 1.
1516 3996 1595 4057 15,
1633 3994 1680 4043 7.
1731 3992 2001 4043 discimus.
2071 3993 2241 4043 Nemo
2295 4006 2424 4041 vero
2477 4004 2642 4041 sanae

186 4078 355 4125 mentis
388 4078 645 4145 interpres
682 4084 789 4141 est,
848 4080 974 4145 quin
1022 4079 1179 4129 huius
1226 4080 1513 4130 testimonii
1558 4079 1666 4129 vim
1704 4084 1864 4145 atque
1901 4080 2273 4129 auctoritatem
2311 4081 2644 4143 perspectam

188 4157 377 4213 habeat.
410 4166 553 4215 Tulit
587 4166 692 4216 hoc
727 4167 1085 4217 testimonium
1108 4166 1399 4232 Apostolus
1434 4171 1557 4231 post
1582 4165 1780 4215 Christi
1814 4166 1883 4215 ad
1910 4165 2090 4215 coelos
2127 4164 2494 4215 ascensionem
2517 4178 2643 4215 eon-

188 4260 367 4310 versus,
402 4254 487 4317 qui
523 4269 589 4303 ex
624 4254 743 4318 ipso
780 4253 967 4317 procul
1003 4252 1167 4303 dubio
1203 4253 1461 4318 Apostolo
1497 4252 1708 4303 Jacobo
1755 4252 1890 4303 haec
1926 4256 2222 4317 acceperat.
2284 4251 2326 4314 ⁴)
2373 4251 2482 4301 Cur
2516 4265 2644 4301 vero

191 4329 410 4386 Salvator
442 4338 749 4389 Pharisaeis
786 4340 1081 4405 ceterisque
1116 4340 1343 4391 Judaeis
1378 4354 1497 4389 sese
1534 4354 1642 4389 non
1669 4338 1974 4401 ostenderit,
2011 4337 2134 4388 coll.
2159 4337 2358 4389 Joann.
2389 4338 2470 4401 14,
2497 4340 2580 4388 22.
2601 4354 2645 4389 s.

188 4418 447 4485 indignitas
482 4440 667 4477 eorum
704 4430 759 4475 et
794 4426 1027 4477 caecitas
1075 4427 1131 4475 in
1186 4441 1353 4476 causa
1396 4425 1563 4476 fuisse
1600 4425 1858 4487 creditum
1915 4424 2008 4475 sed
2063 4428 2345 4489 praeterea
2385 4424 2646 4475 Dominus

190 4502 591 4565 gloriosissimum
628 4526 827 4577 corpus
862 4512 1193 4563 inimicorum
1228 4512 1661 4563 cavillationibus
1699 4516 1754 4563 et
1789 4511 2068 4562 calumniis
2101 4526 2384 4576 exponere,
2423 4515 2478 4561 et
2513 4509 2646 4561 divi-

188 4604 297 4641 nam
332 4600 581 4648 maturare
620 4597 913 4649 vindictam
950 4598 1107 4664 plane
1144 4598 1381 4649 nolebat.
1418 4599 1740 4663 Resurgenti
1778 4597 2016 4661 Christo,
2067 4614 2162 4663 per
2208 4597 2427 4665 aliquod
2471 4596 2648 4649 adhuc
