3267 5259
628 434 759 501 404
1368 444 1485 489 Εἰσί.
1514 444 1620 491 Rev.
1651 444 1738 489 div.
1767 446 1938 491 Period.
1967 446 2023 489 11.
2041 459 2136 499 cap.
2165 443 2366 499 primum.

632 622 1085 705 Commendat,
1135 632 1207 686 ut
1250 624 1314 685 in
1360 621 1670 687 inchoata
1711 622 1939 688 militia
1983 622 2238 686 fortiter
2281 622 2664 707 persisteret
2707 618 3076 699 Timotheus,

632 746 893 800 servata
934 734 1065 798 fide
1112 734 1417 821 bonaque
1466 736 1897 813 conscientia3
1945 756 2076 821 qua
2117 736 2254 799 sive
2283 736 2548 817 reiecta,
2593 733 2734 797 sive
2767 742 3078 813 contemta,

630 871 762 913 non
794 850 986 933 pauci
1019 848 1195 914 facto
1230 846 1427 912 veluti
1460 847 1611 913 fidei
1643 847 1988 932 naufragio
2022 849 2384 933 perierunt3
2419 868 2695 933 quorum
2729 868 2816 909 ex
2843 866 3078 909 numero

632 970 818 1025 erant
862 960 1288 1046 Hymenaeus
1336 970 1401 1024 et
1444 958 1847 1042 Alexander,
1897 981 2060 1045 quos
2107 959 2168 1023 d.
2201 958 2444 1024 Paulus
2487 958 2638 1025 ideo
2674 958 3080 1023 excommuni-

638 1076 813 1138 cavit
838 1078 873 1137 ¹.
924 1072 1109 1153 Quae
1146 1096 1293 1137 cum
1324 1074 1416 1136 ita
1446 1072 1590 1155 sint,
1639 1074 1970 1137 carissimo
2015 1070 2136 1136 sibi
2166 1070 2484 1159 discipulo
2505 1072 2532 1115 ²
2577 1068 2832 1153 suadet,
2861 1079 2931 1135 ut
2955 1080 3080 1133 ante

632 1188 849 1251 omnia
895 1184 1008 1250 det
1052 1209 1353 1272 operam,
1402 1208 1531 1272 quo
1578 1208 1814 1273 preces
1859 1184 2018 1249 fiant
2062 1207 2103 1248 a
2144 1182 2448 1249 fidelibus
2495 1206 2652 1249 suae
2703 1206 2894 1248 curae
2938 1204 3082 1246 com·

630 1300 839 1363 missis
858 1302 901 1363 ³.
970 1298 1221 1364 Porro⁴
1282 1321 1652 1363 sermonem
1699 1298 1858 1364 facit
1903 1297 1985 1362 de
2031 1295 2292 1364 dotibus
2353 1299 2490 1361 veri
2553 1297 2869 1384 Episcopi
2929 1296 3082 1359 cuius

632 1412 917 1477 officium
956 1408 1282 1475 describit.
1324 1410 1432 1475 Ad
1462 1412 1818 1493 χειροτονίαν,
1853 1410 2153 1476 ordinum
2188 1409 2622 1491 collationem,
2657 1408 2836 1496 quod
2867 1410 3084 1486 attinet,

634 1535 935 1611 oportere
981 1526 1049 1588 in
1096 1548 1196 1607 eo,
1245 1526 1353 1610 qui
1402 1524 1862 1589 ecclesiasticis
1907 1523 2285 1589 muneribus
2317 1522 2742 1611 praeficiendi
2774 1526 2900 1586 sint
2927 1542 3084 1607 spec·

628 1639 781 1720 tari,
827 1648 900 1702 ut
944 1613 1271 1702 communi
1320 1638 1607 1703 omnium
1647 1637 1957 1722 suffragio
1989 1639 2225 1723 integri
2271 1636 2562 1723 nullique
2595 1635 2833 1721 culpae
2885 1634 3088 1698 affines

635 1750 1226 1836 deprehendantur.
1302 1749 1557 1815 Eadem
1618 1752 1870 1815 ratione
1934 1750 2226 1815 delectus
2285 1750 2628 1815 viduarum
2685 1750 3040 1813 instituatur
3053 1750 3088 1808 ⁵.

630 1862 819 1927 Haec
866 1886 935 1928 se
982 1866 1210 1949 paucis
1258 1862 1342 1927 ad
1388 1862 1806 1928 Timotheum
1837 1862 2184 1929 scribenda
2217 1864 2502 1946 duxisse,
2550 1863 2704 1948 quia
2735 1858 3086 1947 propediem

632 1975 974 2041 adfuturus
1021 1987 1214 2042 esset.
1264 1974 1430 2041 Cum
1475 1986 1696 2041 tamen
1743 1976 1882 2040 fieri
1922 1977 2147 2062 possit,
2195 1986 2266 2039 ut
2293 1975 2398 2040 hic
2430 1974 2754 2040 adventus
2786 1973 2892 2039 vel
2917 1984 3085 2037 retar-

632 2087 849 2173 detur,
896 2089 1004 2153 vel
1051 2091 1312 2154 omnino
1360 2088 1812 2177 prohibeatur:
1859 2088 2026 2153 haec
2070 2090 2328 2155 interim
2373 2086 2662 2153 breviter
2707 2087 2910 2153 voluit
2948 2084 3082 2149 indi·

634 2224 813 2287 care3
862 2204 1126 2267 nescius
1156 2226 1239 2267 ne
1284 2212 1474 2286 esset,
1524 2224 1722 2289 quam
1752 2202 2018 2267 vivendi
2065 2204 2384 2267 rationem
2430 2204 2494 2266 in
2527 2202 2744 2266 Domo
2787 2200 2913 2263 Dei
2957 2220 3010 2283 q.
3039 2220 3085 2259 e.

632 2312 935 2379 Ecclesia
980 2314 1107 2379 Dei
1152 2318 1313 2397 vivi,
1373 2314 1679 2381 columna
1725 2326 1790 2379 et
1833 2315 2312 2380 firmamentum
2357 2316 2647 2379 veritatis
2695 2315 3034 2398 susciperet
3049 2312 3086 2371 ⁸.

630 2426 781 2491 Non
827 2430 981 2491 satis
1036 2450 1211 2511 esse,
1272 2430 1656 2515 episcopum
1710 2451 1870 2492 vcra
1929 2439 1997 2493 et
2053 2428 2364 2493 salutaria
2421 2428 2692 2511 docere3
2737 2428 2858 2491 nisi
2913 2424 3089 2510 possit

634 2542 829 2605 etiam
878 2540 1180 2605 refellere
1244 2542 1589 2606 contraria.
1669 2541 1901 2628 Itaque
1963 2540 2315 2627 Apostolus
2371 2540 2788 2606 Timotheum
2809 2543 2834 2583 ⁷
2890 2546 3091 2603 contra

634 2738 902 2745 —Q—
923 2740 1041 2745 -ὴ

630 2859 795 2923 gratis
832 2859 1051 2923 impium
1086 2857 1391 2908 iustificare.
1454 2858 1695 2909 Gratiam
1741 2873 1798 2909 se
1834 2858 2062 2909 Paulum
2107 2863 2392 2925 propterea
2435 2858 2568 2909 Jesu
2607 2857 2667 2907 C.
2704 2857 2773 2907 D.
2811 2858 2875 2907 N.
2915 2856 3090 2907 habere

630 2959 727 3009 pro
764 2959 862 2995 suo
900 2943 1231 3010 apostolatus
1264 2960 1499 2995 munere.

842 3056 880 3121 ¹)
918 3056 1143 3106 Multum
1180 3056 1522 3122 disputarunt
1544 3058 1878 3123 interpretes,
1915 3061 2093 3106 utrum
2129 3058 2472 3122 Hymenaeus
2499 3063 2554 3108 et
2577 3056 2882 3109 Alexander
2911 3056 2950 3105 L
2972 3055 3092 3104 Tim.

634 3146 678 3206 1,
716 3144 798 3192 20.
838 3142 1000 3192 iidem
1036 3146 1166 3205 sint,
1206 3146 1298 3209 qui
1334 3144 1403 3193 11.
1438 3146 1487 3207 2,
1528 3145 1607 3194 17.
1647 3148 1702 3193 et
1737 3146 1785 3205 4,
1825 3146 1906 3193 14.
1945 3149 2438 3195 commemorantur.
2499 3144 2734 3196 Eosdem
2771 3158 2887 3195 esse
2919 3157 2952 3191 a
2979 3156 3092 3191 vero

628 3246 737 3280 nou
775 3230 1041 3280 abhorret.
1096 3229 1252 3291 Quod
1290 3236 1465 3280 autem
1504 3246 1664 3295 porro
1702 3230 1968 3280 affimant
1990 3230 2264 3293 Buddeus,
2298 3230 2447 3281 Eccl.
2472 3245 2561 3296 ap.
2587 3248 2638 3297 p.
2663 3232 2784 3282 306.
2833 3230 2968 3288 Otto,
2997 3228 3029 3277 l.
3053 3244 3094 3276 e.

628 3333 681 3382 p.
700 3318 784 3367 98.
806 3332 848 3367 s.
881 3316 1257 3378 Alexandrum,
1285 3332 1441 3383 quem
1466 3316 1752 3382 Apostolus
1777 3317 1848 3367 11.
1869 3320 1918 3380 4,
1941 3319 2020 3367 14.
2047 3316 2288 3383 appellat
2311 3311 2426 3378 ,μὸν
2449 3314 2692 3385 χαλκέως
2719 3334 2826 3368 non
2851 3318 3094 3367 diversum

630 3404 699 3451 ab
736 3403 1010 3467 Ephesino
1046 3402 1141 3453 illo
1178 3404 1311 3453 Luc.
1345 3403 1462 3453 Aet.
1502 3406 1582 3466 19,
1616 3406 1701 3453 33.
1741 3404 1923 3465 fuisse,
1961 3418 2122 3469 aeg-re
2157 3406 2356 3470 poterit
2389 3404 2772 3467 demonstrari3
2809 3406 2912 3455 imo
2945 3404 3096 3468 magi·
3199 3396 3201 3425 ³

628 3490 905 3555 probabile
954 3495 1037 3540 est
1078 3490 1227 3539 illum
1275 3490 1640 3540 Alexandrum
1677 3490 1743 3540 de
1783 3506 1888 3557 quo
1925 3491 1995 3541 11.
2023 3494 2072 3553 4,
2115 3492 2193 3539 14.
2231 3490 2292 3540 fit
2325 3492 2538 3551 mentio,
2585 3506 2628 3540 s.
2655 3491 2880 3541 Paulum
2915 3490 3094 3540 Romae

628 3582 965 3642 persecutum
990 3592 1124 3628 esse.
1170 3577 1433 3643 Capitalis
1456 3578 1676 3628 istorum
1703 3578 2090 3628 haereticorum
2115 3577 2238 3627 coll.
2258 3577 2327 3627 H.
2347 3578 2396 3639 2,
2421 3578 2500 3628 18.
2523 3580 2605 3628 19.
2631 3594 2782 3628 error
2805 3584 2945 3630 erat:
2970 3574 3098 3642 quod

630 3665 1071 3713 resurrectionem
1106 3670 1433 3713 mortuorum
1458 3666 1591 3713 etin
1614 3680 1812 3730 genere
1850 3680 2056 3714 omnem
2093 3664 2304 3715 futurae
2343 3664 2691 3715 beatitudinis
2727 3680 2876 3733 spem
2899 3678 3098 3731 prorsus

630 3754 900 3817 negarent.
952 3750 1031 3799 Cf.
1066 3750 1139 3799 Μ.
1173 3750 1224 3800 J.
1258 3750 1436 3812 Mack,
1474 3749 1674 3801 Comm.
1709 3756 1760 3801 fl.
1796 3751 1845 3801 d.
1883 3750 2209 3801 Pastoralbr.
2245 3752 2296 3801 d.
2329 3752 2429 3817 Ap.
2465 3752 2526 3801 P.
2553 3752 2693 3802 Tub.
2727 3754 2878 3803 1836.
2917 3769 2964 3817 p.
2991 3752 3096 3800 451.

628 3834 669 3902 ²)
698 3834 755 3885 C.
782 3838 830 3885 2.
883 3836 923 3901 ³)
952 3837 1155 3885 Harum
1182 3836 1345 3886 voluti
1372 3837 1595 3887 formam
1622 3851 1688 3887 ac
1713 3839 1972 3887 rationem
1995 3838 2327 3903 praeseribit.
2362 3838 2493 3888 Vult
2509 3840 2656 3888 viros
2673 3840 2758 3889 ira
2782 3845 2838 3889 et
2853 3838 3098 3902 discepta-

626 3924 772 3973 tione
809 3925 1043 3985 semotis,
1086 3938 1247 3988 puras
1290 3938 1479 3975 manus
1522 3924 1592 3975 ad
1625 3925 1802 3973 Deum
1839 3924 2114 3988 attollere;
2152 3924 2334 3974 itidem
2369 3923 2620 3975 mulieres
2655 3924 2881 3976 honesto
2917 3926 3100 3975 amictu
3195 3948 3197 3953 ·

627 4010 858 4071 indutas,
898 4008 1048 4059 illum
1076 4012 1303 4060 maxime
1328 4025 1587 4075 quaerere
1612 4016 1874 4073 ornatum,
1911 4013 2002 4076 qui
2028 4012 2218 4061 deceat
2239 4010 2481 4074 feminas,
2517 4026 2656 4077 quae
2681 4014 2934 4077 pietatem
2957 4008 3100 4076 profi-

626 4102 807 4147 tentur
826 4102 881 4145 et
905 4096 1103 4147 colunt.
1139 4096 1273 4147 Inde
1299 4103 1476 4148 sumta
1499 4099 1784 4149 occasione
1810 4099 1970 4149 docet
1989 4098 2280 4161 mulierem,
2307 4100 2450 4148 omni
2469 4114 2536 4148 ex
2555 4105 2710 4164 parte
2729 4100 2842 4149 viro
2867 4099 3100 4150 subesse:

626 4198 751 4233 nam
798 4184 843 4233 si
892 4183 963 4232 ad
1008 4182 1223 4233 humaui
1272 4186 1479 4248 generis
1536 4186 1769 4250 origines
1825 4187 2030 4236 animus
2084 4186 2368 4248 referatur,
2424 4185 2512 4235 hic
2557 4187 2722 4237 maris
2767 4188 2823 4236 in
2868 4186 3102 4236 feminam

626 4272 956 4335 principatus
992 4272 1275 4335 perspicue
1311 4271 1742 4336 deprehenditur.
1814 4274 1858 4330 ⁴)
1899 4272 1959 4322 C.
1998 4274 2046 4323 3.
2121 4274 2163 4338 ⁸)
2201 4272 2298 4322 Ad.
2327 4290 2376 4339 q.
2403 4273 2470 4323 cf.
2497 4272 2730 4333 Ginella,
2769 4273 2838 4323 de
2859 4272 3001 4323 auth.
3027 4286 3101 4334 ep.

628 4357 685 4405 P.
712 4361 847 4422 past.
876 4374 927 4422 p.
958 4358 1071 4407 166.
1092 4372 1134 4405 s.
1162 4358 1222 4406 V.
1250 4374 1301 4423 p.
1328 4360 1445 4407 378.
1502 4358 1543 4425 ὅ)
1568 4359 1819 4410 Profecto
1843 4361 1978 4409 mira
2003 4360 2311 4425 eloquentia
2337 4359 2602 4409 exclamat
2623 4361 2866 4425 gentium
2887 4360 3102 4409 Ductor:

626 4456 875 4507 magnum
913 4448 995 4493 est
1030 4444 1245 4508 pietatis
1282 4447 1606 4509 mysterium,
1659 4446 1802 4511 quod
1839 4460 1938 4496 nos
1986 4448 2193 4496 eunctis
2229 4446 2477 4511 gentibus
2513 4447 2904 4512 praedicamus,
2941 4447 3104 4495 Deum

627 4528 975 4579 immortalem
1010 4530 1168 4581 huius
1214 4536 1431 4581 nostrae
1478 4548 1770 4599 corporeae
1807 4532 1961 4584 molis
2009 4534 2224 4585 obiectu
2268 4535 2610 4600 apparuisse3
2659 4536 2816 4585 cuius
2859 4534 3025 4586 honor
3058 4538 3108 4580 et
3188 4507 3196 4633 Ι

626 4615 797 4679 gloria
833 4616 1155 4668 coelestibus
1200 4619 1501 4683 praeconiis
1538 4619 1855 4671 celebratur.
1929 4620 1972 4685 7)
2012 4620 2070 4671 C.
2107 4622 2157 4669 4.
2193 4637 2245 4687 p.
2283 4620 2318 4669 i.
