<?xml version="1.0" encoding="UTF-8"?>
<!DOCTYPE html PUBLIC "-//W3C//DTD XHTML 1.0 Transitional//EN"
    "http://www.w3.org/TR/xhtml1/DTD/xhtml1-transitional.dtd">
<html xmlns="http://www.w3.org/1999/xhtml" xml:lang="en" lang="en">
 <head>
  <title>
</title>
<meta http-equiv="Content-Type" content="text/html;charset=utf-8" />
  <meta name='ocr-system' content='tesseract 3.04.00' />
  <meta name='ocr-capabilities' content='ocr_page ocr_carea ocr_par ocr_line ocrx_word'/>
</head>
<body>
  <div class='ocr_page' id='page_1' title='image "./historiarevelat00unkngoog_0033.png"; bbox 0 0 3267 5259; ppageno 0'>
   <div class='ocr_carea' id='block_1_1' title="bbox 968 442 2648 505">
    <p class='ocr_par' dir='ltr' id='par_1_1' title="bbox 968 442 2648 505">
     <span class='ocr_line' id='line_1_1' title="bbox 968 442 2648 505; baseline -0.001 -12"><span class='ocrx_word' id='word_1_1' title='bbox 968 452 1219 495; x_wconf 74' lang='lat' dir='ltr'><strong>Harmoniae</strong></span> <span class='ocrx_word' id='word_1_2' title='bbox 1246 454 1575 505; x_wconf 78' lang='lat' dir='ltr'><strong>Evangeliorum</strong></span> <span class='ocrx_word' id='word_1_3' title='bbox 1602 454 1852 505; x_wconf 81' lang='lat' dir='ltr'><strong>scri-ptores.</strong></span> <span class='ocrx_word' id='word_1_4' title='bbox 2496 442 2648 491; x_wconf 77' lang='lat' dir='ltr'><strong>XVII</strong></span> 
     </span>
    </p>
   </div>
   <div class='ocr_carea' id='block_1_2' title="bbox 168 623 2646 4751">
    <p class='ocr_par' dir='ltr' id='par_1_2' title="bbox 168 623 2646 4751">
     <span class='ocr_line' id='line_1_2' title="bbox 191 623 2645 694; baseline 0.004 -22"><span class='ocrx_word' id='word_1_5' title='bbox 191 623 469 689; x_wconf 78' lang='lat' dir='ltr'><strong>,Theophili</strong></span> <span class='ocrx_word' id='word_1_6' title='bbox 504 625 879 677; x_wconf 74' lang='lat' dir='ltr'><strong>Antiochense</strong></span> <span class='ocrx_word' id='word_1_7' title='bbox 918 628 1063 677; x_wconf 87' lang='lat' dir='ltr'><strong>urbis</strong></span> <span class='ocrx_word' id='word_1_8' title='bbox 1090 630 1330 694; x_wconf 80' lang='lat' dir='ltr'><strong>episcopi</strong></span> <span class='ocrx_word' id='word_1_9' title='bbox 1354 630 1794 679; x_wconf 81' lang='lat' dir='ltr'><strong>commentarios“</strong></span> <span class='ocrx_word' id='word_1_10' title='bbox 1835 628 1984 679; x_wconf 82' lang='lat' dir='ltr'><strong>nulla</strong></span> <span class='ocrx_word' id='word_1_11' title='bbox 2007 629 2155 680; x_wconf 89' lang='lat' dir='ltr'><strong>dubii</strong></span> <span class='ocrx_word' id='word_1_12' title='bbox 2181 630 2327 680; x_wconf 83' lang='lat' dir='ltr'><strong>facta</strong></span> <span class='ocrx_word' id='word_1_13' title='bbox 2361 633 2645 681; x_wconf 88' lang='lat' dir='ltr'><strong>mentione.</strong></span> 
     </span>
     <span class='ocr_line' id='line_1_3' title="bbox 186 710 2644 781; baseline 0.004 -23"><span class='ocrx_word' id='word_1_14' title='bbox 186 710 309 773; x_wconf 75' lang='lat' dir='ltr'><strong>vm,</strong></span> <span class='ocrx_word' id='word_1_15' title='bbox 334 712 377 761; x_wconf 87' lang='grc'><strong>7.</strong></span> <span class='ocrx_word' id='word_1_16' title='bbox 424 711 501 761; x_wconf 87' lang='lat' dir='ltr'><strong>Cf.</strong></span> <span class='ocrx_word' id='word_1_17' title='bbox 528 728 573 761; x_wconf 87' lang='lat' dir='ltr'><strong>e.</strong></span> <span class='ocrx_word' id='word_1_18' title='bbox 600 713 665 763; x_wconf 78' lang='lat' dir='ltr'><strong>A.</strong></span> <span class='ocrx_word' id='word_1_19' title='bbox 688 714 961 776; x_wconf 81' lang='lat' dir='ltr'><strong>Neander,</strong></span> <span class='ocrx_word' id='word_1_20' title='bbox 985 714 1122 781; x_wconf 86' lang='lat' dir='ltr'><strong>Allg.</strong></span> <span class='ocrx_word' id='word_1_21' title='bbox 1151 714 1343 765; x_wconf 86' lang='lat' dir='ltr'><strong>Gesch.</strong></span> <span class='ocrx_word' id='word_1_22' title='bbox 1370 715 1419 765; x_wconf 93' lang='lat' dir='ltr'><strong>d.</strong></span> <span class='ocrx_word' id='word_1_23' title='bbox 1448 715 1555 765; x_wconf 90' lang='lat' dir='ltr'><strong>chr.</strong></span> <span class='ocrx_word' id='word_1_24' title='bbox 1582 716 1755 781; x_wconf 85' lang='lat' dir='ltr'><strong>Relig.</strong></span> <span class='ocrx_word' id='word_1_25' title='bbox 1781 716 1974 766; x_wconf 87' lang='lat' dir='ltr'><strong>Hamb.</strong></span> <span class='ocrx_word' id='word_1_26' title='bbox 2003 718 2154 765; x_wconf 90' lang='grc'><strong>1828.</strong></span> <span class='ocrx_word' id='word_1_27' title='bbox 2181 716 2279 766; x_wconf 84' lang='grc' dir='ltr'><strong>ΙΙΙ.</strong></span> <span class='ocrx_word' id='word_1_28' title='bbox 2307 720 2354 779; x_wconf 82' lang='grc'><strong>3,</strong></span> <span class='ocrx_word' id='word_1_29' title='bbox 2385 719 2501 769; x_wconf 84' lang='grc'><strong>758.</strong></span> <span class='ocrx_word' id='word_1_30' title='bbox 2523 734 2573 767; x_wconf 87' lang='grc' dir='ltr'><strong>ιι.</strong></span> <span class='ocrx_word' id='word_1_31' title='bbox 2598 722 2644 767; x_wconf 91' lang='grc'><strong>1.</strong></span> 
     </span>
     <span class='ocr_line' id='line_1_4' title="bbox 186 798 2646 867; baseline 0.003 -20"><span class='ocrx_word' id='word_1_32' title='bbox 186 824 239 833; x_wconf 89' lang='lat'><strong>·-</strong></span> <span class='ocrx_word' id='word_1_33' title='bbox 272 798 399 860; x_wconf 91' lang='lat' dir='ltr'><strong>Duo,</strong></span> <span class='ocrx_word' id='word_1_34' title='bbox 442 799 605 849; x_wconf 84' lang='lat' dir='ltr'><strong>tradit</strong></span> <span class='ocrx_word' id='word_1_35' title='bbox 642 816 685 849; x_wconf 88' lang='lat' dir='ltr'><strong>s.</strong></span> <span class='ocrx_word' id='word_1_36' title='bbox 718 800 1101 866; x_wconf 77' lang='lat' dir='ltr'><strong>Hieronymus,</strong></span> <span class='ocrx_word' id='word_1_37' title='bbox 1140 803 1359 851; x_wconf 81' lang='lat' dir='ltr'><strong>navavit</strong></span> <span class='ocrx_word' id='word_1_38' title='bbox 1392 801 1748 867; x_wconf 74' lang='lat' dir='ltr'><strong>Theophilus,</strong></span> <span class='ocrx_word' id='word_1_39' title='bbox 1785 804 1953 867; x_wconf 91' lang='lat' dir='ltr'><strong>primo</strong></span> <span class='ocrx_word' id='word_1_40' title='bbox 1997 804 2464 867; x_wconf 83' lang='lat' dir='ltr'><strong>Evangelistarum</strong></span> <span class='ocrx_word' id='word_1_41' title='bbox 2503 804 2646 854; x_wconf 86' lang='lat' dir='ltr'><strong>dicta</strong></span> 
     </span>
     <span class='ocr_line' id='line_1_5' title="bbox 184 883 2645 955; baseline 0.004 -25"><span class='ocrx_word' id='word_1_42' title='bbox 184 883 389 949; x_wconf 77' lang='lat' dir='ltr'><strong>collegit,</strong></span> <span class='ocrx_word' id='word_1_43' title='bbox 438 892 489 935; x_wconf 86' lang='lat' dir='ltr'><strong>et</strong></span> <span class='ocrx_word' id='word_1_44' title='bbox 524 901 666 952; x_wconf 85' lang='lat' dir='ltr'><strong>quae</strong></span> <span class='ocrx_word' id='word_1_45' title='bbox 710 887 911 937; x_wconf 77' lang='lat' dir='ltr'><strong>similia</strong></span> <span class='ocrx_word' id='word_1_46' title='bbox 957 892 1107 937; x_wconf 83' lang='lat' dir='ltr'><strong>erant</strong></span> <span class='ocrx_word' id='word_1_47' title='bbox 1142 889 1218 937; x_wconf 82' lang='lat' dir='ltr'><strong>ita</strong></span> <span class='ocrx_word' id='word_1_48' title='bbox 1254 890 1553 951; x_wconf 81' lang='lat' dir='ltr'><strong>contexuit,</strong></span> <span class='ocrx_word' id='word_1_49' title='bbox 1602 890 1758 954; x_wconf 86' lang='lat' dir='ltr'><strong>quasi</strong></span> <span class='ocrx_word' id='word_1_50' title='bbox 1801 904 1965 939; x_wconf 89' lang='lat' dir='ltr'><strong>unum</strong></span> <span class='ocrx_word' id='word_1_51' title='bbox 2012 896 2192 939; x_wconf 84' lang='lat' dir='ltr'><strong>essent</strong></span> <span class='ocrx_word' id='word_1_52' title='bbox 2237 905 2401 955; x_wconf 86' lang='lat' dir='ltr'><strong>opus;</strong></span> <span class='ocrx_word' id='word_1_53' title='bbox 2453 890 2645 941; x_wconf 88' lang='lat' dir='ltr'><strong>deinde</strong></span> 
     </span>
     <span class='ocr_line' id='line_1_6' title="bbox 182 974 2646 1043; baseline 0.003 -25"><span class='ocrx_word' id='word_1_54' title='bbox 182 974 551 1023; x_wconf 81' lang='lat' dir='ltr'><strong>commentarios</strong></span> <span class='ocrx_word' id='word_1_55' title='bbox 577 990 709 1024; x_wconf 90' lang='lat' dir='ltr'><strong>suos</strong></span> <span class='ocrx_word' id='word_1_56' title='bbox 734 974 994 1023; x_wconf 83' lang='lat' dir='ltr'><strong>adiunxit.</strong></span> <span class='ocrx_word' id='word_1_57' title='bbox 1042 974 1362 1040; x_wconf 80' lang='lat' dir='ltr'><strong>Exemplum</strong></span> <span class='ocrx_word' id='word_1_58' title='bbox 1399 990 1464 1025; x_wconf 85' lang='lat' dir='ltr'><strong>ex</strong></span> <span class='ocrx_word' id='word_1_59' title='bbox 1500 977 1617 1024; x_wconf 88' lang='lat' dir='ltr'><strong>istis</strong></span> <span class='ocrx_word' id='word_1_60' title='bbox 1654 977 1790 1041; x_wconf 90' lang='lat' dir='ltr'><strong>petit</strong></span> <span class='ocrx_word' id='word_1_61' title='bbox 1824 992 1866 1025; x_wconf 87' lang='lat' dir='ltr'><strong>s.</strong></span> <span class='ocrx_word' id='word_1_62' title='bbox 1895 976 2070 1038; x_wconf 86' lang='lat' dir='ltr'><strong>Pater,</strong></span> <span class='ocrx_word' id='word_1_63' title='bbox 2109 976 2144 1025; x_wconf 92' lang='lat'><strong>1.</strong></span> <span class='ocrx_word' id='word_1_64' title='bbox 2171 977 2204 1026; x_wconf 94' lang='lat' dir='ltr'><strong>l.</strong></span> <span class='ocrx_word' id='word_1_65' title='bbox 2233 976 2302 1026; x_wconf 86' lang='lat' dir='ltr'><strong>ad</strong></span> <span class='ocrx_word' id='word_1_66' title='bbox 2325 976 2445 1041; x_wconf 89' lang='lat' dir='ltr'><strong>Alg.</strong></span> <span class='ocrx_word' id='word_1_67' title='bbox 2484 992 2646 1043; x_wconf 90' lang='lat' dir='ltr'><strong>super</strong></span> 
     </span>
     <span class='ocr_line' id='line_1_7' title="bbox 182 1057 2643 1126; baseline 0.002 -21"><span class='ocrx_word' id='word_1_68' title='bbox 182 1057 458 1121; x_wconf 82' lang='lat' dir='ltr'><strong>parabolam</strong></span> <span class='ocrx_word' id='word_1_69' title='bbox 496 1059 562 1109; x_wconf 90' lang='lat' dir='ltr'><strong>de</strong></span> <span class='ocrx_word' id='word_1_70' title='bbox 600 1060 786 1110; x_wconf 75' lang='lat' dir='ltr'><strong>villico</strong></span> <span class='ocrx_word' id='word_1_71' title='bbox 824 1062 1026 1126; x_wconf 88' lang='lat' dir='ltr'><strong>iniquo.</strong></span> <span class='ocrx_word' id='word_1_72' title='bbox 1080 1062 1211 1111; x_wconf 88' lang='lat' dir='ltr'><strong>Luc.</strong></span> <span class='ocrx_word' id='word_1_73' title='bbox 1254 1064 1335 1123; x_wconf 84' lang='grc'><strong>16,</strong></span> <span class='ocrx_word' id='word_1_74' title='bbox 1378 1063 1527 1110; x_wconf 85' lang='grc'><strong>1-8,</strong></span> <span class='ocrx_word' id='word_1_75' title='bbox 1567 1064 1648 1112; x_wconf 90' lang='grc'><strong>16.</strong></span> <span class='ocrx_word' id='word_1_76' title='bbox 1709 1062 1992 1112; x_wconf 87' lang='lat' dir='ltr'><strong>Perierunt</strong></span> <span class='ocrx_word' id='word_1_77' title='bbox 2041 1064 2252 1112; x_wconf 89' lang='lat' dir='ltr'><strong>omnino</strong></span> <span class='ocrx_word' id='word_1_78' title='bbox 2299 1063 2434 1113; x_wconf 85' lang='lat' dir='ltr'><strong>haec</strong></span> <span class='ocrx_word' id='word_1_79' title='bbox 2477 1066 2643 1113; x_wconf 89' lang='lat' dir='ltr'><strong>moni-</strong></span> 
     </span>
     <span class='ocr_line' id='line_1_8' title="bbox 182 1146 2632 1213; baseline 0.003 -21"><span class='ocrx_word' id='word_1_80' title='bbox 182 1152 329 1193; x_wconf 88' lang='lat' dir='ltr'><strong>menta</strong></span> <span class='ocrx_word' id='word_1_81' title='bbox 358 1146 549 1195; x_wconf 85' lang='lat' dir='ltr'><strong>iniuria</strong></span> <span class='ocrx_word' id='word_1_82' title='bbox 582 1152 917 1213; x_wconf 83' lang='lat' dir='ltr'><strong>temporum3</strong></span> <span class='ocrx_word' id='word_1_83' title='bbox 957 1163 1094 1213; x_wconf 87' lang='lat' dir='ltr'><strong>quae</strong></span> <span class='ocrx_word' id='word_1_84' title='bbox 1131 1150 1271 1197; x_wconf 90' lang='lat' dir='ltr'><strong>enim</strong></span> <span class='ocrx_word' id='word_1_85' title='bbox 1310 1148 1483 1198; x_wconf 86' lang='lat' dir='ltr'><strong>adhuc</strong></span> <span class='ocrx_word' id='word_1_86' title='bbox 1520 1150 1619 1199; x_wconf 86' lang='lat' dir='ltr'><strong>sub</strong></span> <span class='ocrx_word' id='word_1_87' title='bbox 1647 1150 1761 1199; x_wconf 87' lang='lat' dir='ltr'><strong>eius</strong></span> <span class='ocrx_word' id='word_1_88' title='bbox 1791 1151 2003 1199; x_wconf 88' lang='lat' dir='ltr'><strong>nomine</strong></span> <span class='ocrx_word' id='word_1_89' title='bbox 2039 1149 2074 1199; x_wconf 92' lang='lat' dir='ltr'><strong>l.</strong></span> <span class='ocrx_word' id='word_1_90' title='bbox 2100 1150 2191 1199; x_wconf 86' lang='lat' dir='ltr'><strong>IV.</strong></span> <span class='ocrx_word' id='word_1_91' title='bbox 2231 1152 2632 1200; x_wconf 86' lang='lat' dir='ltr'><strong>commentario-</strong></span> 
     </span>
     <span class='ocr_line' id='line_1_9' title="bbox 186 1232 2642 1301; baseline 0.004 -23"><span class='ocrx_word' id='word_1_92' title='bbox 186 1246 293 1290; x_wconf 86' lang='lat' dir='ltr'><strong>rum,</strong></span> <span class='ocrx_word' id='word_1_93' title='bbox 324 1233 375 1280; x_wconf 91' lang='lat' dir='ltr'><strong>in</strong></span> <span class='ocrx_word' id='word_1_94' title='bbox 410 1232 551 1282; x_wconf 74' lang='lat' dir='ltr'><strong>Max.</strong></span> <span class='ocrx_word' id='word_1_95' title='bbox 585 1234 731 1283; x_wconf 90' lang='lat' dir='ltr'><strong>Bibl.</strong></span> <span class='ocrx_word' id='word_1_96' title='bbox 756 1234 819 1283; x_wconf 92' lang='lat' dir='ltr'><strong>P.</strong></span> <span class='ocrx_word' id='word_1_97' title='bbox 844 1234 903 1283; x_wconf 94' lang='lat' dir='ltr'><strong>P.</strong></span> <span class='ocrx_word' id='word_1_98' title='bbox 930 1233 1001 1296; x_wconf 94' lang='lat'><strong>11,</strong></span> <span class='ocrx_word' id='word_1_99' title='bbox 1028 1238 1075 1284; x_wconf 85' lang='grc'><strong>2.</strong></span> <span class='ocrx_word' id='word_1_100' title='bbox 1115 1252 1167 1301; x_wconf 90' lang='lat' dir='ltr'><strong>p.</strong></span> <span class='ocrx_word' id='word_1_101' title='bbox 1208 1236 1323 1285; x_wconf 82' lang='lat'><strong>166.</strong></span> <span class='ocrx_word' id='word_1_102' title='bbox 1362 1252 1405 1285; x_wconf 91' lang='lat' dir='ltr'><strong>s.</strong></span> <span class='ocrx_word' id='word_1_103' title='bbox 1442 1234 1692 1300; x_wconf 87' lang='lat' dir='ltr'><strong>leguntur</strong></span> <span class='ocrx_word' id='word_1_104' title='bbox 1727 1242 1980 1301; x_wconf 88' lang='lat' dir='ltr'><strong>suspecta</strong></span> <span class='ocrx_word' id='word_1_105' title='bbox 2014 1242 2151 1287; x_wconf 84' lang='lat' dir='ltr'><strong>sunt.</strong></span> <span class='ocrx_word' id='word_1_106' title='bbox 2193 1236 2258 1286; x_wconf 90' lang='lat' dir='ltr'><strong>L.</strong></span> <span class='ocrx_word' id='word_1_107' title='bbox 2284 1253 2336 1286; x_wconf 91' lang='lat' dir='ltr'><strong>n.</strong></span> <span class='ocrx_word' id='word_1_108' title='bbox 2359 1236 2448 1285; x_wconf 86' lang='lat' dir='ltr'><strong>IV.</strong></span> <span class='ocrx_word' id='word_1_109' title='bbox 2473 1236 2642 1301; x_wconf 85' lang='lat' dir='ltr'><strong>praef.</strong></span> 
     </span>
     <span class='ocr_line' id='line_1_10' title="bbox 184 1316 2644 1389; baseline 0.003 -24"><span class='ocrx_word' id='word_1_110' title='bbox 184 1316 609 1369; x_wconf 79' lang='lat' dir='ltr'><strong>Benedictinorum</strong></span> <span class='ocrx_word' id='word_1_111' title='bbox 652 1321 735 1371; x_wconf 88' lang='lat' dir='ltr'><strong>ed.</strong></span> <span class='ocrx_word' id='word_1_112' title='bbox 775 1320 877 1387; x_wconf 90' lang='lat' dir='ltr'><strong>Op.</strong></span> <span class='ocrx_word' id='word_1_113' title='bbox 904 1336 946 1371; x_wconf 86' lang='lat' dir='ltr'><strong>s.</strong></span> <span class='ocrx_word' id='word_1_114' title='bbox 979 1322 1177 1371; x_wconf 85' lang='lat' dir='ltr'><strong>Justini</strong></span> <span class='ocrx_word' id='word_1_115' title='bbox 1216 1323 1274 1372; x_wconf 89' lang='lat' dir='ltr'><strong>P.</strong></span> <span class='ocrx_word' id='word_1_116' title='bbox 1301 1322 1400 1371; x_wconf 88' lang='lat'><strong>111.</strong></span> <span class='ocrx_word' id='word_1_117' title='bbox 1438 1339 1488 1388; x_wconf 89' lang='lat' dir='ltr'><strong>p.</strong></span> <span class='ocrx_word' id='word_1_118' title='bbox 1519 1325 1633 1372; x_wconf 87' lang='grc'><strong>112.</strong></span> <span class='ocrx_word' id='word_1_119' title='bbox 1671 1324 1788 1372; x_wconf 89' lang='grc'><strong>113.</strong></span> <span class='ocrx_word' id='word_1_120' title='bbox 1847 1324 2006 1372; x_wconf 91' lang='lat' dir='ltr'><strong>Hunc</strong></span> <span class='ocrx_word' id='word_1_121' title='bbox 2043 1323 2394 1388; x_wconf 81' lang='lat' dir='ltr'><strong>Theophilum</strong></span> <span class='ocrx_word' id='word_1_122' title='bbox 2434 1326 2644 1389; x_wconf 82' lang='lat' dir='ltr'><strong>excepit</strong></span> 
     </span>
     <span class='ocr_line' id='line_1_11' title="bbox 182 1403 2641 1475; baseline 0.003 -24"><span class='ocrx_word' id='word_1_123' title='bbox 182 1403 531 1455; x_wconf 76' lang='lat' dir='ltr'><strong>Ammonius</strong></span> <span class='ocrx_word' id='word_1_124' title='bbox 566 1406 1099 1459; x_wconf 82' lang='lat' dir='ltr'><strong>Alexandrinus</strong></span> <span class='ocrx_word' id='word_1_125' title='bbox 1126 1437 1191 1445; x_wconf 81' lang='lat'><strong>—-</strong></span> <span class='ocrx_word' id='word_1_126' title='bbox 1227 1424 1383 1474; x_wconf 89' lang='lat' dir='ltr'><strong>quem</strong></span> <span class='ocrx_word' id='word_1_127' title='bbox 1420 1409 1479 1458; x_wconf 91' lang='lat' dir='ltr'><strong>C.</strong></span> <span class='ocrx_word' id='word_1_128' title='bbox 1516 1410 1579 1458; x_wconf 82' lang='lat' dir='ltr'><strong>R.</strong></span> <span class='ocrx_word' id='word_1_129' title='bbox 1615 1408 1996 1471; x_wconf 87' lang='lat' dir='ltr'><strong>Bellarminus‚</strong></span> <span class='ocrx_word' id='word_1_130' title='bbox 2037 1410 2102 1459; x_wconf 88' lang='lat' dir='ltr'><strong>de</strong></span> <span class='ocrx_word' id='word_1_131' title='bbox 2139 1411 2295 1475; x_wconf 87' lang='lat' dir='ltr'><strong>scrip.</strong></span> <span class='ocrx_word' id='word_1_132' title='bbox 2332 1411 2524 1460; x_wconf 89' lang='lat' dir='ltr'><strong>eccles.</strong></span> <span class='ocrx_word' id='word_1_133' title='bbox 2558 1410 2641 1459; x_wconf 90' lang='lat' dir='ltr'><strong>ed.</strong></span> 
     </span>
     <span class='ocr_line' id='line_1_12' title="bbox 181 1489 2636 1562; baseline 0.003 -24"><span class='ocrx_word' id='word_1_134' title='bbox 181 1489 349 1541; x_wconf 63' lang='lat' dir='ltr'><strong>Labbae&#39;e.</strong></span> <span class='ocrx_word' id='word_1_135' title='bbox 383 1492 513 1543; x_wconf 79' lang='lat' dir='ltr'><strong>Ven.</strong></span> <span class='ocrx_word' id='word_1_136' title='bbox 542 1496 701 1543; x_wconf 85' lang='grc'><strong>1728.</strong></span> <span class='ocrx_word' id='word_1_137' title='bbox 740 1512 791 1560; x_wconf 90' lang='lat' dir='ltr'><strong>p.</strong></span> <span class='ocrx_word' id='word_1_138' title='bbox 817 1496 903 1544; x_wconf 84' lang='grc'><strong>47.</strong></span> <span class='ocrx_word' id='word_1_139' title='bbox 940 1494 1010 1543; x_wconf 88' lang='lat' dir='ltr'><strong>ad</strong></span> <span class='ocrx_word' id='word_1_140' title='bbox 1034 1510 1083 1545; x_wconf 85' lang='lat' dir='ltr'><strong>a.</strong></span> <span class='ocrx_word' id='word_1_141' title='bbox 1118 1512 1169 1561; x_wconf 90' lang='lat' dir='ltr'><strong>p.</strong></span> <span class='ocrx_word' id='word_1_142' title='bbox 1198 1496 1256 1545; x_wconf 90' lang='lat' dir='ltr'><strong>C.</strong></span> <span class='ocrx_word' id='word_1_143' title='bbox 1282 1498 1402 1545; x_wconf 93' lang='grc'><strong>227.</strong></span> <span class='ocrx_word' id='word_1_144' title='bbox 1441 1500 1699 1559; x_wconf 83' lang='lat' dir='ltr'><strong>recenset,</strong></span> <span class='ocrx_word' id='word_1_145' title='bbox 1737 1496 1926 1545; x_wconf 76' lang='lat' dir='ltr'><strong>Labbe</strong></span> <span class='ocrx_word' id='word_1_146' title='bbox 1960 1514 2010 1562; x_wconf 91' lang='lat' dir='ltr'><strong>p.</strong></span> <span class='ocrx_word' id='word_1_147' title='bbox 2037 1498 2120 1546; x_wconf 82' lang='lat'><strong>48.</strong></span> <span class='ocrx_word' id='word_1_148' title='bbox 2161 1512 2205 1546; x_wconf 90' lang='lat' dir='ltr'><strong>c.</strong></span> <span class='ocrx_word' id='word_1_149' title='bbox 2233 1511 2280 1545; x_wconf 86' lang='lat' dir='ltr'><strong>a.</strong></span> <span class='ocrx_word' id='word_1_150' title='bbox 2309 1499 2428 1546; x_wconf 87' lang='grc'><strong>222.</strong></span> <span class='ocrx_word' id='word_1_151' title='bbox 2453 1524 2520 1533; x_wconf 93' lang='grc'>-</span> <span class='ocrx_word' id='word_1_152' title='bbox 2547 1498 2636 1561; x_wconf 91' lang='lat' dir='ltr'><strong>qui</strong></span> 
     </span>
     <span class='ocr_line' id='line_1_13' title="bbox 182 1575 2640 1648; baseline 0.004 -25"><span class='ocrx_word' id='word_1_153' title='bbox 182 1576 318 1626; x_wconf 74' lang='lat' dir='ltr'><strong>edidit</strong></span> <span class='ocrx_word' id='word_1_154' title='bbox 364 1584 469 1629; x_wconf 80' lang='lat' dir='ltr'><strong>tam</strong></span> <span class='ocrx_word' id='word_1_155' title='bbox 524 1575 783 1648; x_wconf 68' lang='grc' dir='ltr'><strong>ἆρμωνίαν</strong></span> <span class='ocrx_word' id='word_1_156' title='bbox 822 1609 887 1617; x_wconf 92' lang='lat'><strong>-—</strong></span> <span class='ocrx_word' id='word_1_157' title='bbox 932 1597 1069 1646; x_wconf 87' lang='lat' dir='ltr'><strong>quae</strong></span> <span class='ocrx_word' id='word_1_158' title='bbox 1124 1583 1309 1647; x_wconf 84' lang='lat' dir='ltr'><strong>periit3</strong></span> <span class='ocrx_word' id='word_1_159' title='bbox 1366 1583 1469 1633; x_wconf 90' lang='lat' dir='ltr'><strong>nisi</strong></span> <span class='ocrx_word' id='word_1_160' title='bbox 1522 1583 2017 1647; x_wconf 81' lang='lat' dir='ltr'><strong>interpretationem</strong></span> <span class='ocrx_word' id='word_1_161' title='bbox 2071 1582 2359 1632; x_wconf 80' lang='lat' dir='ltr'><strong>francicam</strong></span> <span class='ocrx_word' id='word_1_162' title='bbox 2413 1583 2640 1633; x_wconf 90' lang='lat' dir='ltr'><strong>alicuius</strong></span> 
     </span>
     <span class='ocr_line' id='line_1_14' title="bbox 180 1662 2639 1734; baseline 0.002 -22"><span class='ocrx_word' id='word_1_163' title='bbox 180 1662 481 1730; x_wconf 77' lang='lat' dir='ltr'><strong>Harmoniae,</strong></span> <span class='ocrx_word' id='word_1_164' title='bbox 522 1682 689 1732; x_wconf 82' lang='lat' dir='ltr'><strong>quam</strong></span> <span class='ocrx_word' id='word_1_165' title='bbox 714 1668 958 1717; x_wconf 80' lang='lat' dir='ltr'><strong>Viennae</strong></span> <span class='ocrx_word' id='word_1_166' title='bbox 985 1670 1137 1718; x_wconf 88' lang='grc'><strong>1841.</strong></span> <span class='ocrx_word' id='word_1_167' title='bbox 1165 1669 1346 1731; x_wconf 86' lang='lat' dir='ltr'><strong>edidit,</strong></span> <span class='ocrx_word' id='word_1_168' title='bbox 1383 1669 1755 1734; x_wconf 82' lang='lat' dir='ltr'><strong>Ammoniique</strong></span> <span class='ocrx_word' id='word_1_169' title='bbox 1784 1684 1903 1719; x_wconf 87' lang='lat' dir='ltr'><strong>esse</strong></span> <span class='ocrx_word' id='word_1_170' title='bbox 1930 1671 2172 1720; x_wconf 89' lang='lat' dir='ltr'><strong>evincere</strong></span> <span class='ocrx_word' id='word_1_171' title='bbox 2210 1669 2472 1719; x_wconf 83' lang='lat' dir='ltr'><strong>laboravit</strong></span> <span class='ocrx_word' id='word_1_172' title='bbox 2505 1669 2639 1734; x_wconf 89' lang='lat' dir='ltr'><strong>prol.</strong></span> 
     </span>
     <span class='ocr_line' id='line_1_15' title="bbox 178 1752 2638 1822; baseline 0.003 -25"><span class='ocrx_word' id='word_1_173' title='bbox 178 1766 219 1813; x_wconf 87' lang='lat' dir='ltr'><strong>p.</strong></span> <span class='ocrx_word' id='word_1_174' title='bbox 232 1753 270 1799; x_wconf 87' lang='grc'><strong>7.</strong></span> <span class='ocrx_word' id='word_1_175' title='bbox 282 1754 325 1801; x_wconf 89' lang='grc'><strong>8.</strong></span> <span class='ocrx_word' id='word_1_176' title='bbox 347 1752 394 1801; x_wconf 86' lang='lat' dir='ltr'><strong>J.</strong></span> <span class='ocrx_word' id='word_1_177' title='bbox 408 1752 467 1802; x_wconf 77' lang='lat' dir='ltr'><strong>A.</strong></span> <span class='ocrx_word' id='word_1_178' title='bbox 483 1752 800 1815; x_wconf 85' lang='lat' dir='ltr'><strong>Schmeller,</strong></span> <span class='ocrx_word' id='word_1_179' title='bbox 823 1756 937 1805; x_wconf 87' lang='lat' dir='ltr'><strong>eius</strong></span> <span class='ocrx_word' id='word_1_180' title='bbox 958 1770 1077 1804; x_wconf 83' lang='lat' dir='ltr'><strong>esse</strong></span> <span class='ocrx_word' id='word_1_181' title='bbox 1097 1755 1345 1805; x_wconf 85' lang='lat' dir='ltr'><strong>credatur</strong></span> <span class='ocrx_word' id='word_1_182' title='bbox 1360 1784 1425 1793; x_wconf 88' lang='lat'>—</span> <span class='ocrx_word' id='word_1_183' title='bbox 1441 1772 1505 1804; x_wconf 88' lang='lat' dir='ltr'><strong>ex</strong></span> <span class='ocrx_word' id='word_1_184' title='bbox 1524 1756 1674 1822; x_wconf 88' lang='lat' dir='ltr'><strong>puris</strong></span> <span class='ocrx_word' id='word_1_185' title='bbox 1693 1755 2108 1821; x_wconf 83' lang='lat' dir='ltr'><strong>Evangeliorum</strong></span> <span class='ocrx_word' id='word_1_186' title='bbox 2120 1756 2296 1807; x_wconf 88' lang='lat' dir='ltr'><strong>verbis</strong></span> <span class='ocrx_word' id='word_1_187' title='bbox 2309 1760 2638 1818; x_wconf 81' lang='lat' dir='ltr'><strong>contextam3</strong></span> 
     </span>
     <span class='ocr_line' id='line_1_16' title="bbox 178 1834 2638 1907; baseline 0.002 -23"><span class='ocrx_word' id='word_1_188' title='bbox 178 1850 309 1900; x_wconf 79' lang='lat' dir='ltr'><strong>quam</strong></span> <span class='ocrx_word' id='word_1_189' title='bbox 347 1854 577 1891; x_wconf 80' lang='lat' dir='ltr'><strong>canones</strong></span> <span class='ocrx_word' id='word_1_190' title='bbox 622 1841 963 1891; x_wconf 88' lang='lat' dir='ltr'><strong>harmonicos</strong></span> <span class='ocrx_word' id='word_1_191' title='bbox 990 1870 1055 1878; x_wconf 92' lang='lat'>—</span> <span class='ocrx_word' id='word_1_192' title='bbox 1082 1834 1189 1891; x_wconf 79' lang='lat' dir='ltr'><strong>n‘on</strong></span> <span class='ocrx_word' id='word_1_193' title='bbox 1237 1842 1640 1892; x_wconf 86' lang='lat' dir='ltr'><strong>confundendos</strong></span> <span class='ocrx_word' id='word_1_194' title='bbox 1684 1858 1804 1892; x_wconf 90' lang='lat' dir='ltr'><strong>cum</strong></span> <span class='ocrx_word' id='word_1_195' title='bbox 1839 1844 2134 1893; x_wconf 74' lang='lat' dir='ltr'><strong>Harmonia</strong></span> <span class='ocrx_word' id='word_1_196' title='bbox 2157 1870 2222 1879; x_wconf 81' lang='lat'><strong>——</strong></span> <span class='ocrx_word' id='word_1_197' title='bbox 2251 1858 2408 1907; x_wconf 92' lang='lat' dir='ltr'><strong>quos,</strong></span> <span class='ocrx_word' id='word_1_198' title='bbox 2457 1840 2638 1891; x_wconf 90' lang='lat' dir='ltr'><strong>decem</strong></span> 
     </span>
     <span class='ocr_line' id='line_1_17' title="bbox 177 1926 2636 1995; baseline 0.002 -25"><span class='ocrx_word' id='word_1_199' title='bbox 177 1938 376 1987; x_wconf 75' lang='lat' dir='ltr'><strong>numero,</strong></span> <span class='ocrx_word' id='word_1_200' title='bbox 402 1926 587 1977; x_wconf 88' lang='lat' dir='ltr'><strong>ordine</strong></span> <span class='ocrx_word' id='word_1_201' title='bbox 614 1928 884 1993; x_wconf 75' lang='lat' dir='ltr'><strong>disposuit</strong></span> <span class='ocrx_word' id='word_1_202' title='bbox 904 1928 1175 1977; x_wconf 85' lang='lat' dir='ltr'><strong>Eusebius</strong></span> <span class='ocrx_word' id='word_1_203' title='bbox 1202 1928 1579 1979; x_wconf 87' lang='lat' dir='ltr'><strong>Caesareensis</strong></span> <span class='ocrx_word' id='word_1_204' title='bbox 1604 1933 1642 1993; x_wconf 91' lang='lat'>†</span> <span class='ocrx_word' id='word_1_205' title='bbox 1667 1932 1801 1993; x_wconf 65' lang='lat'>340„</span> <span class='ocrx_word' id='word_1_206' title='bbox 1827 1930 1882 1978; x_wconf 91' lang='lat' dir='ltr'><strong>in</strong></span> <span class='ocrx_word' id='word_1_207' title='bbox 1908 1946 1989 1995; x_wconf 87' lang='lat' dir='ltr'><strong>ep.</strong></span> <span class='ocrx_word' id='word_1_208' title='bbox 2017 1930 2085 1979; x_wconf 89' lang='lat' dir='ltr'><strong>ad</strong></span> <span class='ocrx_word' id='word_1_209' title='bbox 2113 1930 2454 1995; x_wconf 87' lang='lat' dir='ltr'><strong>Carpianum,</strong></span> <span class='ocrx_word' id='word_1_210' title='bbox 2493 1928 2636 1994; x_wconf 88' lang='lat' dir='ltr'><strong>apud</strong></span> 
     </span>
     <span class='ocr_line' id='line_1_18' title="bbox 178 2008 2636 2081; baseline 0.003 -25"><span class='ocrx_word' id='word_1_211' title='bbox 178 2008 459 2075; x_wconf 86' lang='lat' dir='ltr'><strong>Fabricium,</strong></span> <span class='ocrx_word' id='word_1_212' title='bbox 498 2014 641 2063; x_wconf 90' lang='lat' dir='ltr'><strong>Bibl.</strong></span> <span class='ocrx_word' id='word_1_213' title='bbox 669 2031 748 2080; x_wconf 86' lang='lat' dir='ltr'><strong>gr.</strong></span> <span class='ocrx_word' id='word_1_214' title='bbox 788 2014 869 2064; x_wconf 90' lang='lat' dir='ltr'><strong>ed.</strong></span> <span class='ocrx_word' id='word_1_215' title='bbox 895 2014 1136 2065; x_wconf 86' lang='lat' dir='ltr'><strong>Harless.</strong></span> <span class='ocrx_word' id='word_1_216' title='bbox 1162 2015 1284 2078; x_wconf 87' lang='lat' dir='ltr'><strong>VII,</strong></span> <span class='ocrx_word' id='word_1_217' title='bbox 1310 2018 1430 2065; x_wconf 89' lang='grc'><strong>400.</strong></span> <span class='ocrx_word' id='word_1_218' title='bbox 1465 2018 1582 2066; x_wconf 80' lang='lat'><strong>401.</strong></span> <span class='ocrx_word' id='word_1_219' title='bbox 1644 2017 1844 2065; x_wconf 87' lang='lat' dir='ltr'><strong>Decem</strong></span> <span class='ocrx_word' id='word_1_220' title='bbox 1883 2016 2140 2065; x_wconf 84' lang='lat' dir='ltr'><strong>columnis</strong></span> <span class='ocrx_word' id='word_1_221' title='bbox 2177 2016 2356 2081; x_wconf 88' lang='lat' dir='ltr'><strong>capita</strong></span> <span class='ocrx_word' id='word_1_222' title='bbox 2391 2016 2636 2080; x_wconf 84' lang='lat' dir='ltr'><strong>Evange-</strong></span> 
     </span>
     <span class='ocr_line' id='line_1_19' title="bbox 176 2096 2637 2167; baseline 0.002 -23"><span class='ocrx_word' id='word_1_223' title='bbox 176 2096 379 2149; x_wconf 77' lang='lat' dir='ltr'><strong>listarum</strong></span> <span class='ocrx_word' id='word_1_224' title='bbox 424 2102 499 2149; x_wconf 82' lang='lat' dir='ltr'><strong>ita</strong></span> <span class='ocrx_word' id='word_1_225' title='bbox 544 2104 689 2151; x_wconf 83' lang='lat' dir='ltr'><strong>inter</strong></span> <span class='ocrx_word' id='word_1_226' title='bbox 734 2116 793 2150; x_wconf 87' lang='lat' dir='ltr'><strong>se</strong></span> <span class='ocrx_word' id='word_1_227' title='bbox 841 2106 1240 2167; x_wconf 82' lang='lat' dir='ltr'><strong>comparantur,</strong></span> <span class='ocrx_word' id='word_1_228' title='bbox 1289 2106 1349 2151; x_wconf 87' lang='lat' dir='ltr'><strong>ut</strong></span> <span class='ocrx_word' id='word_1_229' title='bbox 1384 2103 1562 2152; x_wconf 86' lang='lat' dir='ltr'><strong>statim</strong></span> <span class='ocrx_word' id='word_1_230' title='bbox 1609 2108 1895 2167; x_wconf 82' lang='lat' dir='ltr'><strong>appareat,</strong></span> <span class='ocrx_word' id='word_1_231' title='bbox 1947 2107 2200 2167; x_wconf 90' lang='lat' dir='ltr'><strong>quotnam</strong></span> <span class='ocrx_word' id='word_1_232' title='bbox 2248 2107 2301 2151; x_wconf 88' lang='lat' dir='ltr'><strong>et</strong></span> <span class='ocrx_word' id='word_1_233' title='bbox 2347 2102 2540 2167; x_wconf 90' lang='lat' dir='ltr'><strong>quibus</strong></span> <span class='ocrx_word' id='word_1_234' title='bbox 2582 2103 2637 2150; x_wconf 91' lang='lat' dir='ltr'><strong>in</strong></span> 
     </span>
     <span class='ocr_line' id='line_1_20' title="bbox 178 2186 2635 2253; baseline 0.004 -23"><span class='ocrx_word' id='word_1_235' title='bbox 178 2186 403 2250; x_wconf 79' lang='lat' dir='ltr'><strong>pericopis</strong></span> <span class='ocrx_word' id='word_1_236' title='bbox 426 2188 818 2253; x_wconf 75' lang='lat' dir='ltr'><strong>Evangelistae</strong></span> <span class='ocrx_word' id='word_1_237' title='bbox 844 2188 1069 2237; x_wconf 86' lang='lat' dir='ltr'><strong>eandem</strong></span> <span class='ocrx_word' id='word_1_238' title='bbox 1098 2204 1207 2237; x_wconf 90' lang='lat' dir='ltr'><strong>rem</strong></span> <span class='ocrx_word' id='word_1_239' title='bbox 1232 2189 1481 2238; x_wconf 80' lang='lat' dir='ltr'><strong>referant.</strong></span> <span class='ocrx_word' id='word_1_240' title='bbox 1507 2189 1721 2238; x_wconf 85' lang='lat' dir='ltr'><strong>Laudat</strong></span> <span class='ocrx_word' id='word_1_241' title='bbox 1745 2188 1906 2239; x_wconf 90' lang='lat' dir='ltr'><strong>hosce</strong></span> <span class='ocrx_word' id='word_1_242' title='bbox 1933 2203 2165 2237; x_wconf 88' lang='lat' dir='ltr'><strong>canones</strong></span> <span class='ocrx_word' id='word_1_243' title='bbox 2193 2203 2233 2237; x_wconf 89' lang='lat' dir='ltr'><strong>s.</strong></span> <span class='ocrx_word' id='word_1_244' title='bbox 2261 2188 2635 2253; x_wconf 81' lang='lat' dir='ltr'><strong>Hieronymus,</strong></span> 
     </span>
     <span class='ocr_line' id='line_1_21' title="bbox 176 2272 2634 2339; baseline 0.002 -20"><span class='ocrx_word' id='word_1_245' title='bbox 176 2272 311 2333; x_wconf 83' lang='lat' dir='ltr'><strong>praef.</strong></span> <span class='ocrx_word' id='word_1_246' title='bbox 334 2272 385 2321; x_wconf 89' lang='lat' dir='ltr'><strong>in</strong></span> <span class='ocrx_word' id='word_1_247' title='bbox 408 2274 619 2339; x_wconf 79' lang='lat' dir='ltr'><strong>Evang.</strong></span> <span class='ocrx_word' id='word_1_248' title='bbox 663 2273 733 2322; x_wconf 88' lang='lat' dir='ltr'><strong>ad</strong></span> <span class='ocrx_word' id='word_1_249' title='bbox 759 2273 1069 2338; x_wconf 83' lang='lat' dir='ltr'><strong>Damasum,</strong></span> <span class='ocrx_word' id='word_1_250' title='bbox 1109 2273 1497 2337; x_wconf 84' lang='lat' dir='ltr'><strong>Cassiodorius,</strong></span> <span class='ocrx_word' id='word_1_251' title='bbox 1540 2274 1605 2324; x_wconf 85' lang='lat' dir='ltr'><strong>de</strong></span> <span class='ocrx_word' id='word_1_252' title='bbox 1645 2276 1976 2324; x_wconf 85' lang='lat' dir='ltr'><strong>institutione</strong></span> <span class='ocrx_word' id='word_1_253' title='bbox 2014 2275 2175 2325; x_wconf 81' lang='lat' dir='ltr'><strong>divin.</strong></span> <span class='ocrx_word' id='word_1_254' title='bbox 2202 2275 2366 2325; x_wconf 87' lang='lat' dir='ltr'><strong>Liter.</strong></span> <span class='ocrx_word' id='word_1_255' title='bbox 2394 2291 2440 2323; x_wconf 90' lang='lat' dir='ltr'><strong>c.</strong></span> <span class='ocrx_word' id='word_1_256' title='bbox 2468 2275 2514 2324; x_wconf 91' lang='grc'><strong>7.</strong></span> <span class='ocrx_word' id='word_1_257' title='bbox 2553 2274 2634 2324; x_wconf 91' lang='lat' dir='ltr'><strong>ed.</strong></span> 
     </span>
     <span class='ocr_line' id='line_1_22' title="bbox 176 2356 2635 2427; baseline 0.002 -23"><span class='ocrx_word' id='word_1_258' title='bbox 176 2356 360 2408; x_wconf 80' lang='lat' dir='ltr'><strong>Garetii.</strong></span> <span class='ocrx_word' id='word_1_259' title='bbox 396 2361 528 2411; x_wconf 83' lang='lat' dir='ltr'><strong>Ven.</strong></span> <span class='ocrx_word' id='word_1_260' title='bbox 560 2362 718 2410; x_wconf 80' lang='grc'><strong>1729.</strong></span> <span class='ocrx_word' id='word_1_261' title='bbox 756 2360 827 2423; x_wconf 91' lang='lat'><strong>11,</strong></span> <span class='ocrx_word' id='word_1_262' title='bbox 854 2364 975 2411; x_wconf 82' lang='grc'><strong>514.</strong></span> <span class='ocrx_word' id='word_1_263' title='bbox 1028 2360 1079 2411; x_wconf 90' lang='lat' dir='ltr'><strong>S.</strong></span> <span class='ocrx_word' id='word_1_264' title='bbox 1107 2361 1342 2411; x_wconf 81' lang='lat' dir='ltr'><strong>Isidorus</strong></span> <span class='ocrx_word' id='word_1_265' title='bbox 1381 2362 1552 2427; x_wconf 85' lang='lat' dir='ltr'><strong>Hisp.,</strong></span> <span class='ocrx_word' id='word_1_266' title='bbox 1589 2360 2050 2426; x_wconf 83' lang='lat' dir='ltr'><strong>Etymologiarum</strong></span> <span class='ocrx_word' id='word_1_267' title='bbox 2087 2362 2177 2423; x_wconf 87' lang='lat' dir='ltr'><strong>VI,</strong></span> <span class='ocrx_word' id='word_1_268' title='bbox 2206 2364 2287 2411; x_wconf 82' lang='lat'><strong>15.</strong></span> <span class='ocrx_word' id='word_1_269' title='bbox 2315 2361 2396 2411; x_wconf 89' lang='lat' dir='ltr'><strong>ed.</strong></span> <span class='ocrx_word' id='word_1_270' title='bbox 2422 2361 2635 2410; x_wconf 85' lang='lat' dir='ltr'><strong>Arevali</strong></span> 
     </span>
     <span class='ocr_line' id='line_1_23' title="bbox 174 2442 2634 2513; baseline 0.003 -24"><span class='ocrx_word' id='word_1_271' title='bbox 174 2442 249 2500; x_wconf 78' lang='lat' dir='ltr'><strong>m,</strong></span> <span class='ocrx_word' id='word_1_272' title='bbox 273 2447 379 2495; x_wconf 77' lang='lat'><strong>262.</strong></span> <span class='ocrx_word' id='word_1_273' title='bbox 404 2464 447 2497; x_wconf 83' lang='lat' dir='ltr'><strong>s.</strong></span> <span class='ocrx_word' id='word_1_274' title='bbox 506 2448 713 2497; x_wconf 85' lang='lat' dir='ltr'><strong>Excusi</strong></span> <span class='ocrx_word' id='word_1_275' title='bbox 750 2448 893 2513; x_wconf 82' lang='lat' dir='ltr'><strong>typis</strong></span> <span class='ocrx_word' id='word_1_276' title='bbox 924 2450 1259 2513; x_wconf 84' lang='lat' dir='ltr'><strong>reperiuntur</strong></span> <span class='ocrx_word' id='word_1_277' title='bbox 1284 2449 1444 2498; x_wconf 86' lang='lat' dir='ltr'><strong>etiam</strong></span> <span class='ocrx_word' id='word_1_278' title='bbox 1471 2450 1527 2497; x_wconf 90' lang='lat' dir='ltr'><strong>in</strong></span> <span class='ocrx_word' id='word_1_279' title='bbox 1552 2448 1752 2513; x_wconf 86' lang='lat' dir='ltr'><strong>Migne,</strong></span> <span class='ocrx_word' id='word_1_280' title='bbox 1791 2448 1990 2497; x_wconf 85' lang='lat' dir='ltr'><strong>Patrol.</strong></span> <span class='ocrx_word' id='word_1_281' title='bbox 2019 2447 2106 2497; x_wconf 87' lang='lat' dir='ltr'><strong>Gr.</strong></span> <span class='ocrx_word' id='word_1_282' title='bbox 2133 2447 2304 2496; x_wconf 87' lang='lat' dir='ltr'><strong>XXII.</strong></span> <span class='ocrx_word' id='word_1_283' title='bbox 2332 2448 2454 2497; x_wconf 86' lang='lat' dir='ltr'><strong>Par.</strong></span> <span class='ocrx_word' id='word_1_284' title='bbox 2484 2449 2634 2497; x_wconf 81' lang='grc'><strong>1857.</strong></span> 
     </span>
     <span class='ocr_line' id='line_1_24' title="bbox 174 2534 2635 2600; baseline 0.002 -22"><span class='ocrx_word' id='word_1_285' title='bbox 174 2546 213 2593; x_wconf 88' lang='lat' dir='ltr'><strong>p.</strong></span> <span class='ocrx_word' id='word_1_286' title='bbox 236 2534 369 2581; x_wconf 81' lang='grc'><strong>1274.</strong></span> <span class='ocrx_word' id='word_1_287' title='bbox 400 2550 441 2583; x_wconf 92' lang='lat' dir='ltr'><strong>s.</strong></span> <span class='ocrx_word' id='word_1_288' title='bbox 490 2534 617 2600; x_wconf 90' lang='lat' dir='ltr'><strong>Ipse</strong></span> <span class='ocrx_word' id='word_1_289' title='bbox 654 2550 814 2599; x_wconf 90' lang='lat' dir='ltr'><strong>porro</strong></span> <span class='ocrx_word' id='word_1_290' title='bbox 851 2535 1119 2585; x_wconf 86' lang='lat' dir='ltr'><strong>Eusebius</strong></span> <span class='ocrx_word' id='word_1_291' title='bbox 1158 2535 1280 2585; x_wconf 90' lang='lat' dir='ltr'><strong>coll.</strong></span> <span class='ocrx_word' id='word_1_292' title='bbox 1316 2534 1456 2584; x_wconf 88' lang='lat' dir='ltr'><strong>Hist.</strong></span> <span class='ocrx_word' id='word_1_293' title='bbox 1482 2535 1627 2584; x_wconf 90' lang='lat' dir='ltr'><strong>Eccl.</strong></span> <span class='ocrx_word' id='word_1_294' title='bbox 1662 2534 1709 2598; x_wconf 92' lang='lat'><strong>1,</strong></span> <span class='ocrx_word' id='word_1_295' title='bbox 1739 2536 1785 2585; x_wconf 92' lang='grc'><strong>7.</strong></span> <span class='ocrx_word' id='word_1_296' title='bbox 1823 2550 1874 2599; x_wconf 89' lang='lat' dir='ltr'><strong>p.</strong></span> <span class='ocrx_word' id='word_1_297' title='bbox 1901 2537 2003 2595; x_wconf 89' lang='grc'><strong>20.,</strong></span> <span class='ocrx_word' id='word_1_298' title='bbox 2040 2534 2457 2599; x_wconf 79' lang='lat' dir='ltr'><strong>Evangeliorum</strong></span> <span class='ocrx_word' id='word_1_299' title='bbox 2495 2536 2635 2583; x_wconf 87' lang='lat' dir='ltr'><strong>inter</strong></span> 
     </span>
     <span class='ocr_line' id='line_1_25' title="bbox 173 2616 2634 2689; baseline 0.002 -26"><span class='ocrx_word' id='word_1_300' title='bbox 173 2632 217 2663; x_wconf 79' lang='lat' dir='ltr'><strong>se</strong></span> <span class='ocrx_word' id='word_1_301' title='bbox 247 2622 637 2670; x_wconf 83' lang='lat' dir='ltr'><strong>consensionem</strong></span> <span class='ocrx_word' id='word_1_302' title='bbox 678 2620 1145 2671; x_wconf 85' lang='lat' dir='ltr'><strong>demonstrandam</strong></span> <span class='ocrx_word' id='word_1_303' title='bbox 1184 2622 1443 2687; x_wconf 86' lang='lat' dir='ltr'><strong>suscepit,</strong></span> <span class='ocrx_word' id='word_1_304' title='bbox 1492 2620 1703 2670; x_wconf 92' lang='lat' dir='ltr'><strong>duobus</strong></span> <span class='ocrx_word' id='word_1_305' title='bbox 1737 2620 1889 2670; x_wconf 88' lang='lat' dir='ltr'><strong>libris</strong></span> <span class='ocrx_word' id='word_1_306' title='bbox 1927 2617 2072 2687; x_wconf 80' lang='grc' dir='ltr'>,,περὶ</span> <span class='ocrx_word' id='word_1_307' title='bbox 2107 2620 2204 2669; x_wconf 83' lang='grc' dir='ltr'><strong>τῶν</strong></span> <span class='ocrx_word' id='word_1_308' title='bbox 2255 2616 2300 2669; x_wconf 85' lang='grc' dir='ltr'><strong>ἓν</strong></span> <span class='ocrx_word' id='word_1_309' title='bbox 2340 2616 2634 2689; x_wconf 79' lang='grc' dir='ltr'><strong>εὖαγγελίοις</strong></span> 
     </span>
     <span class='ocr_line' id='line_1_26' title="bbox 172 2702 2636 2773; baseline -0.001 -16"><span class='ocrx_word' id='word_1_310' title='bbox 172 2702 425 2770; x_wconf 64' lang='grc' dir='ltr'>ζητημάτων</span> <span class='ocrx_word' id='word_1_311' title='bbox 460 2704 545 2755; x_wconf 75' lang='grc' dir='ltr'><strong>καὶ</strong></span> <span class='ocrx_word' id='word_1_312' title='bbox 584 2704 819 2756; x_wconf 71' lang='grc' dir='ltr'>λύσεων“</span> <span class='ocrx_word' id='word_1_313' title='bbox 857 2706 926 2757; x_wconf 82' lang='lat' dir='ltr'><strong>ad</strong></span> <span class='ocrx_word' id='word_1_314' title='bbox 964 2708 1321 2773; x_wconf 69' lang='lat' dir='ltr'><strong>Stephanum,</strong></span> <span class='ocrx_word' id='word_1_315' title='bbox 1366 2713 1527 2772; x_wconf 86' lang='lat' dir='ltr'><strong>atque</strong></span> <span class='ocrx_word' id='word_1_316' title='bbox 1571 2708 1728 2757; x_wconf 86' lang='lat' dir='ltr'><strong>tertio</strong></span> <span class='ocrx_word' id='word_1_317' title='bbox 1773 2707 2010 2756; x_wconf 88' lang='lat' dir='ltr'><strong>eiusdem</strong></span> <span class='ocrx_word' id='word_1_318' title='bbox 2054 2708 2349 2771; x_wconf 84' lang='lat' dir='ltr'><strong>argumenti</strong></span> <span class='ocrx_word' id='word_1_319' title='bbox 2389 2706 2526 2755; x_wconf 93' lang='lat' dir='ltr'><strong>libro</strong></span> <span class='ocrx_word' id='word_1_320' title='bbox 2567 2706 2636 2755; x_wconf 90' lang='lat' dir='ltr'><strong>ad</strong></span> 
     </span>
     <span class='ocr_line' id='line_1_27' title="bbox 172 2787 2631 2859; baseline 0.003 -24"><span class='ocrx_word' id='word_1_321' title='bbox 172 2787 398 2841; x_wconf 74' lang='lat' dir='ltr'><strong>Marinum</strong></span> <span class='ocrx_word' id='word_1_322' title='bbox 436 2794 703 2844; x_wconf 83' lang='lat' dir='ltr'><strong>dedicato.</strong></span> <span class='ocrx_word' id='word_1_323' title='bbox 738 2794 943 2843; x_wconf 89' lang='lat' dir='ltr'><strong>Horum</strong></span> <span class='ocrx_word' id='word_1_324' title='bbox 982 2795 1249 2859; x_wconf 87' lang='lat' dir='ltr'><strong>epitomen</strong></span> <span class='ocrx_word' id='word_1_325' title='bbox 1275 2793 1527 2845; x_wconf 87' lang='lat' dir='ltr'><strong>selectam</strong></span> <span class='ocrx_word' id='word_1_326' title='bbox 1554 2793 1715 2855; x_wconf 88' lang='lat' dir='ltr'><strong>dedit,</strong></span> <span class='ocrx_word' id='word_1_327' title='bbox 1756 2810 1784 2843; x_wconf 87' lang='lat' dir='ltr'><strong>e</strong></span> <span class='ocrx_word' id='word_1_328' title='bbox 1811 2793 1926 2843; x_wconf 91' lang='lat' dir='ltr'><strong>cod.</strong></span> <span class='ocrx_word' id='word_1_329' title='bbox 1953 2799 2060 2843; x_wconf 79' lang='lat' dir='ltr'><strong>vat.</strong></span> <span class='ocrx_word' id='word_1_330' title='bbox 2086 2792 2200 2842; x_wconf 85' lang='lat' dir='ltr'><strong>Pal.</strong></span> <span class='ocrx_word' id='word_1_331' title='bbox 2229 2792 2390 2843; x_wconf 87' lang='lat' dir='ltr'><strong>CXX.</strong></span> <span class='ocrx_word' id='word_1_332' title='bbox 2430 2794 2631 2843; x_wconf 86' lang='lat' dir='ltr'><strong>saeculi</strong></span> 
     </span>
     <span class='ocr_line' id='line_1_28' title="bbox 170 2866 2631 2946; baseline 0.002 -23"><span class='ocrx_word' id='word_1_333' title='bbox 170 2876 304 2927; x_wconf 80' lang='lat' dir='ltr'><strong>ferme</strong></span> <span class='ocrx_word' id='word_1_334' title='bbox 328 2879 535 2941; x_wconf 83' lang='lat' dir='ltr'><strong>decimi,</strong></span> <span class='ocrx_word' id='word_1_335' title='bbox 556 2881 795 2946; x_wconf 82' lang='lat' dir='ltr'><strong>Angelus</strong></span> <span class='ocrx_word' id='word_1_336' title='bbox 814 2882 940 2944; x_wconf 85' lang='lat' dir='ltr'><strong>Mai,</strong></span> <span class='ocrx_word' id='word_1_337' title='bbox 962 2881 1213 2931; x_wconf 90' lang='lat' dir='ltr'><strong>Biblioth.</strong></span> <span class='ocrx_word' id='word_1_338' title='bbox 1240 2896 1363 2930; x_wconf 77' lang='lat' dir='ltr'><strong>nov,</strong></span> <span class='ocrx_word' id='word_1_339' title='bbox 1390 2882 1533 2931; x_wconf 87' lang='lat' dir='ltr'><strong>Patr.</strong></span> <span class='ocrx_word' id='word_1_340' title='bbox 1559 2881 1652 2943; x_wconf 86' lang='lat' dir='ltr'><strong>IV,</strong></span> <span class='ocrx_word' id='word_1_341' title='bbox 1679 2882 1822 2945; x_wconf 84' lang='grc'><strong>217.;</strong></span> <span class='ocrx_word' id='word_1_342' title='bbox 1855 2866 2065 2945; x_wconf 73' lang='lat' dir='ltr'><strong>repetiit</strong></span> <span class='ocrx_word' id='word_1_343' title='bbox 2089 2880 2268 2945; x_wconf 83' lang='lat' dir='ltr'><strong>Migne</strong></span> <span class='ocrx_word' id='word_1_344' title='bbox 2293 2879 2631 2945; x_wconf 87' lang='lat' dir='ltr'><strong>Patrologiae</strong></span> 
     </span>
     <span class='ocr_line' id='line_1_29' title="bbox 170 2965 2627 3033; baseline 0 -19"><span class='ocrx_word' id='word_1_345' title='bbox 170 2978 377 3023; x_wconf 67' lang='lat' dir='ltr'><strong>graecae.</strong></span> <span class='ocrx_word' id='word_1_346' title='bbox 414 2968 543 3016; x_wconf 87' lang='lat' dir='ltr'><strong>Par.</strong></span> <span class='ocrx_word' id='word_1_347' title='bbox 572 2968 721 3017; x_wconf 81' lang='grc'><strong>1857.</strong></span> <span class='ocrx_word' id='word_1_348' title='bbox 760 2968 934 3030; x_wconf 85' lang='grc' dir='ltr'>ΧΧΠ,</span> <span class='ocrx_word' id='word_1_349' title='bbox 960 2968 1077 3017; x_wconf 87' lang='grc'><strong>879.</strong></span> <span class='ocrx_word' id='word_1_350' title='bbox 1104 2982 1146 3017; x_wconf 93' lang='lat' dir='ltr'><strong>s.</strong></span> <span class='ocrx_word' id='word_1_351' title='bbox 1199 2968 1391 3033; x_wconf 87' lang='lat' dir='ltr'><strong>Operis</strong></span> <span class='ocrx_word' id='word_1_352' title='bbox 1426 2969 1581 3017; x_wconf 89' lang='lat' dir='ltr'><strong>istius</strong></span> <span class='ocrx_word' id='word_1_353' title='bbox 1618 2973 1784 3017; x_wconf 87' lang='lat' dir='ltr'><strong>testes</strong></span> <span class='ocrx_word' id='word_1_354' title='bbox 1807 2972 2020 3032; x_wconf 84' lang='lat' dir='ltr'><strong>praeter</strong></span> <span class='ocrx_word' id='word_1_355' title='bbox 2044 2965 2222 3015; x_wconf 89' lang='lat' dir='ltr'><strong>locum</strong></span> <span class='ocrx_word' id='word_1_356' title='bbox 2246 2967 2300 3014; x_wconf 92' lang='lat' dir='ltr'><strong>in</strong></span> <span class='ocrx_word' id='word_1_357' title='bbox 2325 2968 2627 3015; x_wconf 89' lang='lat' dir='ltr'><strong>Demonstr.</strong></span> 
     </span>
     <span class='ocr_line' id='line_1_30' title="bbox 169 3051 2630 3119; baseline 0.003 -26"><span class='ocrx_word' id='word_1_358' title='bbox 169 3065 233 3096; x_wconf 72' lang='lat' dir='ltr'><strong>ov.</strong></span> <span class='ocrx_word' id='word_1_359' title='bbox 268 3051 375 3115; x_wconf 76' lang='lat' dir='ltr'><strong>vn,</strong></span> <span class='ocrx_word' id='word_1_360' title='bbox 410 3054 459 3103; x_wconf 84' lang='lat'><strong>3.</strong></span> <span class='ocrx_word' id='word_1_361' title='bbox 494 3070 553 3119; x_wconf 83' lang='lat' dir='ltr'><strong>p.</strong></span> <span class='ocrx_word' id='word_1_362' title='bbox 591 3056 728 3115; x_wconf 66' lang='lat'>353„</span> <span class='ocrx_word' id='word_1_363' title='bbox 778 3070 879 3103; x_wconf 90' lang='lat' dir='ltr'><strong>nec</strong></span> <span class='ocrx_word' id='word_1_364' title='bbox 915 3070 1021 3103; x_wconf 91' lang='lat' dir='ltr'><strong>non</strong></span> <span class='ocrx_word' id='word_1_365' title='bbox 1067 3070 1108 3104; x_wconf 88' lang='lat' dir='ltr'><strong>s.</strong></span> <span class='ocrx_word' id='word_1_366' title='bbox 1144 3054 1529 3119; x_wconf 77' lang='lat' dir='ltr'><strong>Hieronymum</strong></span> <span class='ocrx_word' id='word_1_367' title='bbox 1558 3082 1619 3090; x_wconf 92' lang='lat'>—</span> <span class='ocrx_word' id='word_1_368' title='bbox 1649 3053 1714 3102; x_wconf 89' lang='lat' dir='ltr'><strong>de</strong></span> <span class='ocrx_word' id='word_1_369' title='bbox 1750 3054 1847 3103; x_wconf 85' lang='lat' dir='ltr'><strong>vir.</strong></span> <span class='ocrx_word' id='word_1_370' title='bbox 1885 3052 1960 3102; x_wconf 91' lang='lat' dir='ltr'><strong>ill.</strong></span> <span class='ocrx_word' id='word_1_371' title='bbox 1999 3069 2042 3101; x_wconf 92' lang='lat' dir='ltr'><strong>c.</strong></span> <span class='ocrx_word' id='word_1_372' title='bbox 2081 3055 2164 3102; x_wconf 87' lang='lat'><strong>81.</strong></span> <span class='ocrx_word' id='word_1_373' title='bbox 2210 3069 2261 3118; x_wconf 91' lang='lat' dir='ltr'><strong>p.</strong></span> <span class='ocrx_word' id='word_1_374' title='bbox 2303 3054 2437 3115; x_wconf 68' lang='lat'><strong>167„</strong></span> <span class='ocrx_word' id='word_1_375' title='bbox 2477 3054 2630 3118; x_wconf 85' lang='lat' dir='ltr'><strong>epist.</strong></span> 
     </span>
     <span class='ocr_line' id='line_1_31' title="bbox 172 3138 2627 3207; baseline 0.003 -26"><span class='ocrx_word' id='word_1_376' title='bbox 172 3138 264 3185; x_wconf 73' lang='lat'><strong>120.</strong></span> <span class='ocrx_word' id='word_1_377' title='bbox 298 3138 361 3187; x_wconf 85' lang='lat' dir='ltr'><strong>ad</strong></span> <span class='ocrx_word' id='word_1_378' title='bbox 384 3140 677 3189; x_wconf 88' lang='lat' dir='ltr'><strong>Hedibiam</strong></span> <span class='ocrx_word' id='word_1_379' title='bbox 702 3156 747 3189; x_wconf 91' lang='lat' dir='ltr'><strong>c.</strong></span> <span class='ocrx_word' id='word_1_380' title='bbox 774 3142 825 3190; x_wconf 84' lang='lat'><strong>3.</strong></span> <span class='ocrx_word' id='word_1_381' title='bbox 852 3156 979 3207; x_wconf 68' lang='lat' dir='ltr'><strong>seq„</strong></span> <span class='ocrx_word' id='word_1_382' title='bbox 1016 3141 1110 3190; x_wconf 90' lang='lat' dir='ltr'><strong>ubi</strong></span> <span class='ocrx_word' id='word_1_383' title='bbox 1134 3140 1360 3190; x_wconf 89' lang='lat' dir='ltr'><strong>Eusebii</strong></span> <span class='ocrx_word' id='word_1_384' title='bbox 1386 3140 1456 3189; x_wconf 84' lang='lat' dir='ltr'><strong>ad</strong></span> <span class='ocrx_word' id='word_1_385' title='bbox 1480 3141 1746 3189; x_wconf 86' lang='lat' dir='ltr'><strong>Marinum</strong></span> <span class='ocrx_word' id='word_1_386' title='bbox 1772 3142 2109 3204; x_wconf 86' lang='lat' dir='ltr'><strong>quaestiones</strong></span> <span class='ocrx_word' id='word_1_387' title='bbox 2136 3154 2352 3204; x_wconf 88' lang='lat' dir='ltr'><strong>prorsus</strong></span> <span class='ocrx_word' id='word_1_388' title='bbox 2379 3140 2627 3203; x_wconf 85' lang='lat' dir='ltr'><strong>explicat,</strong></span> 
     </span>
     <span class='ocr_line' id='line_1_32' title="bbox 168 3225 2628 3293; baseline 0.001 -20"><span class='ocrx_word' id='word_1_389' title='bbox 168 3238 383 3289; x_wconf 79' lang='lat' dir='ltr'><strong>quaeque</strong></span> <span class='ocrx_word' id='word_1_390' title='bbox 428 3228 753 3293; x_wconf 82' lang='lat' dir='ltr'><strong>epitomator</strong></span> <span class='ocrx_word' id='word_1_391' title='bbox 789 3226 919 3276; x_wconf 78' lang='lat' dir='ltr'><strong>Maii</strong></span> <span class='ocrx_word' id='word_1_392' title='bbox 956 3227 1215 3293; x_wconf 82' lang='lat' dir='ltr'><strong>neglexit,</strong></span> <span class='ocrx_word' id='word_1_393' title='bbox 1263 3233 1387 3292; x_wconf 85' lang='lat' dir='ltr'><strong>apte</strong></span> <span class='ocrx_word' id='word_1_394' title='bbox 1438 3231 1762 3292; x_wconf 84' lang='lat' dir='ltr'><strong>compensat.</strong></span> <span class='ocrx_word' id='word_1_395' title='bbox 1799 3252 1866 3261; x_wconf 92' lang='lat'>—</span> <span class='ocrx_word' id='word_1_396' title='bbox 1903 3225 2092 3275; x_wconf 83' lang='lat' dir='ltr'><strong>laudat</strong></span> <span class='ocrx_word' id='word_1_397' title='bbox 2137 3225 2374 3290; x_wconf 87' lang='lat' dir='ltr'><strong>Angelus</strong></span> <span class='ocrx_word' id='word_1_398' title='bbox 2423 3226 2628 3275; x_wconf 86' lang='lat' dir='ltr'><strong>Maius:</strong></span> 
     </span>
     <span class='ocr_line' id='line_1_33' title="bbox 168 3308 2628 3378; baseline 0.003 -23"><span class='ocrx_word' id='word_1_399' title='bbox 168 3308 509 3375; x_wconf 75' lang='lat' dir='ltr'><strong>Sophronium,</strong></span> <span class='ocrx_word' id='word_1_400' title='bbox 538 3313 830 3373; x_wconf 83' lang='lat' dir='ltr'><strong>Ebediesu,</strong></span> <span class='ocrx_word' id='word_1_401' title='bbox 858 3312 1091 3376; x_wconf 82' lang='lat' dir='ltr'><strong>Suidam,</strong></span> <span class='ocrx_word' id='word_1_402' title='bbox 1129 3313 1421 3363; x_wconf 88' lang='lat' dir='ltr'><strong>Honorinm</strong></span> <span class='ocrx_word' id='word_1_403' title='bbox 1450 3313 1762 3378; x_wconf 81' lang='lat' dir='ltr'><strong>Augustod.,</strong></span> <span class='ocrx_word' id='word_1_404' title='bbox 1789 3311 2130 3362; x_wconf 86' lang='lat' dir='ltr'><strong>Anastasium</strong></span> <span class='ocrx_word' id='word_1_405' title='bbox 2157 3310 2429 3373; x_wconf 87' lang='lat' dir='ltr'><strong>Sinaitam,</strong></span> <span class='ocrx_word' id='word_1_406' title='bbox 2465 3311 2628 3362; x_wconf 86' lang='lat' dir='ltr'><strong>Geor-</strong></span> 
     </span>
     <span class='ocr_line' id='line_1_34' title="bbox 168 3396 2626 3465; baseline -0.002 -13"><span class='ocrx_word' id='word_1_407' title='bbox 168 3396 283 3452; x_wconf 59' lang='lat' dir='ltr'><strong>aium</strong></span> <span class='ocrx_word' id='word_1_408' title='bbox 326 3398 722 3461; x_wconf 76' lang='lat' dir='ltr'><strong>Hamartolum,</strong></span> <span class='ocrx_word' id='word_1_409' title='bbox 772 3400 1065 3448; x_wconf 84' lang='lat' dir='ltr'><strong>Macarium</strong></span> <span class='ocrx_word' id='word_1_410' title='bbox 1118 3398 1634 3465; x_wconf 81' lang='lat' dir='ltr'><strong>Chrysocephalum,</strong></span> <span class='ocrx_word' id='word_1_411' title='bbox 1684 3399 1951 3448; x_wconf 60' lang='lat' dir='ltr'><strong>«Ioannem</strong></span> <span class='ocrx_word' id='word_1_412' title='bbox 2003 3399 2260 3460; x_wconf 87' lang='lat' dir='ltr'><strong>Siculum,</strong></span> <span class='ocrx_word' id='word_1_413' title='bbox 2312 3398 2626 3461; x_wconf 72' lang='lat' dir='ltr'><strong>Cedmnum,</strong></span> 
     </span>
     <span class='ocr_line' id='line_1_35' title="bbox 168 3482 2626 3552; baseline 0.002 -25"><span class='ocrx_word' id='word_1_414' title='bbox 168 3482 493 3549; x_wconf 77' lang='lat' dir='ltr'><strong>Nicephorum</strong></span> <span class='ocrx_word' id='word_1_415' title='bbox 536 3486 688 3548; x_wconf 87' lang='lat' dir='ltr'><strong>Call.,</strong></span> <span class='ocrx_word' id='word_1_416' title='bbox 728 3486 1089 3549; x_wconf 83' lang='lat' dir='ltr'><strong>Trithemium,</strong></span> <span class='ocrx_word' id='word_1_417' title='bbox 1130 3487 1387 3552; x_wconf 84' lang='lat' dir='ltr'><strong>aliosque.</strong></span> <span class='ocrx_word' id='word_1_418' title='bbox 1450 3486 1730 3550; x_wconf 89' lang='lat' dir='ltr'><strong>Specimen</strong></span> <span class='ocrx_word' id='word_1_419' title='bbox 1769 3485 1985 3550; x_wconf 82' lang='lat' dir='ltr'><strong>aliquod</strong></span> <span class='ocrx_word' id='word_1_420' title='bbox 2025 3485 2356 3535; x_wconf 87' lang='lat' dir='ltr'><strong>Concordiae</strong></span> <span class='ocrx_word' id='word_1_421' title='bbox 2400 3500 2626 3549; x_wconf 84' lang='lat' dir='ltr'><strong>evange—</strong></span> 
     </span>
     <span class='ocr_line' id='line_1_36' title="bbox 168 3566 2626 3639; baseline 0.002 -23"><span class='ocrx_word' id='word_1_422' title='bbox 168 3566 281 3619; x_wconf 83' lang='lat' dir='ltr'><strong>licae</strong></span> <span class='ocrx_word' id='word_1_423' title='bbox 325 3573 561 3623; x_wconf 80' lang='lat' dir='ltr'><strong>exhibuit</strong></span> <span class='ocrx_word' id='word_1_424' title='bbox 605 3573 707 3623; x_wconf 90' lang='lat' dir='ltr'><strong>hoc</strong></span> <span class='ocrx_word' id='word_1_425' title='bbox 752 3575 869 3639; x_wconf 88' lang='lat' dir='ltr'><strong>ipso</strong></span> <span class='ocrx_word' id='word_1_426' title='bbox 906 3573 1125 3623; x_wconf 87' lang='lat' dir='ltr'><strong>saeculo</strong></span> <span class='ocrx_word' id='word_1_427' title='bbox 1173 3578 1363 3639; x_wconf 87' lang='lat' dir='ltr'><strong>quarto</strong></span> <span class='ocrx_word' id='word_1_428' title='bbox 1413 3588 1453 3621; x_wconf 89' lang='lat' dir='ltr'><strong>s.</strong></span> <span class='ocrx_word' id='word_1_429' title='bbox 1488 3572 1960 3638; x_wconf 88' lang='lat' dir='ltr'><strong>Epiphanius,</strong></span> <span class='ocrx_word' id='word_1_430' title='bbox 2011 3571 2358 3621; x_wconf 79' lang='lat' dir='ltr'><strong>constantiae</strong></span> <span class='ocrx_word' id='word_1_431' title='bbox 2398 3587 2535 3637; x_wconf 91' lang='lat' dir='ltr'><strong>quae</strong></span> <span class='ocrx_word' id='word_1_432' title='bbox 2572 3573 2626 3621; x_wconf 90' lang='lat' dir='ltr'><strong>in</strong></span> 
     </span>
     <span class='ocr_line' id='line_1_37' title="bbox 169 3655 2624 3727; baseline 0 -20"><span class='ocrx_word' id='word_1_433' title='bbox 169 3655 317 3721; x_wconf 67' lang='lat' dir='ltr'><strong>Cypro</strong></span> <span class='ocrx_word' id='word_1_434' title='bbox 352 3667 433 3709; x_wconf 86' lang='lat' dir='ltr'><strong>est</strong></span> <span class='ocrx_word' id='word_1_435' title='bbox 467 3662 773 3726; x_wconf 89' lang='lat' dir='ltr'><strong>episcopus,</strong></span> <span class='ocrx_word' id='word_1_436' title='bbox 812 3676 899 3725; x_wconf 92' lang='lat' dir='ltr'><strong>op.</strong></span> <span class='ocrx_word' id='word_1_437' title='bbox 937 3660 1081 3725; x_wconf 89' lang='lat' dir='ltr'><strong>quod</strong></span> <span class='ocrx_word' id='word_1_438' title='bbox 1116 3656 1357 3727; x_wconf 85' lang='grc' dir='ltr'><strong>Πανάριον</strong></span> <span class='ocrx_word' id='word_1_439' title='bbox 1391 3659 1696 3709; x_wconf 80' lang='lat' dir='ltr'><strong>inscribitur</strong></span> <span class='ocrx_word' id='word_1_440' title='bbox 1733 3659 1802 3708; x_wconf 91' lang='lat' dir='ltr'><strong>II.</strong></span> <span class='ocrx_word' id='word_1_441' title='bbox 1842 3663 1886 3721; x_wconf 91' lang='lat'><strong>1,</strong></span> <span class='ocrx_word' id='word_1_442' title='bbox 1923 3661 2006 3708; x_wconf 86' lang='lat'><strong>51.</strong></span> <span class='ocrx_word' id='word_1_443' title='bbox 2067 3658 2353 3724; x_wconf 81' lang='lat' dir='ltr'><strong>Alogorum</strong></span> <span class='ocrx_word' id='word_1_444' title='bbox 2391 3657 2535 3708; x_wconf 89' lang='lat' dir='ltr'><strong>haer.</strong></span> <span class='ocrx_word' id='word_1_445' title='bbox 2572 3675 2624 3724; x_wconf 91' lang='lat' dir='ltr'><strong>p.</strong></span> 
     </span>
     <span class='ocr_line' id='line_1_38' title="bbox 168 3742 2626 3811; baseline 0.003 -24"><span class='ocrx_word' id='word_1_446' title='bbox 168 3742 263 3791; x_wconf 69' lang='lat'><strong>4:22.</strong></span> <span class='ocrx_word' id='word_1_447' title='bbox 298 3762 335 3794; x_wconf 85' lang='lat' dir='ltr'><strong>s.</strong></span> <span class='ocrx_word' id='word_1_448' title='bbox 390 3746 519 3797; x_wconf 90' lang='lat' dir='ltr'><strong>Huc</strong></span> <span class='ocrx_word' id='word_1_449' title='bbox 562 3749 753 3797; x_wconf 89' lang='lat' dir='ltr'><strong>merito</strong></span> <span class='ocrx_word' id='word_1_450' title='bbox 802 3747 1027 3796; x_wconf 82' lang='lat' dir='ltr'><strong>refertur</strong></span> <span class='ocrx_word' id='word_1_451' title='bbox 1074 3748 1231 3795; x_wconf 90' lang='lat' dir='ltr'><strong>etiam</strong></span> <span class='ocrx_word' id='word_1_452' title='bbox 1271 3746 1329 3795; x_wconf 92' lang='lat' dir='ltr'><strong>C.</strong></span> <span class='ocrx_word' id='word_1_453' title='bbox 1368 3747 1432 3795; x_wconf 88' lang='lat' dir='ltr'><strong>V.</strong></span> <span class='ocrx_word' id='word_1_454' title='bbox 1472 3746 1567 3811; x_wconf 82' lang='lat' dir='ltr'><strong>Aq.</strong></span> <span class='ocrx_word' id='word_1_455' title='bbox 1605 3746 1644 3795; x_wconf 86' lang='lat' dir='ltr'><strong>J</strong></span> <span class='ocrx_word' id='word_1_456' title='bbox 1657 3746 1935 3806; x_wconf 82' lang='lat' dir='ltr'><strong>uvenci,</strong></span> <span class='ocrx_word' id='word_1_457' title='bbox 1975 3745 2245 3794; x_wconf 87' lang='lat' dir='ltr'><strong>Historiae</strong></span> <span class='ocrx_word' id='word_1_458' title='bbox 2285 3745 2626 3809; x_wconf 82' lang='lat' dir='ltr'><strong>evangelicae</strong></span> 
     </span>
     <span class='ocr_line' id='line_1_39' title="bbox 168 3826 2624 3896; baseline 0.001 -19"><span class='ocrx_word' id='word_1_459' title='bbox 168 3826 193 3874; x_wconf 92' lang='grc' dir='ltr'><strong>Ι.</strong></span> <span class='ocrx_word' id='word_1_460' title='bbox 222 3828 301 3879; x_wconf 77' lang='lat' dir='ltr'><strong>lv,</strong></span> <span class='ocrx_word' id='word_1_461' title='bbox 334 3848 379 3881; x_wconf 90' lang='lat' dir='ltr'><strong>c.</strong></span> <span class='ocrx_word' id='word_1_462' title='bbox 411 3850 464 3882; x_wconf 91' lang='lat' dir='ltr'><strong>n.</strong></span> <span class='ocrx_word' id='word_1_463' title='bbox 500 3850 553 3882; x_wconf 78' lang='lat' dir='ltr'><strong>v,</strong></span> <span class='ocrx_word' id='word_1_464' title='bbox 579 3860 646 3869; x_wconf 90' lang='lat'>—</span> <span class='ocrx_word' id='word_1_465' title='bbox 674 3832 757 3883; x_wconf 92' lang='lat' dir='ltr'><strong>ed.</strong></span> <span class='ocrx_word' id='word_1_466' title='bbox 796 3832 1026 3883; x_wconf 86' lang='lat' dir='ltr'><strong>Reusch.</strong></span> <span class='ocrx_word' id='word_1_467' title='bbox 1064 3833 1312 3883; x_wconf 79' lang='lat' dir='ltr'><strong>Francos.</strong></span> <span class='ocrx_word' id='word_1_468' title='bbox 1356 3834 1505 3882; x_wconf 93' lang='grc'><strong>1710.</strong></span> <span class='ocrx_word' id='word_1_469' title='bbox 1556 3833 1617 3881; x_wconf 83' lang='lat' dir='ltr'><strong>F.</strong></span> <span class='ocrx_word' id='word_1_470' title='bbox 1658 3831 1932 3881; x_wconf 84' lang='lat' dir='ltr'><strong>Arevnlus.</strong></span> <span class='ocrx_word' id='word_1_471' title='bbox 1971 3831 2121 3880; x_wconf 85' lang='lat' dir='ltr'><strong>Rom.</strong></span> <span class='ocrx_word' id='word_1_472' title='bbox 2159 3833 2308 3881; x_wconf 88' lang='grc'><strong>1792.</strong></span> <span class='ocrx_word' id='word_1_473' title='bbox 2337 3861 2401 3867; x_wconf 90' lang='grc'><strong>-</strong></span> <span class='ocrx_word' id='word_1_474' title='bbox 2428 3833 2480 3881; x_wconf 90' lang='lat' dir='ltr'><strong>in</strong></span> <span class='ocrx_word' id='word_1_475' title='bbox 2521 3847 2624 3896; x_wconf 92' lang='lat' dir='ltr'><strong>quo</strong></span> 
     </span>
     <span class='ocr_line' id='line_1_40' title="bbox 170 3912 2624 3985; baseline 0.001 -20"><span class='ocrx_word' id='word_1_476' title='bbox 170 3924 379 3975; x_wconf 73' lang='lat' dir='ltr'><strong>poemate</strong></span> <span class='ocrx_word' id='word_1_477' title='bbox 424 3934 611 3982; x_wconf 84' lang='lat' dir='ltr'><strong>sacro,</strong></span> <span class='ocrx_word' id='word_1_478' title='bbox 658 3920 847 3970; x_wconf 89' lang='lat' dir='ltr'><strong>labore</strong></span> <span class='ocrx_word' id='word_1_479' title='bbox 890 3919 1273 3985; x_wconf 86' lang='lat' dir='ltr'><strong>propemodum</strong></span> <span class='ocrx_word' id='word_1_480' title='bbox 1322 3919 1571 3969; x_wconf 88' lang='lat' dir='ltr'><strong>herculeo</strong></span> <span class='ocrx_word' id='word_1_481' title='bbox 1623 3934 1707 3968; x_wconf 89' lang='lat' dir='ltr'><strong>res</strong></span> <span class='ocrx_word' id='word_1_482' title='bbox 1745 3919 1876 3968; x_wconf 88' lang='lat' dir='ltr'><strong>Jesu</strong></span> <span class='ocrx_word' id='word_1_483' title='bbox 1917 3917 2111 3968; x_wconf 89' lang='lat' dir='ltr'><strong>Christi</strong></span> <span class='ocrx_word' id='word_1_484' title='bbox 2148 3912 2214 3967; x_wconf 81' lang='lat' dir='ltr'><strong>ex</strong></span> <span class='ocrx_word' id='word_1_485' title='bbox 2249 3917 2624 3983; x_wconf 85' lang='lat' dir='ltr'><strong>limpidissimis</strong></span> 
     </span>
     <span class='ocr_line' id='line_1_41' title="bbox 168 4000 2628 4071; baseline 0.001 -21"><span class='ocrx_word' id='word_1_486' title='bbox 168 4000 252 4051; x_wconf 81' lang='lat' dir='ltr'><strong>illis</strong></span> <span class='ocrx_word' id='word_1_487' title='bbox 296 4012 521 4070; x_wconf 85' lang='lat' dir='ltr'><strong>quatuor</strong></span> <span class='ocrx_word' id='word_1_488' title='bbox 564 4008 809 4057; x_wconf 82' lang='lat' dir='ltr'><strong>fontibus</strong></span> <span class='ocrx_word' id='word_1_489' title='bbox 855 4006 1160 4057; x_wconf 86' lang='lat' dir='ltr'><strong>felicissime</strong></span> <span class='ocrx_word' id='word_1_490' title='bbox 1208 4004 1467 4071; x_wconf 79' lang='lat' dir='ltr'><strong>reddidit3</strong></span> <span class='ocrx_word' id='word_1_491' title='bbox 1523 4022 1742 4055; x_wconf 89' lang='lat' dir='ltr'><strong>numero</strong></span> <span class='ocrx_word' id='word_1_492' title='bbox 1795 4020 2008 4070; x_wconf 88' lang='lat' dir='ltr'><strong>quoque</strong></span> <span class='ocrx_word' id='word_1_493' title='bbox 2041 4006 2292 4069; x_wconf 72' lang='lat' dir='ltr'><strong>poetico,</strong></span> <span class='ocrx_word' id='word_1_494' title='bbox 2342 4008 2402 4053; x_wconf 89' lang='lat' dir='ltr'><strong>ut</strong></span> <span class='ocrx_word' id='word_1_495' title='bbox 2447 4003 2628 4053; x_wconf 87' lang='lat' dir='ltr'><strong>decuit</strong></span> 
     </span>
     <span class='ocr_line' id='line_1_42' title="bbox 170 4092 2626 4158; baseline 0 -20"><span class='ocrx_word' id='word_1_496' title='bbox 170 4092 361 4141; x_wconf 78' lang='lat' dir='ltr'><strong>maxime</strong></span> <span class='ocrx_word' id='word_1_497' title='bbox 420 4094 703 4143; x_wconf 87' lang='lat' dir='ltr'><strong>concinno.</strong></span> <span class='ocrx_word' id='word_1_498' title='bbox 782 4094 867 4142; x_wconf 83' lang='lat' dir='ltr'><strong>Ex</strong></span> <span class='ocrx_word' id='word_1_499' title='bbox 926 4092 1143 4143; x_wconf 88' lang='lat' dir='ltr'><strong>saeculo</strong></span> <span class='ocrx_word' id='word_1_500' title='bbox 1204 4093 1387 4158; x_wconf 92' lang='lat' dir='ltr'><strong>quinto</strong></span> <span class='ocrx_word' id='word_1_501' title='bbox 1448 4097 1734 4157; x_wconf 87' lang='lat' dir='ltr'><strong>augustum</strong></span> <span class='ocrx_word' id='word_1_502' title='bbox 1794 4092 1900 4141; x_wconf 89' lang='lat' dir='ltr'><strong>huc</strong></span> <span class='ocrx_word' id='word_1_503' title='bbox 1959 4092 2231 4156; x_wconf 88' lang='lat' dir='ltr'><strong>pertinens</strong></span> <span class='ocrx_word' id='word_1_504' title='bbox 2291 4106 2484 4139; x_wconf 88' lang='lat' dir='ltr'><strong>nomen</strong></span> <span class='ocrx_word' id='word_1_505' title='bbox 2545 4096 2626 4139; x_wconf 90' lang='lat' dir='ltr'><strong>est</strong></span> 
     </span>
     <span class='ocr_line' id='line_1_43' title="bbox 171 4174 2626 4245; baseline 0.001 -22"><span class='ocrx_word' id='word_1_506' title='bbox 171 4174 211 4223; x_wconf 56' lang='grc' dir='ltr'><strong>δ’.</strong></span> <span class='ocrx_word' id='word_1_507' title='bbox 241 4176 635 4244; x_wconf 77' lang='lat' dir='ltr'><strong>Augustini,</strong></span> <span class='ocrx_word' id='word_1_508' title='bbox 690 4178 1057 4245; x_wconf 87' lang='lat' dir='ltr'><strong>Hipponensis</strong></span> <span class='ocrx_word' id='word_1_509' title='bbox 1106 4180 1296 4244; x_wconf 83' lang='lat' dir='ltr'><strong>episc.;</strong></span> <span class='ocrx_word' id='word_1_510' title='bbox 1354 4180 1443 4243; x_wconf 91' lang='lat' dir='ltr'><strong>qui</strong></span> <span class='ocrx_word' id='word_1_511' title='bbox 1494 4179 1868 4243; x_wconf 87' lang='lat' dir='ltr'><strong>operosissima</strong></span> <span class='ocrx_word' id='word_1_512' title='bbox 1916 4177 2286 4228; x_wconf 81' lang='lat' dir='ltr'><strong>lucubratione</strong></span> <span class='ocrx_word' id='word_1_513' title='bbox 2323 4204 2386 4211; x_wconf 95' lang='lat'><strong>—</strong></span> <span class='ocrx_word' id='word_1_514' title='bbox 2425 4178 2626 4241; x_wconf 88' lang='lat' dir='ltr'><strong>scripta</strong></span> 
     </span>
     <span class='ocr_line' id='line_1_44' title="bbox 172 4262 2624 4331; baseline -0.001 -18"><span class='ocrx_word' id='word_1_515' title='bbox 172 4276 323 4313; x_wconf 62' lang='lat' dir='ltr'><strong>versus</strong></span> <span class='ocrx_word' id='word_1_516' title='bbox 367 4280 565 4316; x_wconf 85' lang='lat' dir='ltr'><strong>annum</strong></span> <span class='ocrx_word' id='word_1_517' title='bbox 602 4268 723 4315; x_wconf 83' lang='grc'><strong>400.</strong></span> <span class='ocrx_word' id='word_1_518' title='bbox 762 4282 813 4331; x_wconf 90' lang='lat' dir='ltr'><strong>p.</strong></span> <span class='ocrx_word' id='word_1_519' title='bbox 853 4266 914 4316; x_wconf 89' lang='lat' dir='ltr'><strong>C.</strong></span> <span class='ocrx_word' id='word_1_520' title='bbox 949 4282 1002 4315; x_wconf 89' lang='lat' dir='ltr'><strong>n.</strong></span> <span class='ocrx_word' id='word_1_521' title='bbox 1037 4292 1104 4301; x_wconf 92' lang='lat'>—</span> <span class='ocrx_word' id='word_1_522' title='bbox 1142 4264 1240 4327; x_wconf 82' lang='lat' dir='ltr'><strong>„de</strong></span> <span class='ocrx_word' id='word_1_523' title='bbox 1286 4280 1551 4315; x_wconf 89' lang='lat' dir='ltr'><strong>consensu</strong></span> <span class='ocrx_word' id='word_1_524' title='bbox 1590 4265 2052 4329; x_wconf 84' lang='lat' dir='ltr'><strong>Evangelistarum</strong></span> <span class='ocrx_word' id='word_1_525' title='bbox 2099 4262 2221 4312; x_wconf 88' lang='lat' dir='ltr'><strong>libri</strong></span> <span class='ocrx_word' id='word_1_526' title='bbox 2259 4267 2518 4326; x_wconf 85' lang='lat' dir='ltr'><strong>quatuor“</strong></span> <span class='ocrx_word' id='word_1_527' title='bbox 2557 4290 2624 4299; x_wconf 93' lang='lat'><strong>—-</strong></span> 
     </span>
     <span class='ocr_line' id='line_1_45' title="bbox 172 4345 2621 4419; baseline 0 -20"><span class='ocrx_word' id='word_1_528' title='bbox 172 4345 384 4412; x_wconf 73' lang='lat' dir='ltr'><strong>leguntur</strong></span> <span class='ocrx_word' id='word_1_529' title='bbox 404 4354 460 4401; x_wconf 88' lang='lat' dir='ltr'><strong>in</strong></span> <span class='ocrx_word' id='word_1_530' title='bbox 484 4360 637 4419; x_wconf 85' lang='lat' dir='ltr'><strong>parte</strong></span> <span class='ocrx_word' id='word_1_531' title='bbox 664 4351 835 4402; x_wconf 85' lang='lat' dir='ltr'><strong>altera</strong></span> <span class='ocrx_word' id='word_1_532' title='bbox 859 4357 895 4402; x_wconf 83' lang='lat' dir='ltr'><strong>t.</strong></span> <span class='ocrx_word' id='word_1_533' title='bbox 914 4352 1011 4401; x_wconf 94' lang='lat' dir='ltr'><strong>III.</strong></span> <span class='ocrx_word' id='word_1_534' title='bbox 1038 4353 1195 4417; x_wconf 89' lang='lat' dir='ltr'><strong>scrip.</strong></span> <span class='ocrx_word' id='word_1_535' title='bbox 1224 4368 1264 4401; x_wconf 87' lang='lat' dir='ltr'><strong>s.</strong></span> <span class='ocrx_word' id='word_1_536' title='bbox 1294 4352 1543 4402; x_wconf 90' lang='lat' dir='ltr'><strong>Doctoris</strong></span> <span class='ocrx_word' id='word_1_537' title='bbox 1577 4352 1887 4417; x_wconf 85' lang='lat' dir='ltr'><strong>praeclarae</strong></span> <span class='ocrx_word' id='word_1_538' title='bbox 1922 4352 2066 4400; x_wconf 89' lang='lat' dir='ltr'><strong>illius</strong></span> <span class='ocrx_word' id='word_1_539' title='bbox 2104 4348 2350 4398; x_wconf 90' lang='lat' dir='ltr'><strong>editionis</strong></span> <span class='ocrx_word' id='word_1_540' title='bbox 2389 4348 2621 4415; x_wconf 88' lang='lat' dir='ltr'><strong>Operum</strong></span> 
     </span>
     <span class='ocr_line' id='line_1_46' title="bbox 172 4430 2622 4504; baseline 0.001 -21"><span class='ocrx_word' id='word_1_541' title='bbox 172 4430 211 4479; x_wconf 64' lang='lat' dir='ltr'>S</span> <span class='ocrx_word' id='word_1_542' title='bbox 240 4436 308 4497; x_wconf 66' lang='lat' dir='ltr'><strong>P„</strong></span> <span class='ocrx_word' id='word_1_543' title='bbox 344 4455 501 4504; x_wconf 88' lang='lat' dir='ltr'><strong>quam</strong></span> <span class='ocrx_word' id='word_1_544' title='bbox 535 4438 815 4489; x_wconf 88' lang='lat' dir='ltr'><strong>monachis</strong></span> <span class='ocrx_word' id='word_1_545' title='bbox 851 4437 1215 4487; x_wconf 88' lang='lat' dir='ltr'><strong>Benedictinis</strong></span> <span class='ocrx_word' id='word_1_546' title='bbox 1254 4454 1407 4503; x_wconf 86' lang='lat' dir='ltr'><strong>cong.</strong></span> <span class='ocrx_word' id='word_1_547' title='bbox 1448 4437 1499 4486; x_wconf 86' lang='lat' dir='ltr'><strong>S.</strong></span> <span class='ocrx_word' id='word_1_548' title='bbox 1537 4440 1714 4487; x_wconf 88' lang='lat' dir='ltr'><strong>Mauri</strong></span> <span class='ocrx_word' id='word_1_549' title='bbox 1751 4438 1893 4488; x_wconf 90' lang='lat' dir='ltr'><strong>orbis</strong></span> <span class='ocrx_word' id='word_1_550' title='bbox 1939 4436 2232 4486; x_wconf 85' lang='lat' dir='ltr'><strong>catholicus</strong></span> <span class='ocrx_word' id='word_1_551' title='bbox 2270 4436 2430 4485; x_wconf 88' lang='lat' dir='ltr'><strong>debet</strong></span> <span class='ocrx_word' id='word_1_552' title='bbox 2465 4464 2532 4473; x_wconf 89' lang='lat'>—</span> <span class='ocrx_word' id='word_1_553' title='bbox 2569 4439 2622 4486; x_wconf 89' lang='lat' dir='ltr'><strong>in</strong></span> 
     </span>
     <span class='ocr_line' id='line_1_47' title="bbox 172 4522 2622 4591; baseline 0.002 -24"><span class='ocrx_word' id='word_1_554' title='bbox 172 4522 397 4574; x_wconf 77' lang='lat' dir='ltr'><strong>rationem</strong></span> <span class='ocrx_word' id='word_1_555' title='bbox 430 4532 729 4591; x_wconf 87' lang='lat' dir='ltr'><strong>temporum</strong></span> <span class='ocrx_word' id='word_1_556' title='bbox 765 4525 885 4574; x_wconf 86' lang='lat' dir='ltr'><strong>fuse</strong></span> <span class='ocrx_word' id='word_1_557' title='bbox 920 4530 1083 4589; x_wconf 87' lang='lat' dir='ltr'><strong>atque</strong></span> <span class='ocrx_word' id='word_1_558' title='bbox 1120 4523 1327 4573; x_wconf 88' lang='lat' dir='ltr'><strong>erudite</strong></span> <span class='ocrx_word' id='word_1_559' title='bbox 1363 4525 1609 4589; x_wconf 81' lang='lat' dir='ltr'><strong>inquirit3</strong></span> <span class='ocrx_word' id='word_1_560' title='bbox 1660 4528 1714 4574; x_wconf 90' lang='lat' dir='ltr'><strong>et</strong></span> <span class='ocrx_word' id='word_1_561' title='bbox 1750 4524 1987 4573; x_wconf 89' lang='lat' dir='ltr'><strong>ordinem</strong></span> <span class='ocrx_word' id='word_1_562' title='bbox 2023 4523 2360 4573; x_wconf 85' lang='lat' dir='ltr'><strong>historiarum</strong></span> <span class='ocrx_word' id='word_1_563' title='bbox 2396 4525 2622 4573; x_wconf 77' lang='lat' dir='ltr'><strong>maxime</strong></span> 
     </span>
     <span class='ocr_line' id='line_1_48' title="bbox 174 4606 2620 4678; baseline 0.002 -24"><span class='ocrx_word' id='word_1_564' title='bbox 174 4606 397 4660; x_wconf 76' lang='lat' dir='ltr'><strong>sollicitus</strong></span> <span class='ocrx_word' id='word_1_565' title='bbox 440 4612 710 4678; x_wconf 84' lang='lat' dir='ltr'><strong>expendit.</strong></span> <span class='ocrx_word' id='word_1_566' title='bbox 770 4612 844 4661; x_wconf 81' lang='lat' dir='ltr'><strong>Et</strong></span> <span class='ocrx_word' id='word_1_567' title='bbox 888 4610 1103 4677; x_wconf 83' lang='lat' dir='ltr'><strong>quidem</strong></span> <span class='ocrx_word' id='word_1_568' title='bbox 1137 4609 1174 4659; x_wconf 94' lang='grc'><strong>1.</strong></span> <span class='ocrx_word' id='word_1_569' title='bbox 1212 4610 1255 4659; x_wconf 91' lang='lat'><strong>1.</strong></span> <span class='ocrx_word' id='word_1_570' title='bbox 1290 4612 1454 4661; x_wconf 85' lang='lat' dir='ltr'><strong>tradit</strong></span> <span class='ocrx_word' id='word_1_571' title='bbox 1496 4611 1770 4677; x_wconf 82' lang='lat' dir='ltr'><strong>generalia</strong></span> <span class='ocrx_word' id='word_1_572' title='bbox 1814 4612 2077 4676; x_wconf 84' lang='lat' dir='ltr'><strong>quaedam</strong></span> <span class='ocrx_word' id='word_1_573' title='bbox 2115 4610 2258 4659; x_wconf 84' lang='lat' dir='ltr'><strong>circa</strong></span> <span class='ocrx_word' id='word_1_574' title='bbox 2293 4611 2620 4675; x_wconf 81' lang='lat' dir='ltr'><strong>Evangelia3</strong></span> 
     </span>
     <span class='ocr_line' id='line_1_49' title="bbox 256 4696 2310 4751; baseline 0.003 -12"><span class='ocrx_word' id='word_1_575' title='bbox 256 4700 447 4751; x_wconf 78' lang='lat' dir='ltr'><strong>Danko,</strong></span> <span class='ocrx_word' id='word_1_576' title='bbox 474 4704 589 4745; x_wconf 68' lang='lat' dir='ltr'><strong>nist.</strong></span> <span class='ocrx_word' id='word_1_577' title='bbox 622 4704 925 4746; x_wconf 77' lang='lat' dir='ltr'><strong>Revelationis</strong></span> <span class='ocrx_word' id='word_1_578' title='bbox 950 4702 1141 4744; x_wconf 81' lang='lat' dir='ltr'><strong>divinae.</strong></span> <span class='ocrx_word' id='word_1_579' title='bbox 1170 4701 1225 4742; x_wconf 85' lang='lat'><strong>11.</strong></span> <span class='ocrx_word' id='word_1_580' title='bbox 2275 4696 2310 4745; x_wconf 89' lang='lat' dir='ltr'><strong>b</strong></span> 
     </span>
    </p>
   </div>
  </div>
 </body>
</html>
