3267 5259
1071 456 1194 500 Prior
1219 455 1408 509 epistola
1434 458 1489 499 ad
1518 454 1808 501 Timotheum.
2551 444 2684 511 403

366 738 429 817 ξ.
482 738 585 804 80.
647 736 908 801 Prima
952 735 1049 801 ad
1094 736 1158 801 b.
1204 736 1704 802 Timotheum
1751 736 1814 801 d.
1855 734 2082 801 Pauli
2129 735 2499 822 epistola.

390 926 678 992 Beatum
736 925 1151 993 Timotheum
1213 927 1587 1014 Ephesinae
1633 926 1975 993 Ecclesiae
2024 928 2476 1013 episcopatum
2519 949 2563 1013 p
2584 927 2681 990 ri-

182 1060 391 1103 murn
482 1041 761 1124 gessisse
845 1049 1111 1105 narrant
1176 1040 1455 1105 Veteres
1478 1044 1516 1104 ¹.
1613 1038 1786 1104 Illud
1864 1061 2023 1104 vero
2091 1049 2319 1105 notatu
2386 1041 2680 1125 apprime

184 1149 457 1235 dignum
508 1161 633 1216 est:
678 1160 901 1217 tantae
931 1154 1269 1237 gravitatis
1299 1174 1534 1217 munus
1565 1151 1909 1218 Timotheo
1941 1150 2136 1216 valde
2172 1151 2386 1216 adhuc
2417 1152 2634 1217 iuveni
2654 1153 2680 1194 ²

185 1262 265 1327 ob
312 1266 627 1350 egregias
667 1262 851 1329 dotes
886 1266 1266 1351 contigisse3
1312 1264 1489 1329 unde
1536 1265 1786 1329 factum
1821 1275 1937 1347 est,
1969 1274 2042 1329 ut
2071 1263 2429 1351 Apostolus
2459 1265 2673 1351 ipsum

180 1397 335 1461 prae
386 1374 536 1441 aliis
582 1378 877 1442 exactius
919 1378 1269 1442 instrueret
1330 1377 1413 1442 de
1475 1377 1708 1443 officiis
1767 1378 2054 1441 muneris
2113 1376 2233 1441 sibi
2282 1376 2678 1461 demandati,

182 1486 265 1551 ad
308 1488 693 1554 Ecclesiam
738 1488 907 1554 bene
954 1490 1343 1576 regendam:
1412 1493 1503 1555 ita
1562 1500 1633 1554 ut
1688 1492 1755 1553 in
1799 1488 1908 1556 illo
1957 1511 2186 1555 omnes
2231 1488 2678 1554 Ecclesiamm

180 1600 563 1685 Antistites,
610 1602 809 1667 officii
856 1604 955 1667 sui
998 1612 1180 1667 recte
1227 1602 1501 1689 gerendi
1545 1611 1905 1689 praecepta
1950 1604 2346 1689 acciperent.
2403 1602 2635 1687 Itaque
2657 1604 2682 1644 ³

180 1712 373 1777 valde
423 1712 701 1779 sollicite
745 1725 972 1780 monet
1009 1714 1425 1781 Timotheum
1469 1716 1800 1780 iniunctae
1846 1714 2219 1800 vigilantiae
2268 1724 2336 1778 et
2378 1711 2681 1778 sollicitu-

181 1824 347 1889 dinis
396 1836 634 1891 contra
680 1826 1015 1893 doctrinae
1062 1826 1508 1914 Evangelicae
1556 1836 2007 1914 corruptores3
2067 1826 2361 1891 hortatur
2416 1848 2564 1891 eum
2611 1835 2682 1890 ut

180 1938 492 2024 Ephesiis
536 1940 935 2025 iniungeret:
982 1964 1067 2005 ne
1115 1943 1403 2005 animum
1448 1940 1760 2005 adiiciant
1791 1939 1891 2004 ad
1921 1938 2196 2023 fabulas,
2246 1959 2414 2025 quae
2461 1940 2679 2024 potius

180 2053 681 2117 contentionum
726 2054 1066 2117 materiam
1108 2062 1489 2139 suggerunt,
1537 2075 1735 2139 quam
1770 2050 2054 2115 divinam
2085 2050 2282 2115 fidem
2315 2049 2446 2115 ullo
2477 2049 2675 2115 modo

177 2174 641 2249 promoveant.
685 2165 881 2231 Unde
914 2167 1025 2251 qui
1054 2165 1220 2231 haec
1266 2165 1481 2231 studia
1512 2174 1848 2230 sectantur
1876 2186 2012 2229 non
2040 2162 2405 2248 Evangelio
2451 2161 2673 2246 mod0,

178 2276 293 2340 sed
339 2287 411 2342 et
438 2276 633 2363 Legi,
681 2299 879 2364 quam
908 2300 1312 2366 magnopere
1343 2277 1751 2365 praedicant,
1797 2298 2166 2364 repugnare
2195 2277 2616 2340 inveniuntur
2632 2278 2677 2338 ⁴.

176 2540 373 2608 loquor
411 2540 481 2590 de
518 2540 841 2592 christianis.
903 2540 1061 2591 Certe
1097 2541 1355 2607 quidquid
1392 2544 1461 2592 sit
1495 2547 1610 2592 tota
1655 2542 1944 2607 antiquitas
1980 2546 2192 2607 praeter
2228 2540 2362 2591 duas
2406 2540 2568 2591 hasce
2607 2540 2678 2590 ad

176 2627 492 2677 Corinthios
527 2627 690 2677 aliam
726 2641 828 2678 nec
864 2627 1014 2689 vidit,
1052 2643 1153 2677 nec
1189 2628 1403 2677 admisit
1433 2642 1687 2694 unquam.
1736 2628 1909 2689 Quam
1947 2628 2086 2677 enim
2124 2628 2388 2677 armeniae
2425 2629 2676 2694 scriptam

174 2716 315 2780 typis
355 2714 685 2764 mandarunt
720 2714 989 2765 Wisthoni
1028 2713 1125 2764 filii
1160 2716 1217 2764 in
1254 2716 1486 2765 editione
1520 2715 1690 2765 Mosis
1726 2715 2081 2766 Chorenensis
2119 2713 2218 2763 ΠΙ.
2252 2713 2371 2763 libr.
2396 2714 2516 2765 hist.
2545 2727 2674 2763 arm.

174 2801 347 2851 Loud.
394 2802 549 2851 1736.
600 2806 657 2851 et
690 2800 951 2867 Carpzov,
990 2801 1137 2867 Lips.
1180 2803 1347 2865 1776„
1388 2804 1621 2867 spuriam
1667 2817 1784 2851 esse
1829 2801 2126 2851 docuerunt
2161 2800 2558 2865 disquisitiones
2603 2817 2674 2850 cr.

176 2886 453 2949 Ullxnann,
482 2888 535 2936 in
560 2887 612 2936 d.
637 2886 886 2937 Heidelb.
912 2887 1100 2939 Jahrb.
1130 2890 1279 2939 1823.
1304 2905 1356 2938 n.
1384 2890 1467 2939 34.
1506 2892 1561 2938 et
1597 2887 1846 2951 Guerike,
1876 2887 1911 2938 1.
1939 2903 1984 2937 c.
2010 2904 2062 2951 p.
2087 2889 2205 2937 290.
2227 2902 2268 2936 s.
2311 2886 2475 2936 Haud
2501 2902 2677 2953 pauca

174 2980 475 3024 occurrunt
491 2975 548 3023 in
567 2973 671 3023 hac
696 2975 923 3041 epistola
941 2975 1011 3025 ab
1032 2976 1091 3025 P.
1110 2974 1338 3038 Aucher,
1362 2975 1655 3025 Grammar.
1676 2990 1858 3025 armen
1877 2974 1982 3023 and
2003 2974 2141 3040 engl.
2167 2972 2302 3023 Ven.
2319 2976 2468 3024 1819.
2490 2990 2541 3039 p.
2559 2976 2676 3026 177.

174 3064 225 3109 et
260 3061 323 3111 P.
350 3060 521 3123 Rink,
560 3061 659 3112 das
696 3061 979 3113 Sendschr.
1017 3061 1113 3111 der
1148 3062 1269 3113 Cor.
1306 3076 1377 3112 an
1414 3062 1464 3112 d.
1499 3062 1598 3127 Ap.
1630 3062 1692 3111 P.
1727 3077 1778 3110 u.
1817 3060 1866 3110 d.
1897 3060 2055 3111 dritte
2093 3059 2374 3111 Sendschr.
2413 3060 2566 3110 Pauli
2605 3076 2674 3111 an

172 3148 221 3197 d.
264 3148 397 3199 Cor.
439 3148 693 3199 Heidelb.
739 3150 892 3199 1823.
949 3147 1129 3213 editis,
1182 3164 1321 3215 quae
1368 3164 1545 3214 neque
1596 3150 1774 3199 coetui
1823 3146 2247 3209 Corinthiorum,
2295 3162 2470 3212 neque
2517 3143 2674 3196 Pauli

170 3236 391 3301 ingenio
432 3239 491 3284 et
516 3234 688 3285 indoli
724 3236 1063 3285 conveniant.
1113 3234 1195 3285 Cf.
1222 3250 1266 3285 e.
1290 3235 1353 3285 F.
1380 3234 1587 3297 Stosch,
1614 3234 1682 3284 de
1708 3234 1863 3299 epist.
1888 3233 1988 3299 Ap.
2018 3248 2126 3284 non
2153 3232 2458 3298 deperditis.
2510 3232 2672 3281 Gron.

174 3322 323 3373 1753.
374 3326 544 3387 atque
580 3320 634 3371 J.
675 3320 737 3370 G.
774 3321 987 3385 Mffller,
1023 3321 1091 3371 de
1122 3326 1185 3372 tr.
1219 3322 1280 3372 P.
1314 3323 1372 3372 it.
1408 3321 1529 3372 Cor.
1568 3326 1800 3387 suscept.
1845 3319 1910 3369 de
1947 3319 2292 3386 epistolisque
2329 3318 2399 3368 ad
2435 3334 2528 3370 eos
2563 3334 2672 3369 non

170 3407 491 3474 deperditis.
536 3407 663 3457 Bas.
692 3409 844 3459 1831.
882 3424 935 3474 p.
960 3410 1044 3458 23.
1070 3425 1112 3459 s.

386 3494 429 3559 ¹)
466 3494 755 3556 Eusebius,
794 3494 943 3545 Eccl.
978 3494 1119 3545 Hist.
1156 3495 1253 3557 ΠΙ,
1288 3496 1338 3544 4.
1375 3512 1427 3560 p.
1456 3496 1537 3545 73.
1576 3499 1736 3561 atque
1776 3493 1827 3543 S.
1856 3492 2292 3559 chrysostomus,
2328 3493 2385 3542 in
2421 3506 2503 3558 ep.
2532 3492 2574 3541 1.
2602 3492 2672 3542 ad

166 3582 302 3633 Tim.
340 3597 391 3631 c.
434 3584 485 3630 5.
521 3580 661 3630 hom.
696 3580 814 3644 XX,
852 3582 901 3630 2.
955 3580 1161 3646 „palam
1199 3596 1285 3631 res
1322 3586 1427 3643 est,
1467 3582 1566 3642 ait,
1606 3582 1734 3647 quia
1776 3580 2054 3630 Timotheo
2092 3578 2323 3629 ecclesia
2365 3578 2674 3629 concredita

166 3668 359 3731 fuerat,
400 3668 509 3717 imo
546 3671 663 3716 tota
695 3666 807 3717 fere
842 3682 975 3733 gens
1012 3668 1265 3717 asiatica“
1306 3667 1401 3729 XI,
1431 3669 1580 3731 637.;
1627 3671 1683 3716 et
1717 3682 1838 3717 cum
1875 3666 1958 3717 his
1993 3667 2311 3717 testimoniis
2347 3667 2671 3731 conspirant,

166 3770 306 3821 quae
348 3753 779 3804 constitutiones
814 3754 914 3819 Ap.
952 3754 1072 3816 VII,
1106 3756 1193 3805 46.
1230 3771 1281 3820 p.
1309 3755 1428 3804 387.
1452 3770 1504 3803 v.
1540 3758 1595 3803 et
1626 3770 1678 3803 n.
1717 3755 1780 3816 7.,
1817 3752 1956 3803 Acta
1991 3751 2157 3803 Conc.
2197 3750 2668 3813 Chalcedonensis,

164 3856 249 3907 ap.
276 3840 457 3891 Hasd.
484 3840 557 3902 11,
584 3842 703 3891 558.
742 3846 797 3892 et
818 3840 1060 3904 Photius,
1086 3841 1227 3892 Bibl.
1255 3840 1386 3891 Cod.
1412 3842 1530 3891 264.
1559 3840 1661 3905 Op.
1689 3840 1770 3889 ed.
1797 3840 1977 3905 Migne
2002 3840 2094 3901 IV,
2124 3841 2240 3889 102.
2279 3839 2346 3889 de
2375 3838 2668 3899 Timothe0,

163 3932 431 3995 episcopo
476 3927 693 3978 habent.
754 3927 877 3978 Alia
922 3928 1223 3978 adhucdum
1271 3928 1577 3977 testimonia
1620 3944 1672 3977 v.
1723 3928 1776 3975 in
1821 3926 2096 3987 Bollandi‚
2143 3926 2258 3975 Act.
2297 3924 2351 3975 S.
2390 3924 2460 3975 ad
2497 3924 2546 3973 d.
2585 3927 2670 3973 24.

162 4016 289 4065 Jan.
326 4015 405 4077 11,
443 4017 562 4065 262.
587 4030 631 4065 s.
680 4014 839 4075 Quod
874 4030 1157 4081 perperam
1192 4020 1355 4081 negat
1388 4014 1631 4074 Witsius,
1671 4028 1843 4064 exerc.
1881 4013 2024 4063 XVI.
2063 4012 2128 4062 de
2165 4013 2280 4061 vita
2315 4010 2580 4061 Tim0thei
2615 4026 2666 4059 n.

162 4105 243 4154 26.
270 4120 317 4155 s.
358 4119 419 4168 p.
446 4103 567 4151 557.
592 4115 652 4162 s.‚
691 4101 940 4152 concedit
974 4101 1117 4165 Otto,
1156 4100 1243 4152 die
1279 4100 1457 4166 gesch.
1496 4100 1862 4150 Verhffltnisse
1893 4099 1988 4149 der
2011 4097 2443 4149 Pastoralbriefe.
2481 4097 2666 4162 Leipz.

166 4192 316 4239 1860.
358 4205 418 4255 p.
444 4189 529 4237 67.
558 4202 599 4237 s.
638 4191 693 4237 et
726 4187 858 4250 Leo,
902 4188 1059 4237 Pauli
1094 4204 1179 4253 ep.
1203 4187 1247 4237 1.
1285 4186 1355 4237 ad
1389 4185 1752 4247 Timotheum,
1796 4185 1945 4250 Lips.
1977 4187 2127 4235 1836.
2171 4182 2456 4249 prolegom.
2495 4201 2546 4249 p.
2584 4187 2665 4234 11.

162 4275 203 4331 ²)
242 4274 391 4325 Con.
420 4273 464 4322 Ι.
490 4276 543 4335 4,
570 4276 653 4323 12.
692 4272 763 4322 11.
788 4276 837 4335 2,
864 4276 947 4323 22.
996 4274 1159 4323 Forte
1184 4274 1327 4323 vitae
1364 4288 1495 4323 suae
1527 4275 1611 4323 25.
1653 4286 1796 4322 anno
1832 4270 2118 4321 cathedrae
2157 4269 2450 4335 episcopali
2487 4270 2666 4321 admo·

162 4372 245 4411 tus
272 4366 379 4413 est.
434 4358 661 4424 Ingenia
696 4358 965 4409 hominum
1002 4374 1111 4409 non
1136 4360 1206 4409 ab
1244 4360 1398 4411 annis
1435 4358 1531 4410 sed
1566 4372 1601 4408 a
1628 4358 1914 4423 prudentia
1950 4356 2282 4406 aestimanda
2308 4370 2449 4417 esse,
2485 4356 2666 4407 multis

164 4447 303 4497 hanc
340 4449 405 4497 in
444 4461 555 4495 rem
595 4444 841 4497 adductis
878 4446 1133 4512 exemplis
1172 4446 1555 4496 demonstravit
1588 4445 1840 4505 Lorinus,
1878 4441 2076 4493 Comm.
2111 4444 2167 4493 in
2202 4441 2328 4508 Sap.
2359 4444 2410 4505 4,
2436 4444 2484 4493 8.
2520 4442 2664 4507 Meg.

166 4536 313 4584 1608.
362 4550 425 4599 p.
474 4534 592 4582 110.
666 4532 707 4599 ³)
756 4530 815 4583 C.
856 4534 902 4584 1.
980 4534 1025 4597 ⁴)
1070 4533 1141 4582 Ei
1186 4534 1404 4599 inquam
1450 4532 1726 4583 doctrinae
1775 4530 2155 4592 adversantur,
2203 4542 2342 4594 quae
2391 4534 2476 4579 est
2518 4531 2668 4579 iuxta

160 4620 553 4687 Evangelium,
604 4619 749 4685 quod
797 4618 1057 4686 Apostolo
1104 4626 1187 4670 est
1229 4618 1619 4681 concreditum,
1671 4632 1884 4683 quoque
1929 4622 2072 4667 certe
2115 4617 2456 4683 cognoscitur
2490 4617 2666 4666 Deum

2252 4702 2354 4753 26*
