3267 5259
1200 481 1399 522 christus
1426 479 1611 532 patiens.
2527 465 2650 530 125

196 655 333 720 illud
384 654 764 743 proditionis
826 655 1081 739 signum
1143 677 1177 718 e
1224 653 1580 739 longinquo
1651 662 1963 717 attentam
2007 661 2158 738 post
2213 675 2281 715 se
2343 651 2648 734 traheret,

200 766 514 831 conflatam
564 791 599 832 e
644 767 930 832 romanis
976 765 1320 830 militibus¹
1368 775 1433 828 et
1478 765 1782 828 ministris
1827 763 2064 828 iudaici
2112 773 2374 827 senatus
2396 765 2440 827 ².

377 879 751 942 Etiamnum
797 877 1105 963 loquente
1140 877 1353 942 adhuc
1385 876 1427 942 J
1432 900 1547 941 esu
1592 877 1895 962 apparuit
1941 875 2192 952 cohors,
2227 897 2423 961 quam
2455 875 2650 940 duce-

197 991 293 1055 bat
331 990 549 1055 Judas.
614 990 920 1066 Traditor
960 993 1181 1076 itaque
1228 989 1552 1054 accedens
1616 989 1704 1053 ad
1764 987 2122 1053 Christum:
2199 988 2388 1070 ,Ave‘
2445 989 2654 1074 inquit

200 1103 455 1186 ,Rabbi‘3
526 1103 849 1189 simulque
922 1125 1071 1166 eum
1142 1095 1469 1166 osculatus
1516 1111 1631 1166 est.
1679 1101 1722 1166 J
1727 1124 1874 1165 esus
1923 1102 2027 1164 cui
2073 1123 2204 1164 non
2250 1101 2651 1184 incognitum

201 1225 335 1296 erat,
378 1215 531 1301 quid
577 1214 701 1279 sibi
746 1214 945 1280 vellet
990 1214 1304 1295 osculum,
1352 1213 1528 1298 quod
1572 1215 1697 1299 ipsi
1744 1212 1945 1277 dabat
1988 1211 2226 1276 Judas:
2273 1213 2534 1297 reponit
2565 1210 2652 1275 illi

198 1329 399 1408 ,amice
452 1326 537 1390 ad
593 1326 753 1412 quid
796 1327 1031 1391 venisti
1050 1326 1139 1390 ³“?‘
1226 1326 1502 1412 Recepit
1554 1347 1623 1390 se
1673 1327 1888 1388 statim
1931 1323 2226 1410 proditor
2269 1322 2356 1388 ad
2397 1322 2652 1405 milites,

200 1438 407 1523 quibus
450 1437 717 1503 obviam
764 1437 1255 1503 occurrentibus
1300 1437 1343 1502 J
1348 1460 1495 1502 esus
1553 1436 1722 1501 ultro
1768 1435 2005 1522 prodit,
2052 1457 2130 1500 ac
2173 1435 2536 1521 intrepidus
2581 1457 2650 1499 se

201 1552 383 1614 offert.
428 1551 805 1635 Interrogat
848 1559 1087 1632 autem,
1135 1572 1485 1635 quemnam
1533 1557 1852 1636 quaerant
1895 1549 1959 1611 in
2008 1571 2270 1612 secessu
2315 1547 2421 1612 illo
2455 1555 2652 1632 atque

200 1662 423 1727 silentio
454 1664 689 1727 noctis.
736 1661 836 1725 Illi
883 1685 1040 1726 vero
1073 1662 1571 1749 responderunt,
1619 1643 1934 1747 quaerere
1982 1683 2050 1724 se
2097 1661 2324 1725 Jesum
2371 1660 2654 1723 Nazare-

198 1777 383 1837 num4.
462 1773 611 1854 Quo
676 1773 895 1838 audito
957 1773 1151 1839 Jesus
1228 1775 1317 1838 ait
1374 1796 1521 1859 ,ego
1586 1777 1768 1838 sum‘.
1829 1771 1979 1837 Hoc
2041 1771 2177 1837 solo
2236 1771 2474 1853 verbe,
2545 1773 2653 1856 qui

200 1887 349 1949 missi
391 1886 653 1951 fuerant
698 1895 769 1950 ut
816 1909 965 1950 eum
1011 1896 1353 1972 caperent,
1415 1887 1695 1971 regressi
1754 1887 1821 1949 in
1875 1885 2143 1948 humum
2188 1886 2440 1948 attoniti
2488 1885 2653 1947 ceci-

202 1996 405 2062 derunt
419 2001 461 2062 ⁵.
528 1999 697 2064 Mox
756 2000 991 2063 erectis
1050 1997 1431 2062 satellitibus
1478 2021 1591 2063 eos
1653 1997 1868 2062 denuo
1932 1997 2390 2080 interrogavit,
2459 2017 2652 2080 quem

202 2120 561 2193 quaererent
576 2115 621 2175 6.
669 2111 778 2192 Iis,
812 2133 961 2174 cum
992 2110 1168 2174 idem
1198 2133 1276 2174 ac
1305 2113 1483 2196 prius
1513 2109 2022 2196 respondissent,
2052 2110 2258 2190 iussiS,
2287 2116 2359 2172 ut
2389 2130 2430 2170 a
2459 2107 2654 2171 comi-

201 2220 347 2285 tibus
388 2225 515 2288 suis
562 2222 993 2305 abstinerent,
1042 2223 1219 2287 facta
1261 2231 1581 2308 potestate
1612 2203 1860 2308 ‚impias
1908 2243 2133 2285 eorum
2177 2242 2409 2284 manus
2455 2219 2656 2283 admi-

202 2333 285 2396 sit.
346 2333 535 2414 Quod
599 2357 735 2399 non
796 2334 1017 2398 ferens
1074 2334 1307 2398 Petrus
1370 2335 1567 2398 animi
1612 2333 1872 2398 fervore
1921 2334 2260 2414 excitatus,
2309 2331 2654 2397 confestim

204 2447 519 2529 evaginato
568 2446 789 2531 gladio
836 2448 948 2510 uni
993 2446 1266 2510 militum
1328 2446 1684 2510 auriculam
1732 2445 2070 2510 dexteram
2103 2447 2490 2530 amputavit3
2538 2443 2654 2508 sed

205 2577 329 2619 eam
370 2556 561 2622 Jesus
621 2557 794 2622 illico
843 2561 1069 2622 sanam
1113 2559 1408 2640 restituit,
1457 2580 1833 2644 compresso
1894 2559 2079 2642 gravi
2145 2558 2434 2621 oratione
2478 2555 2656 2619 Petri

205 2679 433 2750 conatu,
479 2681 680 2756 atque
726 2679 799 2734 ut
840 2669 1129 2755 gladium
1174 2669 1565 2735 reconderet
1599 2671 2029 2755 praecipiens.
2079 2667 2656 2754 Supervacaneum

204 2778 547 2864 videbatur,
616 2791 693 2846 ut
757 2783 866 2867 qui
928 2782 1369 2867 angelicarum
1436 2782 1768 2866 legionum
1833 2780 2232 2867 praesidium
2298 2789 2656 2867 respuerat,

391 3131 425 3196 ¹)
487 3132 697 3182 Diebus
758 3133 933 3194 festis,
999 3133 1237 3198 inprimis
1290 3132 1596 3194 Fascianus,
1663 3134 1792 3198 quia
1849 3138 1976 3182 tunc
2029 3147 2252 3198 magnus
2307 3137 2421 3182 erat
2471 3131 2658 3198 populi

206 3229 497 3280 concursus3
554 3232 805 3269 romanos
860 3218 1135 3283 praesides
1196 3218 1418 3268 militum
1478 3218 1750 3268 cohortem
1807 3218 1876 3269 ad
1924 3219 2219 3268 custodiam
2273 3217 2454 3282 templi
2499 3217 2658 3267 collo-

204 3313 309 3349 care
340 3302 545 3366 solitos,
585 3303 745 3354 docet
785 3303 1081 3369 Josephus‚
1118 3303 1297 3368 Antiq.
1342 3304 1459 3353 XX.
1504 3306 1554 3366 4,
1598 3307 1646 3354 3.
1685 3305 1728 3368 Ι,
1773 3307 1890 3354 966.
1942 3303 2143 3354 Cohors
2197 3303 2289 3353 illa
2342 3304 2427 3352 hic
2469 3302 2658 3352 intelli-

206 3387 383 3451 genda,
434 3389 510 3438 ita
562 3393 745 3438 tamen
797 3393 857 3438 ut
910 3405 1017 3439 non
1075 3403 1295 3439 necesse
1350 3391 1419 3439 sit
1471 3389 1742 3440 cohortem
1808 3395 1976 3440 totam
2039 3391 2299 3452 adfuisse,
2377 3389 2472 3438 sed
2519 3387 2661 3438 illius

206 3476 401 3534 partem.
436 3473 665 3524 Cautum
704 3490 828 3538 ergo
886 3488 921 3523 a
954 3474 1165 3524 iudaico
1214 3481 1404 3524 senatu
1442 3481 1539 3537 est,
1582 3480 1645 3525 ut
1695 3481 1938 3536 „servato
1989 3475 2172 3525 ordine
2207 3475 2476 3540 legitimae
2511 3479 2660 3539 pote-

206 3559 361 3621 statis,
396 3560 571 3610 nullus
604 3561 913 3610 tenentibus
950 3561 1173 3610 auderet
1210 3561 1521 3612 obsistere“.
1578 3562 1630 3612 S.
1663 3563 2006 3628 Augustinus,
2043 3566 2194 3612 tract.
2222 3563 2338 3610 112.
2375 3562 2432 3610 in
2466 3561 2661 3611 Joann.

207 3657 250 3690 11.
282 3645 327 3694 2.
359 3662 407 3710 p.
442 3649 558 3699 784.
620 3646 663 3712 ²)
712 3647 948 3708 Quorum
992 3661 1157 3713 opera
1203 3649 1489 3698 utebantur
1532 3649 1601 3698 ad
1630 3633 2082 3714 prehendenda,
2121 3663 2254 3712 quos
2290 3663 2385 3713 pro
2423 3647 2662 3698 sontibus

206 3726 475 3795 habebant3
532 3739 695 3798 atque
738 3738 799 3783 ut
844 3734 975 3783 certi
1021 3739 1202 3784 essent
1245 3733 1431 3784 Jesum
1478 3750 1543 3784 ex
1577 3735 1812 3800 ipsorum
1856 3734 2100 3784 manibus
2156 3749 2264 3784 non
2308 3748 2468 3799 posse
2505 3733 2661 3796 elabi,

209 3828 311 3864 cum
344 3818 543 3868 facibus
581 3820 803 3868 veniunt
844 3819 1301 3885 lampadibusque.
1365 3820 1405 3885 ³)
1456 3821 1535 3870 Of.
1572 3822 1789 3885 interpr.
1825 3821 1878 3870 J.
1913 3821 1974 3869 A.
2009 3821 2243 3884 Mat-tyni
2265 3847 2280 3856 -
2298 3821 2552 3885 Lagaria,
2606 3821 2663 3868 in

208 3899 499 3954 Bertholdtii
549 3906 643 3955 Kr.
678 3906 867 3956 Joum.
916 3907 1067 3956 1820.
1106 3923 1159 3972 p.
1185 3908 1234 3957 4.
1268 3922 1309 3956 s.
1371 3905 1413 3972 ⁴)
1449 3907 1619 3957 Juxta
1654 3904 1930 3970 vulgarem
1965 3905 2112 3955 illam
2146 3906 2406 3971 loquendi
2443 3919 2662 3954 consue-

210 3987 437 4052 tudinem,
476 4006 583 4055 qua
620 3991 780 4042 Jesus
825 3991 999 4042 dictus
1046 3996 1128 4042 est
1170 3987 1198 4040 ὃ
1233 3989 1533 4060 Ναζωραῖος.
1579 3991 1768 4041 Matth.
1816 3993 1900 4052 26,
1941 3993 2022 4042 71.
2077 3991 2342 4052 Quoniam
2397 3992 2454 4041 in
2490 3991 2663 4039 Naza-

211 4072 307 4120 reth
338 4091 471 4139 pene
504 4093 605 4142 per
638 4078 857 4142 triginta
898 4091 1067 4128 annos
1116 4077 1385 4127 habitarat
1429 4093 1541 4127 una
1588 4093 1708 4127 cum
1753 4077 2092 4142 parentibus,
2131 4083 2386 4142 tanquam
2435 4092 2468 4127 a
2490 4078 2666 4142 patria

212 4157 485 4222 adpellatus
523 4169 607 4212 est
639 4163 967 4212 Nazarenus.
1006 4162 1087 4212 Cf.
1112 4164 1181 4212 H.
1216 4165 1435 4229 Niqueti
1460 4163 1512 4214 S.
1537 4164 1589 4214 J.
1616 4165 1722 4213 Tit.
1749 4180 1792 4213 s.
1821 4163 2024 4214 Crucis.
2049 4164 2208 4214 Antv.
2237 4165 2386 4213 1670.
2423 4179 2474 4228 p.
2502 4163 2585 4211 66.
2621 4178 2664 4212 s.

216 4245 315 4292 105.
337 4262 376 4296 s.
410 4248 479 4297 Η.
504 4249 566 4298 R.
592 4249 661 4297 D.
686 4249 749 4298 N.
775 4249 837 4298 Τ.
874 4265 927 4313 p.
956 4251 1036 4299 15.
1074 4266 1125 4298 11.
1151 4252 1199 4299 3.
1261 4249 1301 4315 ⁵)
1351 4251 1559 4299 Pavore
1596 4249 1850 4299 divinitus
1895 4251 1972 4300 eis
2015 4249 2268 4299 immisso·
2329 4248 2371 4314 ⁶)
2416 4249 2666 4310 Queritur

216 4330 339 4392 quod
361 4332 427 4382 ad
448 4335 623 4398 ipsum
660 4334 973 4399 capiendum
1020 4337 1259 4385 exierant
1304 4351 1425 4385 cum
1463 4336 1646 4397 armis,
1703 4350 1768 4384 ac
1803 4336 1850 4385 si
1885 4335 2022 4384 latro
2059 4335 2222 4395 foret,
2273 4336 2364 4398 qui
2400 4335 2522 4400 capi
2558 4351 2666 4384 non

216 4423 401 4476 poterat
433 4421 535 4470 nisi
572 4427 777 4470 armata
810 4435 998 4486 manu3
1037 4437 1157 4472 cum
1193 4427 1370 4472 tamen
1406 4423 1568 4470 vitam
1604 4422 1746 4470 inter
1767 4423 1914 4487 ipsos
1940 4421 2106 4485 egerit
2130 4421 2378 4484 quietam,
2405 4421 2666 4470 docuerit-

220 4515 305 4564 que
346 4506 397 4554 in
430 4506 641 4573 templo.
695 4508 891 4558 Postea
925 4523 1109 4556 veram
1144 4510 1317 4573 aperit
1351 4507 1538 4557 horum
1576 4507 1810 4558 omnium
1845 4521 2093 4557 causam:
2148 4511 2466 4571 potestatem
2491 4521 2525 4556 a
2547 4507 2666 4556 Deo

219 4601 497 4642 concessam
534 4592 767 4656 diabole,
806 4598 864 4642 ut
898 4608 1051 4643 suum
1088 4595 1341 4659 impetum
1376 4594 1579 4643 faceret
1614 4594 1670 4642 in
1706 4593 1908 4642 Jesum.
