3267 5259
1147 458 1333 501 nonin·
1358 458 1465 499 sm
1493 458 1672 500 chrisa.
1943 505 1953 515 ,
2527 444 2652 509 201

207 640 432 709 stantior,
476 639 696 697 Matth.
734 643 832 709 11,
870 643 927 697 9.
974 638 1120 697 Luc.
1158 643 1213 710 7,
1250 644 1351 697 26.
1400 638 1584 696 Hebr.
1622 643 1678 709 1,
1717 644 1772 697 1.
1809 642 1868 697 2.
1906 642 2112 696 auctor
2140 638 2380 714 duxque
2408 639 2656 713 prophe-

208 748 385 801 tarum.
442 742 673 801 Revera
699 742 737 800 J
737 761 869 799 esus
898 762 935 799 a
964 742 1179 818 populo
1212 742 1451 801 habitus
1480 742 1766 818 propheta
1791 742 1930 799 fuit.
1985 741 2130 799 Gon.
2162 724 2378 799 Mafth.
2415 745 2516 811 21,
2556 746 2656 800 10.

207 845 322 908 Qui
338 852 541 903 ntum
583 847 692 917 ,Fi
709 846 871 903 lius
906 846 1069 905 Dav
1086 846 1109 903 i
1126 848 1205 904 d.‘
1251 847 1605 905 Davididem
1632 846 1758 903 fore
1780 847 2052 905 Moesiam
2084 846 2342 922 plurima
2369 845 2656 904 vaticinia

209 950 485 1019 tradidere;
510 950 665 1028 quod
688 951 833 1028 quia
847 950 971 1008 loco
988 954 1283 1026 superiore
1300 950 1601 1008 docuimus
1616 970 1674 1025 p.
1701 952 1863 1022 189„
1882 970 2000 1007 non
2015 954 2102 1007 est
2117 950 2503 1008 necessarium
2523 950 2656 1025 plu-

208 1054 343 1111 ribus
356 1055 547 1112 verbis
560 1073 873 1130 exponere.
897 1055 1027 1112 Hoc
1041 1056 1277 1132 quidem
1298 1054 1336 1111 J
1338 1054 1506 1112 udaei
1532 1055 1621 1111 ita
1642 1073 1748 1129 pro
1763 1058 1922 1112 certo
1943 1055 2294 1125 habuerunt,
2325 1058 2396 1111 ut
2425 1073 2658 1130 prorsus

207 1157 397 1215 solenni
438 1158 547 1216 hac
591 1158 877 1234 peculiari
920 1159 1165 1216 Messiae
1208 1158 1537 1234 periphrasi
1580 1158 1674 1215 uti
1721 1159 2102 1217 assueverint.
2164 1159 2380 1216 Matth.
2415 1158 2516 1229 20,
2553 1161 2654 1215 30.

212 1265 287 1329 15,
318 1266 411 1319 22.
466 1262 651 1319 Marc.
703 1266 801 1334 11,
856 1266 955 1319 10.
1017 1262 1159 1319 Luc.
1199 1266 1253 1333 1,
1304 1265 1405 1319 30.
1458 1261 1791 1335 Cognomen
1833 1260 1983 1337 παῖς,
2030 1262 2183 1339 quod
2227 1260 2494 1320 Hebraeo
2549 1274 2654 1334 Ἱξιξ,

206 1384 393 1435 oervus,
422 1360 829 1441 respondet—
846 1385 908 1424 v.
936 1364 1019 1423 H.
1042 1365 1117 1422 R.
1143 1365 1219 1423 D.
1244 1365 1319 1423 V.
1342 1364 1409 1423 Τ.
1436 1384 1493 1441 p.
1520 1370 1666 1423 396.
1689 1366 1944 1440 —apud
1969 1385 2016 1422 s.
2031 1365 2402 1423 Matthaeum
2435 1369 2532 1437 12,
2557 1369 2654 1427 18,

208 1488 265 1525 ex
306 1468 487 1526 Jesaia
532 1472 636 1540 42,
674 1474 731 1526 1.
778 1474 1118 1545 usurpatur.
1193 1468 1469 1527 Recurrit
1518 1468 1829 1547 aliquoties
1875 1471 1940 1526 in
1994 1469 2356 1527 orationibus
2415 1489 2460 1526 s.
2492 1468 2658 1526 Petri

208 1576 316 1629 Aet.
346 1576 399 1643 3,
434 1577 531 1631 13.
580 1576 641 1644 4,
678 1576 809 1643 30.;
857 1574 929 1631 ad
975 1573 1357 1631 indicandum
1384 1573 1586 1630 Jesum
1630 1592 1750 1630 esse
1791 1592 1998 1632 verum
2027 1573 2318 1631 Messiam.
2380 1574 2658 1631 Oecume-

209 1676 333 1745 nius‚
363 1694 561 1735 comm.
593 1678 660 1733 in
690 1678 845 1734 Acta
876 1677 1114 1752 Ap.-ed.
1146 1676 1401 1734 Morelli.
1448 1677 1582 1734 Par.
1623 1682 1810 1734 1630.
1841 1694 1898 1753 p.
1937 1680 2037 1733 28.
2083 1676 2310 1735 humile
2339 1696 2460 1733 esse
2489 1680 2662 1752 putat

209 1798 403 1837 nomen.
458 1780 697 1838 Christo
723 1782 996 1857 quamvis
1023 1780 1197 1852 Filio,
1231 1800 1465 1839 servum
1510 1780 1668 1858 quod
1710 1781 1938 1838 deceret
1981 1779 2208 1857 aliquid
2253 1782 2556 1851 convenit,
2591 1784 2662 1837 ut

208 1890 417 1941 mortem
446 1902 627 1962 usque
657 1884 827 1943 Patri
858 1902 963 1942 eeu
992 1884 1247 1942 Domino
1274 1884 1737 1960 obtemperaret3
1769 1888 1830 1941 et
1857 1902 2032 1961 quem
2060 1883 2220 1941 Deus
2247 1884 2360 1942 sibi
2391 1883 2658 1941 fidelissi-

210 2006 343 2045 mum
378 1988 747 2067 maximeque
784 1988 1135 2047 familiarem
1164 1989 1505 2046 ministrum
1552 1988 1842 2059 assumsit,
1887 1988 2138 2045 eundem
2175 1991 2234 2044 et
2274 1987 2652 2062 glorificavit.

210 2090 441 2149 Ceterum
482 2110 699 2151 nomen
745 2086 978 2169 ,παιδὸςι
1022 2111 1143 2151 non
1189 2093 1358 2151 modo
1392 2111 1640 2169 puerum
1675 2096 1734 2149 et
1763 2092 2084 2161 famulum3
2132 2092 2230 2148 sed
2275 2096 2335 2149 et
2377 2090 2578 2149 filiu
2595 2108 2656 2147 m

210 2194 479 2267 significat.
538 2196 621 2253 Et
645 2197 741 2254 ita
766 2197 839 2253 de
867 2196 1299 2270 glorificatione
1329 2196 1569 2267 Christi,
1615 2197 1684 2253 in
1729 2214 1844 2274 quo
1874 2195 2178 2254 Divinitas
2214 2199 2274 2252 et
2301 2194 2660 2253 Humanitas

214 2299 503 2371 coniuncta,
538 2300 689 2358 bene
717 2299 1099 2374 intelligitur.
1146 2300 1235 2358 Of.
1265 2300 1323 2359 J.
1354 2300 1529 2373 Bade,
1564 2300 1711 2359 bibl.
1745 2300 1923 2359 theol.
1956 2300 2360 2374 Abhandlung
2389 2300 2536 2357 iiber
2563 2299 2660 2357 die

216 2400 446 2462 Gottheit
470 2403 527 2462 J.
558 2402 625 2463 c,
658 2404 743 2462 im
773 2405 849 2461 Α.
881 2403 949 2461 Τ.
984 2402 1229 2461 raderb.
1268 2408 1455 2462 1860.
1486 2423 1545 2480 p.
1582 2408 1683 2462 23.

855 2571 983 2645 Υἱὸς
1025 2575 1119 2633 τοῦ
1166 2572 1333 2655 Θεοῦ,
1379 2572 1493 2645 υἱὸς
1535 2576 1628 2633 τοῦ
1674 2574 1973 2655 ἀνθρώπου.

378 2714 621 2773 Sextum
651 2718 713 2773 et
734 2715 1263 2790 pmeolarisaimum
1292 2720 1381 2774 est
1410 2716 1611 2786 ,Filii
1639 2716 1810 2774 Dei!
1857 2716 1988 2775 Hoc
2008 2734 2222 2775 nomen
2245 2717 2492 2793 exponit
2511 2716 2657 2774 Luc.

220 2822 263 2887 l,
292 2823 378 2877 32.
410 2823 507 2879 35.
568 2820 795 2878 Mariae
824 2818 1090 2894 Angelus
1118 2819 1397 2891 coelestis,
1432 2838 1567 2878 cum
1595 2819 1836 2895 Virgini
1864 2819 1902 2877 J
1903 2822 2112 2897 osepho
2152 2820 2414 2879 nondum
2446 2825 2664 2897 nuptae

214 2920 369 2996 ipsam
394 2923 535 2981 Filii
564 2922 681 2983 Dei
710 2926 961 2981 matrem
986 2924 1113 2981 fore
1142 2924 1477 2983 denunciat.
1540 2925 1706 2982 Dicit
1733 2924 1884 2983 illud
1915 2944 2018 3000 per
2048 2924 2314 2983 divinam
2344 2924 2665 2983 efficaciam

214 3032 525 3087 eventurum
572 3047 713 3099 esse,
762 3028 917 3106 quod
960 3046 1161 3086 rursus
1192 3048 1267 3086 ex
1312 3030 1439 3105 ipso
1465 3028 1503 3086 J
1504 3048 1607 3086 esu
1650 3033 1786 3087 ortu
1828 3028 2163 3107 insignique
2207 3029 2506 3087 Genitoris
2550 3029 2663 3086 Dei

214 3132 403 3189 virtute
441 3133 675 3209 repetit.
736 3130 893 3194 Quia
921 3137 1123 3191 sancta
1163 3133 1353 3208 proles
1380 3133 1493 3191 Dei
1523 3132 1715 3191 Filius
1743 3135 1822 3191 sit
1857 3132 2112 3205 futurus,
2147 3138 2452 3210 paternam
2496 3134 2663 3211 quasi

214 3232 407 3293 homini
434 3236 727 3311 gignendo
757 3236 884 3295 vim
912 3256 1079 3295 suam
1097 3236 1257 3295 Deus
1286 3237 1609 3295 exhibebit.
1658 3236 1788 3295 Hoc
1820 3236 2108 3296 eximium
2138 3238 2420 3296 adventui
2443 3236 2662 3295 Christi

218 3340 559 3409 praemissum
603 3341 979 3415 praeconium
1010 3344 1071 3397 et
1098 3360 1191 3398 res
1220 3340 1453 3398 Christo
1496 3340 1801 3415 gerendas,
1834 3346 1894 3399 et
1921 3344 2118 3399 ortum
2159 3340 2666 3417 supernaturalem

219 3440 469 3513 declarat;
514 3450 693 3523 atque
736 3444 879 3502 adeo
922 3444 1195 3503 Nominis
1238 3446 1410 3503 istius
1452 3444 1794 3503 historicam
1836 3447 2134 3505 notionem
2178 3464 2312 3503 cum
2337 3445 2668 3519 ontologica

220 3546 553 3606 coniunctam
611 3548 891 3625 explicat.
973 3548 1149 3606 Nunc
1205 3567 1345 3607 vero
1403 3549 1921 3607 demonstrandum
1977 3548 2139 3607 illud·
2187 3554 2306 3607 est:
2367 3548 2667 3607 Christum

220 3646 497 3710 Dominum
551 3653 637 3710 sic
679 3652 747 3710 in
790 3651 851 3709 S.
881 3652 942 3709 Β.
989 3653 1283 3711 nominari
1336 3653 1774 3731 praedicarique
1827 3653 1968 3710 Dei
2011 3652 2340 3723 Filium
2395 3656 2465 3710 ut
2507 3653 2668 3710 hunc

224 3754 427 3813 titulum
467 3755 872 3832 peculiari
910 3774 993 3814 ac
1030 3758 1357 3832 propria
1394 3758 1750 3828 notione,
1783 3776 1904 3815 non
1933 3755 2243 3815 indefinita
2270 3756 2379 3814 illa
2406 3773 2664 3814 commu-

222 3857 365 3934 nique
406 3878 535 3918 cum
586 3858 817 3933 angelis
868 3863 930 3917 et
977 3860 1317 3918 hominibus
1345 3892 1431 3902 ——
1458 3860 1589 3919 Job.
1628 3866 1682 3931 1,
1720 3865 1777 3918 6.
1837 3860 2027 3919 Exod.
2073 3864 2130 3931 4,
2176 3865 2276 3917 22.
2336 3859 2432 3916 Ps.
2468 3864 2568 3929 81,
2605 3865 2663 3917 6.

223 3957 449 4021 IJoann.
482 3968 540 4034 3,
578 3969 634 4020 1.
670 3994 755 4005 ——
784 3963 1049 4021 obtinere
1092 3964 1317 4022 debeat.
1379 3962 1548 4025 Quod
1576 3984 1654 4021 ex
1683 3983 1749 4021 eo
1779 3964 2038 4040 primum
2069 3963 2388 4021 certissime
2417 3967 2660 4034 constat,

224 4066 333 4138 quia
370 4066 521 4125 solus
569 4086 647 4125 ex
700 4067 973 4125 omnibus
1026 4086 1279 4136 ,verus
1337 4068 1479 4125 Dei
1538 4068 1821 4126 Filius‘
1875 4068 2114 4125 dicitur.
2191 4067 2400 4125 Joann.
2447 4069 2514 4135 5,
2561 4070 2662 4123 20.

226 4164 395 4245 ltaque
431 4170 631 4229 Filii
674 4189 949 4228 nomen
994 4167 1273 4241 ὁμοοὺσιον
1316 4170 1543 4229 indicat
1585 4190 1706 4229 esse
1736 4172 1904 4230 Patri
1933 4171 2228 4239 Verbum3
2275 4172 2334 4227 h.
2368 4189 2418 4227 e.
2450 4173 2666 4227 natura

226 4270 385 4329 eadem
429 4280 487 4333 et
536 4274 879 4333 Divinitate
930 4274 1287 4349 praeditum,
1338 4274 1593 4352 adeoque
1645 4275 2065 4351 sempiternum
2113 4276 2174 4331 et
2223 4272 2490 4350 aequale,
2547 4292 2665 4330 non

226 4380 381 4433 autem
419 4384 677 4437 creatum
708 4382 771 4435 et
798 4378 1039 4435 factum.
1104 4378 1241 4435 Non
1283 4378 1441 4436 enim
1486 4377 1605 4436 alia
1649 4382 1736 4435 est
1778 4379 2116 4436 hominibus
2159 4377 2342 4434 insita
2381 4378 2562 4449 notin,
2597 4394 2665 4435 ac

226 4472 381 4537 Patris
404 4488 461 4539 et
486 4482 631 4541 Filii
661 4482 929 4539 subiecta
956 4482 1227 4551 vocibus3
1274 4486 1343 4539 ut
1372 4482 1475 4559 qui
1504 4481 1966 4557 praeindicatam
2009 4481 2399 4554 dogmaticam
2434 4481 2662 4555 opinio-

224 4597 329 4638 nem
364 4604 473 4644 non
508 4586 741 4657 afferat,
791 4604 867 4642 ne
910 4584 1084 4643 aliter
1126 4586 1362 4662 quidem
1406 4586 1477 4642 de
1522 4584 1860 4643 nominibus
1889 4584 2088 4643 Patris
2131 4588 2190 4641 et
2218 4584 2364 4642 Filii
2408 4584 2664 4657 cogitare
