3267 5259
1052 412 1095 454 s,
1126 414 1311 456 ,πωπω
1337 424 1374 455 c.
1404 414 1454 455 D.
1485 414 1666 465 eiusque
1692 413 1918 466 epistolae.
2591 400 2719 467 489

255 586 339 652 ad
380 588 578 653 fidem
638 589 969 677 applicare
1030 591 1279 675 pergit3
1342 611 1462 654 ceu
1519 591 1658 654 veri
1705 589 1914 654 cultus
1961 599 2025 653 et
2071 588 2390 654 bonorum
2454 610 2725 675 operum

254 701 808 768 fundamentum&
876 702 1027 767 Lex
1084 702 1193 767 illa
1254 703 1650 791 reliquarum
1707 705 1936 788 regina
1981 712 2111 787 est3
2173 711 2245 767 ut
2289 702 2514 787 diligat
2573 704 2717 789 quis

252 818 621 901 proximum
666 818 831 881 sicut
890 818 1195 903 seipsum.
1270 816 1643 902 Diligantur
1706 818 1901 881 etiam
1961 837 2286 902 pauperes
2345 828 2430 879 ex
2487 817 2724 881 amoris

254 930 489 993 eximio
552 938 907 1016 praecepto
927 931 970 994 ².
1042 929 1333 995 Conatur
1376 952 1425 993 S.
1474 929 1767 994 Jacobus
1829 929 2176 1016 plurimum
2241 927 2722 1012 commendare,

250 1052 321 1106 ut
362 1045 455 1107 ita
498 1042 849 1129 loquantur
890 1052 956 1107 et
994 1044 1240 1108 faciant
1279 1044 1577 1127 lectores,
1626 1046 1794 1108 sicut
1835 1043 1946 1108 lex
1993 1044 2275 1137 caritatis
2320 1041 2722 1128 praescribit.

250 1156 579 1222 Memores
626 1159 752 1221 sint
797 1160 1071 1221 extremi
1117 1157 1365 1240 iudicii,
1413 1160 1477 1221 in
1512 1180 1638 1243 quo
1673 1157 1918 1221 feretur
1949 1159 2270 1221 sententia
2303 1155 2382 1219 de
2413 1154 2721 1221 mandato

252 1270 615 1336 dilectionis
661 1273 1140 1363 intproximum
1186 1271 1292 1336 vel
1348 1280 1625 1355 servat0,
1683 1270 1790 1335 vel
1835 1269 2076 1335 violato
2098 1272 2139 1333 ³.
2215 1269 2526 1333 Affirmat
2585 1270 2722 1333 sine

248 1383 694 1448 misericordia
738 1383 1155 1450 iudicandum
1200 1386 1335 1471 ,qui
1384 1406 1530 1448 cum
1578 1384 1800 1447 facere
1845 1394 2072 1469 posset
2089 1387 2132 1467 ⁴,
2177 1406 2312 1447 non
2343 1382 2504 1446 fecit
2533 1384 2720 1446 mise-

248 1496 617 1563 ricordiam‘
636 1500 677 1561 ⁵.
736 1496 1181 1583 Reprehendit
1224 1498 1746 1584 intempestivam
1793 1495 2231 1583 quorundam,
2281 1498 2386 1582 qui
2437 1496 2722 1559 omnium

246 1610 560 1675 volebant
590 1633 733 1675 esse
781 1603 1101 1693 doctores,
1150 1610 1429 1676 docendi
1462 1610 1832 1695 audaciam3
1881 1610 2242 1696 eademque
2277 1631 2478 1695 opera
2517 1608 2722 1673 fusius

248 1723 557 1789 describit
600 1723 791 1807 mala,
848 1747 1015 1809 quae
1064 1748 1147 1789 ex
1192 1748 1503 1811 perverso
1550 1725 1812 1810 linguae
1857 1747 1978 1789 usu
2028 1746 2111 1789 ex
2156 1723 2400 1787 invidia
2445 1720 2716 1806 aliisque

248 1837 591 1903 affectibus
652 1837 979 1902 fraternae
1038 1840 1289 1902 caritati
1348 1836 1863 1922 adversantibus,
1927 1846 2430 1922 consequuntur.
2495 1833 2724 1898 Tradit

248 1950 655 2015 conditiones
698 1974 853 2015 vere
902 1951 1157 2016 divinae
1206 1953 1582 2037 sapientiae,
1631 1953 1732 2015 cui
1765 1950 2134 2016 vacandum
2179 1951 2283 2034 sit3
2333 1949 2534 2013 falsae
2565 1950 2720 2011 item

247 2073 310 2129 et
351 2072 685 2148 terrenae,
733 2086 929 2150 quam
996 2088 1229 2129 cavere
1288 2064 1774 2149 diligentissime
1835 2072 2135 2149 oporteat
2155 2068 2198 2127 ⁰.
2266 2063 2581 2127 Hortatur
2635 2059 2721 2123 ad

257 2212 340 2217 —
381 2212 508 2219 ..—---

243 2270 411 2335 bona,
451 2285 593 2336 quae
629 2271 682 2319 in
722 2270 907 2320 eodem
946 2269 1350 2319 obiiciebantur.
1388 2269 1589 2319 Beatus
1626 2269 1944 2330 censebitur,
1983 2269 2068 2317 eui
2106 2282 2236 2316 cura
2271 2271 2352 2315 est
2387 2264 2618 2315 audita
2653 2266 2720 2313 in

242 2358 445 2408 verbo
482 2358 603 2406 illo
642 2373 801 2421 opere
826 2357 943 2422 ipso
968 2356 1237 2421 implendi.
1273 2356 1435 2405 Addit
1458 2356 1754 2427 sanctitatis
1783 2355 2050 2405 exordium
2077 2370 2195 2404 esse
2222 2368 2396 2419 pauca
2419 2356 2472 2401 et
2497 2354 2718 2401 circum-

240 2449 423 2510 specte
459 2445 625 2511 loqui,
662 2460 762 2494 nec
798 2445 1037 2493 froenum
1063 2444 1277 2509 linguae
1314 2444 1511 2505 laxare,
1550 2448 1610 2492 ut
1636 2444 1938 2508 perniciosa
1969 2442 2205 2509 proferat
2231 2440 2313 2489 vel
2341 2442 2512 2490 otiosa
2539 2439 2719 2489 verba.

241 2534 344 2595 Qui
368 2532 473 2583 hoc
498 2533 719 2598 negligit
741 2530 890 2581 illum
916 2532 1100 2582 fallere
1125 2533 1462 2597 semetipsum
1491 2535 1543 2580 et
1567 2532 1798 2580 inaniter
1825 2530 1888 2579 de
1923 2534 2030 2579 tarn
2055 2528 2332 2595 praeclaro
2360 2527 2572 2578 nomine
2605 2526 2720 2593 glo-

237 2621 381 2669 riari.
418 2619 638 2669 Interim
659 2620 913 2669 nonsatis
934 2635 1051 2670 esse
1070 2620 1308 2685 proximo
1328 2634 1435 2668 non
1455 2634 1647 2668 nocere
1667 2618 1838 2679 dictis,
1859 2632 1924 2666 ne
1945 2630 2086 2665 vana
2104 2617 2174 2665 sit
2193 2616 2394 2680 religio,
2424 2613 2716 2663 curandum

238 2712 299 2755 ut
321 2708 371 2756 ei
396 2708 675 2772 prosimus,
703 2707 1004 2771 cumprimis
1030 2706 1331 2771 egentibus3
1371 2707 1595 2755 maxime
1622 2704 1810 2766 viduis,
1838 2704 2029 2769 quibus
2059 2704 2390 2766 maritorum3
2419 2706 2472 2751 et
2497 2699 2714 2767 pupillis

240 2794 437 2859 quibus
474 2798 755 2859 parentum
793 2793 985 2844 desunt
1020 2793 1303 2859 praesidia.
1342 2794 1587 2858 Denique
1614 2792 1935 2854 enitendum,
1962 2796 2020 2840 ut
2050 2791 2403 2861 nosmetipsos
2442 2802 2713 2838 servemus

238 2882 305 2930 ab
343 2882 767 2947 inquinamentis
804 2896 982 2947 puros.
1024 2883 1070 2943 1,
1097 2882 1319 2930 22—27.

457 2968 495 3032 ¹)
534 2968 636 3028 Qui
675 2967 871 3017 Christi
917 2972 1092 3019 castra
1136 2972 1429 3034 sequuntur
1475 2967 1669 3017 debere
1715 2980 2059 3033 personarum
2110 2965 2474 3031 acceptionem
2519 2964 2718 3026 vitare,

237 3071 299 3105 ac
337 3071 449 3105 non
486 3055 672 3105 habita
707 3057 930 3118 ratione,
969 3070 1037 3105 an
1065 3058 1183 3121 quis
1222 3056 1371 3105 dives
1408 3057 1478 3105 sit
1501 3054 1587 3104 vel
1613 3070 1833 3120 pauper,
1873 3054 2065 3104 nobilis
2101 3053 2188 3103 vel
2227 3053 2363 3115 vilis,
2403 3051 2545 3118 quod
2584 3054 2720 3101 cari-

234 3144 363 3193 tatis
403 3142 535 3192 ordo
574 3144 735 3207 exigit
767 3144 825 3192 in
862 3158 1043 3193 omnes
1082 3143 1464 3193 beneficentiae
1502 3156 1631 3192 suae
1669 3142 1896 3191 fructum
1935 3140 2192 3190 derivare.
2244 3140 2441 3189 Omnes
2479 3140 2716 3190 eiusdem

233 3230 457 3280 Domini
495 3230 557 3279 N.
582 3230 633 3279 J.
662 3230 719 3280 G.
756 3230 958 3296 gloriae
996 3236 1117 3281 sunt
1154 3232 1466 3296 participes3
1499 3229 1720 3278 redemit
1745 3245 1925 3278 omnes
1951 3228 2040 3278 ille
2065 3228 2168 3278 sibi
2195 3243 2258 3277 ex
2298 3242 2470 3292 aequo
2508 3241 2710 3288 servos,

234 3333 333 3385 par
360 3318 596 3367 omnium
624 3318 723 3367 hac
748 3320 803 3367 in
828 3334 885 3367 re
922 3318 1169 3367 conditio.
1210 3320 1257 3381 2,
1288 3320 1417 3367 1—7
1480 3315 1519 3382 ²)
1558 3316 1663 3366 Sed
1697 3320 1949 3365 caveatur
1986 3311 2434 3383 ,,προσωπολεψία“
2473 3315 2714 3379 acceptio

233 3419 613 3471 personarum3
670 3419 809 3469 quae
854 3422 959 3454 non
1009 3404 1235 3454 attendit
1283 3406 1539 3453 rationem
1591 3402 1841 3468 diligendi
1891 3403 2138 3465 divinam,
2196 3416 2354 3468 quam
2402 3402 2719 3467 praescribit

234 3494 452 3555 caritas,
491 3493 585 3542 sed
622 3492 882 3542 humanas
920 3498 973 3542 et
1010 3497 1254 3541 externas
1292 3492 1592 3557 qualitates,
1633 3506 1770 3556 quae
1805 3490 1934 3539 nihil
1971 3489 2037 3539 ad
2071 3506 2180 3539 rem
2218 3490 2434 3539 faciunt.
2479 3490 2713 3539 Demon-

236 3585 376 3630 strat
410 3579 875 3646 prosopolepticos
911 3580 1143 3645 graviter
1178 3594 1419 3645 peccare.
1457 3579 1562 3639 Qui
1585 3578 1748 3643 Legis
1773 3579 1935 3627 totius
1959 3582 2322 3643 transgressor
2349 3580 2451 3639 est3
2492 3576 2720 3641 ideoque

236 3670 303 3717 ab
344 3682 414 3717 ea
450 3672 513 3717 nt
548 3666 669 3717 talis
708 3668 1065 3730 convincitur,
1105 3682 1277 3732 grave.
1305 3668 1349 3715 is
1387 3670 1664 3738 peccatum
1702 3666 1945 3715 admittit.
2000 3665 2098 3713 Ast
2134 3663 2549 3729 prosopoleptici
2596 3668 2718 3713 sunt

232 3757 401 3819 tales3
441 3755 587 3820 quod
623 3756 700 3805 sic
738 3754 994 3820 explicat:
1034 3756 1137 3815 Qui
1172 3755 1227 3803 in
1264 3768 1371 3804 uno
1408 3770 1452 3803 e.
1478 3770 1524 3803 c.
1563 3753 1819 3814 moechia,
1858 3752 2158 3814 homicidio,
2197 3756 2382 3801 contra
2404 3751 2509 3800 Dei
2545 3750 2718 3815 legem

234 3844 529 3909 delinquit,
578 3848 982 3908 praeceptorum
1032 3843 1261 3890 omniurn
1313 3857 1434 3891 reus
1483 3846 1587 3904 est3
1644 3840 1770 3906 quia
1823 3840 2059 3905 quolibet
2107 3840 2324 3888 istorum
2374 3842 2716 3904 peccatorum

230 3932 474 3983 violatur
520 3932 641 3995 ipsa
674 3928 1022 3994 Legislatoris
1061 3930 1376 3990 auctoritas,
1417 3943 1554 3993 quae
1592 3941 1701 3976 nna
1735 3942 1834 3976 nos
1873 3926 1941 3975 ad
1987 3940 2169 3975 omnes
2204 3926 2378 3989 Leges
2427 3923 2719 3974 servandas

231 4032 453 4069 movere
492 4016 667 4066 debet.
714 4016 871 4066 Unde
910 4017 1000 4081 qui
1037 4016 1293 4065 arbitratu
1331 4030 1427 4065 suo
1466 4014 1561 4064 has
1598 4013 1685 4063 vel
1721 4013 1842 4062 illas
1879 4013 2025 4077 leges
2051 4012 2217 4062 violat
2253 4016 2305 4061 et
2339 4011 2474 4061 alias
2511 4016 2716 4075 servat3

232 4109 275 4157 is
314 4106 711 4166 auctoritatem,
752 4118 890 4169 quae
929 4102 1115 4152 eadem
1152 4104 1206 4151 in
1245 4102 1488 4151 omnibus
1526 4107 1622 4165 est,
1661 4116 1768 4150 non
1806 4104 2092 4149 reveretur.
2145 4099 2185 4163 ³)
2226 4098 2304 4147 Cf.
2343 4099 2430 4148 Fr.
2467 4098 2715 4163 Kossing‚

231 4194 329 4245 das
388 4190 693 4241 christliche
751 4190 961 4240 Gesetz.
1016 4189 1196 4240 Ueber
1244 4188 1482 4239 Jacobus
1529 4191 1587 4252 2,
1624 4189 1812 4238 8—12.
1850 4186 2094 4236 Heidelb.
2137 4186 2286 4235 1862.
2335 4202 2386 4251 p.
2427 4187 2718 4235 126—139.

132 4339 140 4349 ¹
230 4282 269 4347 ⁴)
308 4281 389 4331 Ut
424 4279 593 4329 habet
627 4278 760 4327 Ven.
798 4277 962 4339 Beda,
1003 4292 1119 4343 exp.
1159 4292 1205 4325 a.
1242 4276 1295 4325 h.
1326 4276 1359 4326 l.
1397 4277 1461 4339 V,
1499 4276 1616 4326 680.
1669 4276 1709 4339 ⁵)
1747 4276 1794 4324 E
1833 4275 2098 4323 contrario
2145 4277 2322 4323 autem
2360 4271 2716 4322 exaltaturum

228 4369 411 4429 illum,
465 4368 556 4433 qui
610 4365 795 4415 fecerit
845 4363 1287 4426 misericordiam,
1342 4368 1558 4429 propter
1610 4364 1905 4429 praemium
1961 4360 2102 4426 quod
2159 4360 2401 4425 accipiet.
2439 4362 2486 4423 2,
2524 4361 2713 4409 8—13.

230 4455 269 4521 ⁶)
309 4458 365 4519 3,
408 4455 595 4504 1—18.
652 4452 959 4518 Occupatur
996 4468 1036 4501 s.
1074 4450 1312 4500 Jacobus
1357 4452 1413 4499 in
1458 4451 1568 4499 acri
1606 4451 1854 4500 vitiorum
1902 4463 2151 4510 censura,
2192 4448 2384 4513 quibus
2431 4448 2718 4497 coniuncta

230 4558 351 4593 esse
390 4540 568 4591 solent
618 4540 931 4601 certamina,
969 4538 1117 4601 lites,
1163 4537 1330 4587 veluti
1380 4538 1617 4602 germina
1665 4551 1864 4603 pravae
1909 4536 2386 4602 concupiscentiae.
2442 4531 2716 4585 Insnmere

229 4632 475 4681 volentos
500 4630 558 4678 in
584 4627 1029 4697 concupiscentiis
1055 4627 1181 4689 suis,
1221 4639 1358 4695 quae
1384 4629 1571 4694 petunt
1597 4638 1629 4675 a
1653 4625 1788 4688 DeO,
1827 4640 1926 4675 nec
1953 4624 2210 4685 obtinent,
2251 4636 2440 4674 severa
2473 4623 2716 4673 oratione
