3267 5259
1177 446 1379 488 christus
1406 446 1595 497 pauens.
2514 436 2630 500 131

178 625 505 701 arguerent
548 625 686 680 tam
729 615 913 683 multi
935 622 975 702 ¹,
1022 641 1158 684 non
1199 618 1397 684 modo
1428 621 1665 684 iterum
1708 621 1996 705 negavit,
2044 643 2114 684 se
2146 620 2189 684 J
2193 643 2309 685 esu
2356 620 2635 706 discipu-

175 728 292 792 lum
333 729 567 813 fuisse3
630 730 747 796 sed
804 733 1071 817 insuper
1123 731 1473 796 anathema
1518 732 1640 797 sibi
1684 734 1940 818 precari
1987 734 2222 818 coepit.
2291 732 2424 796 Vix
2468 731 2637 797 haec

178 840 373 906 dicere
415 840 809 926 absolverat,
855 843 1097 928 gallum
1142 843 1347 908 altera
1389 846 1537 908 vice
1577 853 1950 908 cantantem
1983 844 2260 927 audivit,
2309 842 2352 909 J
2355 867 2634 930 esusque

177 953 422 1019 coneilio
484 953 701 1020 soluto
768 955 1002 1020 ductus
1059 958 1127 1021 in
1187 958 1449 1038 atrium,
1516 959 1582 1020 in
1640 978 1768 1042 quo
1825 955 2058 1021 Petrus
2118 955 2352 1040 stabat,
2398 957 2636 1021 faciem

177 1087 337 1130 suam
365 1066 451 1130 ad
481 1089 635 1132 eum
683 1069 1079 1151 convertit23
1124 1078 1199 1132 ut
1239 1067 1367 1133 hoc
1410 1069 1644 1131 intuitu
1690 1067 2074 1133 admoneret
2115 1067 2293 1132 illum
2323 1070 2520 1133 tacite
2553 1069 2636 1133 de

178 1303 347 1352 omisso
382 1305 599 1354 nomine
633 1305 867 1370 proprio.
904 1305 948 1356 b.
973 1304 1217 1356 Joannes
1252 1304 1449 1354 diserte
1474 1305 1754 1356 annotavit
1787 1321 1838 1354 v.
1866 1308 1947 1355 13.
1987 1303 2220 1370 Caiphae
2247 1308 2364 1354 erat
2385 1303 2633 1354 Pontifex

177 1391 285 1438 anni
316 1389 482 1440 illius:
520 1392 707 1456 itaque
740 1391 950 1440 Annam
984 1405 1276 1457 numquam
1315 1392 1527 1442 ornavit
1560 1391 1716 1440 titulo
1752 1390 2046 1441 Pontificis.
2083 1410 2125 1444 c.
2160 1391 2347 1440 Jesum
2373 1390 2442 1440 ad
2467 1391 2632 1440 alium

176 1476 233 1524 ab
262 1477 411 1526 Anna
446 1477 739 1528 deductum
776 1493 891 1528 esse
928 1495 970 1529 s.
1005 1478 1245 1529 Joannes
1281 1480 1411 1528 satie
1448 1477 1654 1526 indicat
1687 1493 1736 1526 v.
1776 1477 1962 1526 eodem
1999 1478 2237 1528 scribens
2278 1483 2363 1538 „et
2399 1476 2632 1527 adduxe-

175 1567 281 1612 runt
313 1579 429 1612 eum
464 1564 535 1613 ad
591 1564 803 1614 Annam
838 1565 1064 1630 primum
1102 1564 1355 1632 πρῶτον“;
1410 1578 1548 1630 quae
1602 1564 1844 1614 transitio
1899 1566 2066 1614 tacita
2119 1569 2200 1614 est
2247 1563 2316 1614 ad
2362 1577 2442 1626 ea,
2495 1577 2634 1629 quae

176 1649 301 1698 facta
332 1655 455 1699 sunt
488 1651 547 1700 in
585 1651 743 1701 domo
780 1651 1034 1717 Caiphae.
1071 1651 1227 1712 Quod
1265 1649 1567 1700 adhucdum
1603 1651 1653 1702 d.
1690 1650 1884 1715 legitur
1919 1650 2117 1700 Joann.
2145 1652 2225 1713 18,
2253 1651 2337 1699 24.
2377 1650 2636 1711 „misit—

175 1751 257 1798 pro
292 1737 564 1794 „miserat“
604 1743 667 1786 ut
702 1737 889 1787 Matth.
930 1741 1011 1799 16,
1038 1739 1088 1788 3.
1125 1765 1193 1773 —
1232 1753 1351 1786 eum
1390 1737 1573 1787 Annas
1612 1735 1832 1802 ligatum
1871 1737 1940 1786 ad
1977 1735 2234 1802 Caipham
2285 1735 2637 1801 pontificem“,

177 1822 487 1888 epanalepsis
524 1829 611 1873 est
646 1821 701 1872 S.
727 1821 1033 1888 scripturae
1070 1823 1522 1890 frequentissima,
1578 1827 1633 1872 et
1677 1838 1712 1873 a
1746 1839 1787 1873 s.
1823 1823 2036 1872 Joanne
2074 1821 2338 1885 adhibita,
2389 1826 2453 1871 ut
2497 1837 2635 1886 quae

176 1907 223 1954 in
254 1907 397 1958 domo
431 1909 703 1975 pontificis
740 1915 893 1975 gesta
928 1915 1257 1972 narraverat,
1287 1909 1354 1958 de
1390 1909 1487 1958 illa
1511 1908 1752 1974 Caiphae
1786 1907 2136 1974 intelligenda
2169 1913 2422 1958 moneret.
2461 1906 2549 1957 Sic
2583 1913 2637 1958 et

178 1993 311 2044 seriei
342 1994 686 2046 historiarum
720 2009 763 2044 s.
800 1996 1027 2046 Joannis
1064 2001 1119 2046 et
1153 1995 1471 2046 concordiae
1506 1995 1677 2061 ipsius
1723 2011 1842 2045 cum
1879 1995 2070 2044 ceteris
2109 1994 2472 2060 Evangelistis
2509 2009 2633 2044 con-

176 2079 349 2130 sultum
384 2083 514 2131 satis
553 2087 651 2134 est.
691 2082 771 2132 Cf.
816 2082 874 2133 C.
916 2083 1136 2146 Hasaei,
1182 2082 1365 2148 apher.
1399 2081 1473 2132 th.
1505 2082 1583 2132 ill.
1617 2081 1738 2132 hist.
1774 2083 1926 2132 Pass.
1963 2080 2022 2131 C.
2055 2081 2112 2130 in
2145 2080 2346 2146 palatio
2375 2079 2630 2146 Caiphae,

178 2166 223 2213 in
252 2181 381 2218 novo
416 2167 578 2219 Thes.
602 2169 675 2229 11,
702 2170 819 2218 549.
846 2184 889 2218 s.

362 2254 399 2319 ¹)
446 2253 771 2320 Cumprimis
816 2257 945 2322 quia
986 2257 1255 2306 mentione
1288 2255 1456 2318 horti,
1498 2255 1555 2304 in
1592 2270 1699 2320 quo
1737 2258 1966 2319 cognato
2003 2255 2098 2304 uni
2135 2253 2461 2306 adstantium
2495 2254 2634 2303 auri-

178 2337 331 2388 culam
364 2343 685 2407 amputavit,
731 2344 899 2407 premi
947 2357 1007 2392 se
1042 2343 1286 2406 sentiret3
1336 2343 1600 2408 potuisset
1634 2342 1776 2390 enim
1821 2340 1944 2390 ideo
1981 2342 2228 2391 accusari
2265 2355 2365 2390 ceu
2399 2338 2636 2390 violatae

177 2424 399 2487 publicae
431 2428 719 2492 potestatis
752 2444 892 2479 reus.
953 2427 997 2493 ²)
1035 2427 1089 2478 S.
1122 2429 1302 2479 Lucas
1334 2430 1400 2477 22
1414 2465 1427 2490 ,
1462 2429 1548 2478 61.
1592 2428 1672 2476 ait
1718 2443 2040 2488 „conversus
2088 2427 2352 2476 Dominus
2401 2427 2636 2491 respexit

179 2510 415 2562 Petrum“.
460 2512 639 2580 Super
682 2513 786 2564 hoc
836 2515 1033 2566 intuitu
1084 2515 1269 2564 variae
1322 2518 1448 2564 sunt
1500 2514 1828 2564 eruditorum
1883 2514 2196 2563 sententiae.
2258 2511 2486 2574 Quidam
2532 2511 2635 2561 hoc

182 2611 471 2654 „conversus
508 2601 778 2666 respexit“
824 2600 1112 2666 improprie
1156 2604 1373 2651 sumunt
1416 2600 1483 2650 de
1528 2599 1698 2650 oculis
1743 2601 1948 2664 gratiae
1997 2604 2051 2648 et
2095 2597 2505 2648 misericordiae.
2565 2598 2636 2646 At

178 2685 363 2749 proprie
397 2685 773 2752 accipiendum
809 2701 927 2738 esse
974 2687 1099 2737 inde
1134 2691 1305 2752 patet,
1345 2686 1489 2753 quod
1531 2686 1669 2736 illud
1703 2687 1998 2752 „respexit“
2047 2686 2230 2736 intime
2279 2685 2634 2749 coniungatur

178 2782 283 2818 cum
313 2777 665 2831 „conversus“
682 2808 697 2835 ‚
732 2774 769 2822 i.
806 2789 855 2823 e.
904 2772 1049 2838 quod
1095 2772 1338 2824 Christus
1383 2787 1576 2823 aversa
1618 2787 1654 2822 a
1698 2774 1892 2834 servis,
1931 2772 2128 2837 quibus
2172 2769 2400 2821 traditus
2453 2770 2632 2820 fuerat

178 2853 309 2918 facie,
344 2859 565 2910 eandem
603 2861 929 2910 converterit
964 2859 1034 2909 ad
1078 2874 1121 2910 s.
1153 2860 1387 2910 Petrum.
1440 2860 1527 2910 Ita
1570 2861 1714 2909 enim
1757 2862 2049 2924 usurpatur
2090 2858 2312 2908 verbum
2351 2854 2631 2924 1,,στρέφιειν“

178 2940 341 2994 Matth.
377 2947 423 3008 7,
447 2948 497 2996 6.
532 2947 671 2996 Luc.
700 2949 781 3009 10,
808 2948 891 2997 22.
928 2947 1124 2996 Joann.
1152 2949 1233 3010 12,
1258 2948 1343 2996 40.
1396 2947 1573 3012 Atque
1618 2946 1716 2996 illa
1756 2946 1968 2996 intuitio
2015 2946 2144 2996 satis
2198 2944 2470 2995 commode
2519 2943 2634 2994 fieri

178 3030 343 3091 potuit.
376 3031 511 3082 Nam
546 3032 679 3082 licet
712 3032 867 3082 nobis
906 3049 971 3083 ex
1004 3031 1303 3099 Evangelio
1340 3032 1526 3098 palatii
1562 3031 1885 3098 pontificalis
1921 3035 2189 3082 structura
2221 3029 2366 3080 haud
2399 3032 2633 3080 innotes-

179 3119 274 3176 cat,
320 3118 675 3169 verosimilius
718 3124 899 3169 tamen
936 3118 1171 3168 creditur
1218 3118 1407 3168 domus
1445 3117 1684 3184 Caiphae
1731 3116 2056 3168 vestibulum
2090 3116 2343 3166 habuisse
2383 3111 2633 3178 ῃπυλὼνῆ

181 3201 303 3264 quod
334 3203 594 3270 vulgatus
630 3205 817 3254 Matth.
854 3207 939 3266 26,
968 3207 1049 3255 71.
1088 3203 1262 3254 reddit
1299 3205 1595 3265 „ianuam.“
1635 3204 1770 3253 Post
1801 3201 2125 3254 vestibulum
2161 3208 2277 3254 erat
2313 3202 2453 3263 aula,
2492 3201 2634 3251 unde

179 3299 213 3334 s.
254 3287 457 3341 Marcus
510 3291 568 3341 id
623 3292 769 3357 quod
822 3291 873 3340 d.
920 3291 1195 3341 Matthaeo
1244 3291 1439 3340 dieitur
1486 3287 1738 3352 „vtukbvst
1788 3294 1949 3340 vocat
2003 3285 2329 3356 „vtpooeohow
2392 3290 2480 3350 14,
2541 3289 2632 3352 683

181 3374 291 3435 quia
328 3390 447 3440 pars
494 3377 591 3427 illa
636 3376 825 3428 domus
870 3377 973 3426 fuit
1014 3370 1107 3443 πρὸ
1142 3377 1227 3440 τῆς
1264 3373 1435 3440 αὐλῆς.
1494 3377 1638 3427 Aula
1679 3378 1796 3442 ipso
1843 3376 2110 3427 vestibulo
2155 3375 2457 3440 depressior
2503 3381 2634 3426 erat.

182 3457 316 3508 Unde
358 3477 463 3512 non
500 3464 603 3513 erit
640 3463 873 3525 difficile,
912 3477 1051 3528 quae
1088 3462 1303 3514 diversa
1338 3461 1532 3512 diversi
1568 3461 1953 3528 Evangelistae
1989 3461 2166 3510 dicere
2202 3460 2465 3524 videntur,
2510 3476 2632 3510 con·-

182 3543 357 3596 ciliare.
409 3548 543 3599 Cum
587 3550 815 3600 ministri
850 3549 1191 3600 sacerdotum
1226 3550 1487 3600 stitissent
1518 3550 1808 3598 Dominum
1843 3547 1914 3598 ad
1949 3547 2300 3610 vestibulum,
2347 3547 2440 3596 ubi
2477 3563 2632 3612 syne-

182 3629 329 3681 drium
374 3635 621 3698 sedebat,
676 3636 867 3686 Petrus
902 3651 956 3686 u.
990 3651 1033 3686 s.
1058 3652 1109 3685 v.
1159 3636 1391 3701 perrexit
1435 3651 1555 3684 cum
1600 3633 1708 3684 inis
1751 3635 1809 3683 in
1855 3635 2070 3696 atrium,
2119 3635 2175 3682 in
2221 3631 2402 3684 aulam
2437 3661 2504 3670 —-
2539 3630 2634 3692 ἔξω

180 3713 305 3780 soris,
328 3725 473 3770 extra
495 3737 689 3786 nempe
713 3721 1034 3772 vestibulum
1052 3723 1195 3770 —in
1220 3735 1328 3786 qua
1350 3722 1489 3786 ignis
1514 3735 1774 3770 accensus
1801 3725 1930 3770 erat.
1955 3721 2132 3786 Atque
2158 3719 2294 3770 adeo
2319 3721 2364 3770 si
2391 3720 2632 3770 conside—

182 3817 333 3854 remus
354 3805 549 3870 locum,
584 3808 682 3856 nbi
704 3809 1059 3872 interrogatus
1084 3813 1166 3857 est
1190 3807 1431 3858 Christus
1458 3821 1493 3857 a
1516 3806 1792 3872 pontifice,
1837 3807 2114 3857 editiorem
2149 3807 2314 3858 fuisse
2351 3805 2632 3868 credimus,

184 3903 237 3936 eo
266 3891 350 3941 ubi
383 3893 572 3945 Petrus
608 3894 932 3944 morabatur.
986 3891 1047 3943 Si
1081 3909 1239 3959 porro
1284 3895 1686 3958 conceperimus
1729 3893 1876 3943 haud
1919 3892 2084 3944 fuisse
2129 3893 2334 3958 pariete
2379 3897 2474 3941 aut
2511 3891 2633 3942 velo

185 3973 483 4042 distinctum,
530 3979 915 4045 intelligemus,
963 3979 1227 4044 quomodo
1266 3978 1507 4030 Christus
1554 3979 1692 4030 facie
1727 3984 2029 4030 retroversa
2061 3978 2188 4028 inde
2223 3979 2440 4028 Petrum
2475 3979 2635 4028 etiam

184 4062 329 4113 oeulis
372 4068 607 4132 corporis
652 4065 929 4132 adspicere
974 4067 1225 4131 potuerit.
1276 4064 1357 4115 cf.
1393 4065 1838 4131 Ichnographiam
1887 4064 2099 4114 aedium
2135 4065 2326 4114 summi
2359 4061 2634 4112 Pontificis

187 4149 307 4210 apud
329 4150 510 4217 Lamy,
549 4151 749 4202 Comm.
772 4153 831 4202 in
854 4153 1037 4202 Harm.
1064 4151 1097 4201 l.
1123 4152 1187 4215 V,
1214 4154 1297 4202 29.
1324 4168 1375 4216 p.
1402 4154 1521 4202 653.
1558 4152 1990 4218 Descriptionem
2011 4150 2132 4216 lege
2156 4149 2301 4215 apud
2324 4149 2375 4198 J.
2402 4148 2634 4200 Wichel-

186 4230 315 4297 haus,
348 4237 545 4288 Comm.
568 4255 616 4288 z.
642 4238 692 4287 d.
719 4237 909 4290 Gesch.
936 4238 1029 4288 des
1054 4238 1209 4288 Leid.
1232 4237 1284 4288 J.
1311 4238 1371 4287 C.
1406 4255 1457 4304 p.
1484 4240 1569 4290 48.
1611 4239 1764 4299 Quae
1801 4238 1928 4288 licet
1951 4251 2080 4286 vera
2115 4238 2236 4298 sint,
2272 4234 2432 4300 plane
2455 4239 2636 4286 tamen

190 4321 437 4382 opinamur
470 4329 683 4390 praeter
717 4323 863 4374 illam
899 4325 1238 4374 intuitionem
1272 4325 1566 4390 propriam,
1622 4325 1784 4374 etiam
1827 4323 2168 4389 impropriam
2214 4322 2423 4386 concipi
2476 4337 2635 4386 posse

190 4409 235 4453 et
262 4406 457 4460 debere.
492 4411 653 4472 Quod
684 4413 940 4476 scriptum
976 4410 1203 4476 legimus
1242 4412 1509 4475 „respexit
1542 4425 1664 4460 eum
1699 4409 1980 4470 Dominus,
2023 4409 2168 4458 intus
2205 4412 2384 4458 actum
2428 4413 2533 4471 est,
2579 4411 2634 4460 in

190 4497 339 4544 mente
371 4501 544 4546 aetum
581 4501 679 4560 est,
716 4499 773 4546 in
808 4497 1087 4548 voluntate
1123 4501 1303 4546 actum
1348 4501 1445 4547 est.
1480 4494 1850 4549 Misericordia
1892 4494 2155 4545 Dominus
2203 4493 2429 4544 latenter
2474 4495 2634 4546 Petro

190 4577 425 4645 subvenit,
460 4598 551 4633 cor
584 4584 773 4648 tetigit,
808 4584 1117 4633 memoriam
1152 4583 1451 4646 revocavit3
1495 4583 1748 4632 interiore
1785 4583 1960 4648 gratia
1995 4596 2096 4633 sua
2129 4582 2368 4632 visitavit
2401 4582 2634 4646 Petrum,

2255 4669 2323 4722 9*
