3267 5259
564 399 693 461 ‘264
1320 409 1383 449 no
1413 408 1610 450 tontibus
1636 408 1800 449 nister.
1833 407 1886 448 n.
1914 406 1968 447 n.
1995 407 2038 449 J.
2068 406 2115 447 e.
2144 417 2298 447 comm.

978 718 1036 793 ξ.
1083 716 1186 779 44.
1253 710 1583 791 Quando
1632 734 1684 773 s.
1717 710 2158 774 Matthaeus
2203 703 2638 795 scripserit.

768 903 891 967 Illa
922 926 1089 988 quae
1124 904 1300 965 circa
1331 924 1556 965 omnes
1588 901 1727 964 fere
1760 910 2126 985 temporum
2157 900 2236 964 N.
2263 900 2340 964 T.
2369 901 2880 985 computationes
2907 922 3048 963 ver·

567 1026 764 1098 satur,
798 1017 991 1078 etiam
1024 1016 1089 1077 in
1120 1014 1449 1100 praesenti
1484 1012 1868 1097 quaestione
1899 1034 2035 1076 non
2067 1011 2254 1075 deest
2285 1010 2660 1075 difficultas.
2713 1012 3048 1075 Communi

567 1127 989 1213 Antiquitatis
1014 1125 1285 1209 calcu10‚
1320 1135 1471 1189 ante
1505 1124 1627 1187 tria
1650 1124 1903 1209 reliqua
1932 1148 1982 1189 s.
2007 1124 2376 1189 Matthaeus
2399 1124 2836 1208 Evangelium
2867 1146 3046 1187 suum

570 1242 865 1305 exaravit
888 1243 922 1303 ¹.
958 1238 1104 1319 Quo
1139 1247 1357 1302 autem
1390 1260 1561 1301 anno
1596 1258 1790 1299 aerae
1825 1235 2213 1300 christianae
2244 1236 2369 1299 hoc
2403 1237 2646 1299 factum
2677 1238 2790 1319 sit,
2823 1246 3050 1300 exacte

570 1352 983 1417 determinari
1008 1353 1119 1414 vix
1143 1352 1401 1436 poterit.
1438 1349 1814 1412 Sententiae
1841 1359 2134 1413 veterum
2161 1360 2226 1413 et
2245 1350 2686 1414 recentiorum
2712 1350 2880 1413 intra
2901 1351 3050 1413 satis

570 1463 855 1549 amplum
878 1463 1197 1527 fluctuant
1221 1486 1537 1529 annorum
1564 1463 1865 1545 spatium.
1901 1462 2248 1526 Suffecerit
2271 1461 2356 1525 ad
2379 1463 2744 1525 institutum
2769 1472 3052 1525 nostrum

570 1576 815 1640 dicere:
846 1575 1101 1663 lapsis
1133 1575 1446 1662 aliquot
1476 1588 1660 1663 post
1689 1576 2397 1641 Resurrectionem
2431 1572 2729 1639 Christi
2763 1576 3050 1637 annis2.

567 1688 876 1773 Tempori
910 1699 1127 1752 autem
1162 1700 1529 1755 ceterorum
1558 1688 2072 1773 Evangeliorum
2105 1697 2257 1773 apte
2297 1698 2364 1751 et
2394 1698 2838 1773 congruenter
2867 1689 3054 1751 sumi·

571 1810 701 1883 tur,
756 1823 889 1863 non
936 1799 1173 1865 multos
1224 1800 1577 1865 admodum
1633 1800 1733 1865 ab.
1765 1800 2173 1864 Ascensione
2223 1798 2459 1863 Christi
2504 1797 2592 1862 ad
2637 1800 3054 1884 scriptionem

566 1912 911 1997 Evangelii
956 1914 1145 1999 primi
1190 1935 1395 1978 annos
1438 1912 1714 2000 elapsos
1769 1913 1937 1977 Nam
1982 1922 2052 1976 ut
2091 1922 2428 1976 taceamus
2473 1934 2528 1975 α.
2573 1910 2752 1997 quod
2795 1934 2846 1975 s.
2889 1911 2962 1974 P.
2995 1921 3058 1974 et

570 2022 637 2089 S.
682 2024 762 2088 E.
808 2034 1076 2088 narrant
1120 2048 1169 2089 s.
1220 2024 1622 2089 Matthaeum
1673 2034 2024 2110 antequam
2087 2048 2171 2087 ex
2227 2024 2270 2088 J
2274 2023 2486 2088 udaea
2533 2024 3058 2109 proficisceretur

570 2136 934 2221 scripsisse3
982 2146 1081 2201 est
1120 2160 1237 2201 cur
1274 2146 1536 2222 putetur
1565 2137 2057 2223 Evangelistam
2102 2136 2274 2200 haud
2305 2136 2476 2200 ultra
2507 2158 2753 2199 annum
2785 2134 3056 2221 quadra-

569 2250 887 2333 gesimum
912 2272 1009 2313 ae.
1039 2248 1171 2313 chr.
1197 2251 1264 2312 in
1288 2248 1546 2314 Judaea
1578 2259 2068 2314 commoratum.
2101 2248 2381 2314 Accedit
2411 2250 2466 2326 β.
2491 2259 2747 2312 mature
2779 2247 3058 2333 pseudo·

788 2488 825 2551 ¹)
865 2487 1001 2536 Vide
1048 2504 1093 2537 s.
1137 2488 1373 2549 Irenaei,
1430 2487 1550 2537 adv.
1596 2487 1740 2537 haer.
1779 2488 1874 2537 111.
1916 2492 1968 2549 1,
2007 2490 2052 2537 1.
2087 2504 2140 2552 p.
2174 2489 2291 2537 423.
2337 2487 2474 2537 haec
2517 2487 2690 2536 verba
2733 2484 2823 2547 „⁴0
2873 2482 2962 2553 μὲν
2999 2482 3056 2547 δὴ

468 2570 476 2577 ’
568 2572 813 2633 Ματϋαῖος
852 2572 899 2624 ἐν
936 2574 1035 2633 τοῖς
1074 2570 1317 2641 Ἑβραίοις
1362 2576 1423 2643 τῇ
1464 2570 1561 2639 ἰδίᾳ
1596 2571 1836 2642 διαλέκτῳ
1886 2571 2045 2623 αὐτῶν
2090 2572 2172 2623 καὶ
2213 2570 2404 2642 γραφὴν
2441 2569 2686 2643 ἐξήνεγκεν
2723 2570 3058 2640 εὖαγγελίου.“

568 2661 621 2711 S.
646 2662 857 2711 Irenaei
894 2662 1061 2711 verba
1095 2660 1281 2711 laudat
1316 2662 1598 2724 Eusebius,
1635 2662 1776 2713 Hist.
1801 2663 1928 2711 Ecc.
1967 2662 2032 2724 V,
2058 2663 2106 2711 8.
2142 2679 2194 2727 p.
2235 2663 2350 2711 172.
2410 2660 2562 2710 Idem
2597 2676 2724 2711 vero
2763 2660 3054 2719 Eusebius,

568 2749 637 2799 H.
664 2750 727 2815 E..
752 2750 849 2811 111,
878 2751 960 2799 24.
998 2750 1076 2799 sic
1112 2748 1377 2814 loquitur:
1418 2748 1754 2810 „Matthaeus
1791 2764 1912 2799 cum
1949 2749 2213 2799 Hebraeis
2237 2748 2464 2813 primum
2487 2746 2648 2797 iidem
2673 2747 3056 2813 praedicasse-t,

568 2836 693 2885 inde
729 2836 800 2885 ad
835 2835 969 2885 alias
1007 2851 1221 2901 quoque
1266 2842 1453 2901 gentes
1498 2837 1860 2901 profecturus,
1909 2835 2264 2900 Evangelium
2309 2851 2464 2885 suum
2507 2836 2685 2899 patrio
2723 2850 2974 2885 sermone
2997 2862 3058 2870 —

566 2918 756 2989 πατρίῳ
796 2918 993 2991 γλώττῃ
1018 2950 1085 2957 -
1111 2923 1481 2985 conscribens,
1524 2922 1579 2973 id
1625 2922 1770 2988 quod
1815 2923 2152 2987 praesentiae
2197 2936 2328 2971 suae
2365 2921 2543 2971 adhuc
2584 2936 2870 2986 superesse
2915 2922 3058 2970 vide·

571 3009 745 3069 batur,
784 3010 981 3073 scripto
1018 3008 1143 3070 illis,
1184 3024 1319 3075 quos
1345 3009 1684 3075 relinquebat
1705 3009 2022 3075 supplevit.“
2061 3025 2114 3073 p.
2141 3010 2224 3059 95.
2270 3009 2506 3058 Adducit
2543 3008 2778 3073 denique
2801 3008 2876 3057 ib.
2905 3011 3058 3059 etiam

568 3094 659 3157 v1,
686 3096 769 3145 25.
794 3112 845 3161 p.
872 3097 990 3145 226.
1028 3096 1197 3145 verba
1230 3096 1476 3161 Origenis
1515 3098 1761 3147 testantis
1799 3112 1828 3145 e
1851 3097 2033 3161 prisca
2055 3096 2370 3145 traditione:
2409 3094 2678 3155 „Primum
2703 3095 3058 3160 Evangelium

568 3182 821 3248 scriptum
868 3196 987 3233 esse
1024 3197 1059 3232 a
1092 3182 1365 3233 Matthaeo
1386 3220 1399 3233 .
1420 3220 1433 3233 .
1457 3225 1466 3235 .
1491 3220 1533 3245 .,
1582 3184 1676 3248 qui
1721 3183 1854 3233 illud
1901 3183 2152 3233 hebraico
2199 3198 2442 3233 sermone
2469 3210 2536 3219 --
2559 3178 2848 3250 γράμμασιν
2897 3180 3058 3249 ἑβραϊ-

568 3269 671 3326 κοῖς
708 3298 771 3306 -
808 3271 1165 3335 conscriptum
1211 3268 1437 3321 Judaeis
1488 3270 1557 3321 ad
1604 3270 1762 3319 fidem
1801 3270 2072 3320 conversis
2121 3268 2466 3334 publicavit.“
2501 3261 2651 3319 'Hoc
2685 3270 2864 3335 ipsum
2903 3270 3060 3319 habet

566 3373 609 3408 s.
634 3356 877 3407 Joannes
913 3355 1336 3421 chrysostomus,
1374 3358 1429 3406 in
1456 3356 1645 3407 Matth.
1669 3354 1762 3417 IV,
1794 3360 1837 3405 1.
1890 3355 2052 3415 „Mihi
2089 3356 2302 3421 quidem
2339 3354 2550 3405 videtur
2583 3354 2900 3407 Matthaeus
2939 3363 3056 3405 ante

462 3436 479 3453 ⁸
569 3457 751 3492 omnes
800 3456 1017 3493 manum
1070 3445 1217 3507 operi
1272 3442 1623 3495 admovisse.“
1699 3442 1818 3505 VII,
1861 3444 1945 3492 46.
2017 3442 2130 3492 Nec
2183 3442 2338 3493 aliter
2391 3442 2556 3491 sentit
2607 3442 2662 3491 d.
2699 3442 3056 3508 Epiphanius,

567 3530 773 3579 haeres.
810 3530 901 3591 LI,
938 3533 985 3579 ὃ.
1032 3530 1187 3595 Alog.
1222 3546 1275 3595 p.
1310 3532 1429 3579 425.
1486 3529 1826 3591 „Matthaeus
1863 3530 2064 3595 primus
2099 3528 2383 3594 Evangelii
2419 3528 2692 3579 scribendi
2727 3530 3058 3595 provinciam

566 3620 759 3667 nactus
796 3620 924 3667 est-‘⁶
962 3633 1015 3682 p.
1042 3618 1159 3667 426.
1224 3616 1361 3677 „Hic
1396 3617 1557 3681 igitur
1590 3616 1664 3665 M.
1691 3616 1947 3667 hebraica
1980 3616 2168 3681 lingua
2203 3616 2464 3679 scripsit.“
2527 3616 2664 3665 Cum
2701 3617 2821 3667 istis
2855 3616 3060 3666 faciunt

570 3702 623 3753 S.
663 3702 895 3768 cyrillus
938 3703 1105 3764 Hier„
1153 3708 1255 3753 cat.
1292 3703 1434 3765 XIV,
1472 3705 1554 3753 15.
1624 3702 1960 3764 „Matthaeus
2006 3704 2098 3767 qui
2141 3702 2496 3775 Evangelium
2543 3704 2762 3768 scripsit
2805 3702 3062 3753 hebraica

566 3789 705 3840 illud
742 3790 943 3855 lingua,
981 3782 1168 3856 ἑβραΐδι
1202 3786 1427 3857 γλώσσῃ,
1466 3790 1796 3854 conscripsit.
1833 3805 1884 3854 p.
1923 3791 2040 3841 212.
2077 3807 2122 3840 s.
2155 3788 2533 3853 Hieronymus,
2570 3790 2626 3837 in
2663 3790 2826 3839 catal.
2863 3790 3060 3855 Seript.

570 3876 699 3927 eccl.
727 3892 771 3926 c.
797 3876 895 3925 111.
960 3875 1295 3937 „Matthaeus
1333 3876 1425 3941 qui
1464 3880 1517 3925 et
1552 3876 1687 3925 Levi
1723 3891 1788 3925 ex
1825 3875 2114 3941 publicano
2151 3875 2468 3940 Apostolus,
2507 3875 2710 3939 primus
2753 3877 2810 3925 iu
2843 3876 3062 3927 Judaea

574 3968 791 4029 propter
836 3978 955 4025 eos,
1003 3963 1096 4027 qui
1141 3978 1205 4011 ex
1258 3962 1662 4012 circumcisione
1717 3962 2079 4021 crediderunt,
2135 3962 2492 4026 Evangelium
2543 3960 2740 4013 Christi
2793 3962 3062 4013 hebraicis

568 4050 737 4103 literis
773 4050 1055 4114 verbisque
1104 4049 1449 4113 composuit.“
1503 4048 1605 4098 Ed.
1641 4048 1894 4111 Fabricii,
1933 4049 1990 4097 in
2023 4047 2276 4097 Biblioth.
2311 4048 2462 4098 Eccl.
2489 4048 2688 4099 Hamh.
2717 4051 2867 4099 1728.
2895 4068 2954 4115 p.
2979 4056 3060 4101 30.

566 4136 743 4201 Atque
790 4136 841 4185 S.
878 4136 1233 4200 Augustinus,
1282 4134 1347 4184 tle
1393 4150 1539 4184 cons.
1574 4136 1675 4185 Ev.
1712 4135 1756 4195 1,
1793 4138 1840 4184 2.
1873 4152 1925 4200 p.
1961 4138 2010 4184 3.
2059 4134 2112 4184 S.
2149 4136 2206 4183 P.
2244 4140 2298 4185 et
2331 4134 2384 4185 S.
2421 4136 2487 4185 Ε.
2535 4136 2762 4201 vestigia
2809 4136 3062 4201 legebant

568 4222 951 4288 posterioribus
976 4221 1207 4273 saeculis
1228 4222 1547 4285 interpretes
1570 4222 1648 4271 ita
1673 4237 1873 4283 omnes,
1897 4226 1958 4271 ut
1981 4236 2202 4272 necesse
2227 4236 2336 4271 non
2361 4223 2432 4271 sit
2453 4221 2613 4286 plura
2647 4222 2716 4273 de
2753 4223 2818 4273 iis
2855 4223 3058 4273 dicere.

569 4308 609 4375 2)
646 4309 813 4359 Juxta
838 4308 1097 4375 quosdam
1134 4323 1274 4359 anno
1304 4314 1495 4359 octavo
1522 4322 1555 4357 a
1578 4309 1838 4359 Passione
1873 4309 2115 4372 Domini3
2154 4308 2446 4357 secundum
2473 4308 2608 4359 alios
2633 4308 2840 4359 decimo
2863 4312 3060 4375 quinto

566 4396 655 4445 vel
714 4395 889 4445 adhuc
949 4398 1136 4445 serius.
1221 4397 1373 4456 Quae
1426 4385 1724 4445 sententiae
1783 4394 1887 4445 fide
1941 4395 2316 4445 nonnullorum
2371 4396 2691 4459 scriptorum
2748 4398 3064 4447 recentioris

569 4484 759 4531 aetatis
797 4484 1055 4542 nituntur,
1092 4482 1189 4533 sed
1224 4483 1380 4533 nimis
1417 4482 1575 4531 fluxa.
1636 4474 1792 4531 Anno
1829 4482 1997 4547 primo
2035 4482 2240 4547 imperii
2278 4480 2492 4531 Claudii
2527 4482 2662 4547 Imp.
2695 4483 3064 4533 Romanorum

570 4569 747 4631 posuit
782 4568 954 4619 Arabs
992 4568 1263 4619 Kirstenii.
1302 4586 1353 4633 p.
1394 4570 1473 4617 24.
