3267 5259
591 435 676 501 32
1345 450 1461 491 Hist.
1491 460 1580 491 rev.
1609 448 1698 491 div.
1727 448 1895 491 Period.
1926 448 1961 491 1.
1982 448 2075 499 esp.
2106 449 2306 501 primum.

587 625 805 705 iactat,
842 631 916 687 ut
953 644 1149 709 quem
1173 622 1320 689 cibo
1367 622 1719 709 pellectum
1750 622 1897 688 loco
1942 620 2273 688 dimovere
2312 646 2446 688 non
2482 632 2767 709 poterat,
2811 622 3001 687 fastu
3040 634 3097 687 et

587 758 806 800 rerum
839 734 1192 800 ambitione
1227 746 1693 822 corrumperet.
1743 734 1878 801 Sed
1900 735 2223 801 Dominus
2247 758 2326 801 ac
2354 734 2659 800 Salvator
2691 735 3099 821 exprobrata

590 847 926 913 daemonis
981 847 1253 931 malitia,
1313 847 1492 933 quod
1559 846 1850 912 debitum
1907 847 2055 913 Deo
2124 848 2441 913 honorem
2508 846 2630 912 sibi
2678 860 3037 933 arrogaret-
3064 854 3099 929 ¹,

587 959 840 1025 hostem
885 962 1194 1047 repressit
1235 962 1570 1045 inquiens:
1618 960 1789 1025 vade
1836 968 2083 1043 satana,
2132 962 2447 1048 scriptum
2492 970 2591 1024 est
2642 962 2817 1025 enim
2868 960 3099 1025 Domi-

589 1096 744 1137 num
818 1074 1036 1137 Deum
1103 1082 1287 1137 tuum
1348 1071 1685 1155 adorabiS,
1749 1081 1813 1137 et
1872 1070 1960 1137 illi
2022 1071 2139 1137 soli
2204 1074 2450 1137 servies
2467 1074 2511 1136 ².
2585 1072 2675 1136 Et
2726 1073 2905 1137 haec
2970 1095 3097 1138 vox

592 1187 971 1271 imperantis
1003 1184 1192 1249 simul
1223 1194 1289 1249 et
1317 1186 1717 1271 increpantis
1748 1185 1887 1249 fuit.
1944 1184 2179 1271 Itaque
2210 1186 2426 1249 statim
2465 1185 2761 1250 discessit
2791 1184 3099 1250 diabolus

589 1297 674 1362 ab
707 1320 806 1363 eo.
871 1296 1178 1383 ,Stupens
1211 1306 1406 1382 atque
1441 1296 1771 1377 demirans
1801 1307 1952 1383 post
1980 1305 2079 1362 tot
2107 1296 2371 1362 saecula
2400 1298 2728 1362 invenisse
2761 1298 3095 1363 hominem

591 1409 908 1474 humanas
955 1411 1522 1496 concupiscentias
1567 1432 1702 1475 non
1754 1408 2127 1493 habentem,
2173 1419 2529 1495 natumque
2576 1412 2642 1473 in
2692 1433 2893 1475 carne
2944 1410 3097 1474 nihil

595 1524 854 1609 penitus
901 1522 1336 1609 corruptionis
1380 1521 1626 1587 habere
1674 1521 1971 1586 carnalis.
2027 1521 2429 1587 Discedente
2476 1524 2698 1608 itaque
2736 1531 3097 1587 retrorsum

597 1633 858 1699 diabolo
899 1633 1293 1700 accedentes
1329 1634 1570 1720 Angeli
1607 1634 2060 1699 ministrabant
2090 1636 2167 1699 ei.
2224 1634 2620 1721 Triumphus
2650 1636 2773 1699 iste
2808 1646 3098 1720 qua-ntae

597 1748 678 1811 sit
722 1747 990 1833 gloriae,
1024 1747 1342 1834 obsequia
1384 1770 1506 1812 nos
1551 1746 1835 1812 edocent
1878 1746 2301 1831 Angelorum.
2363 1747 2507 1811 Nec
2550 1747 2789 1810 mirum
2836 1768 3003 1811 sane
3050 1749 3098 1809 si

593 1860 732 1924 eius
768 1860 984 1945 angeli
1021 1861 1386 1925 ministeriis
1431 1866 1874 1942 occurrerunt,
1916 1862 2097 1924 cuius
2133 1860 2475 1925 victoriam
2512 1859 2949 1925 mirabantur‘
2970 1862 3014 1923 ³.

801 2054 1052 2122 Diyressio
1079 2054 1125 2106 Ι.
1145 2052 1426 2122 Disputant
1456 2054 1742 2122 interpretes
1772 2071 1873 2105 cur.
1899 2054 1963 2105 D.
1988 2054 2052 2104 N
2050 2096 2057 2105 .
2086 2053 2134 2107 J.
2166 2054 2213 2105 Ο.
2239 2052 2469 2105 diabolus
2500 2054 2775 2111 tentam—it,
2808 2053 3097 2107 tentanum.

589 2145 648 2192 ut
702 2140 760 2191 in
795 2146 1056 2209 peccatum
1107 2138 1315 2208 aliquod
1357 2141 1751 2209 praecipitaret?
1794 2157 1867 2191 an
1917 2144 1975 2192 ut
2026 2140 2166 2191 illius
2218 2140 2533 2192 divinitatem
2583 2140 2903 2209 euplum-aret!
2976 2139 3095 2187 Nou

592 2225 804 2275 videtur
849 2225 1170 2291 quibusdam
1213 2240 1250 2275 a
1291 2226 1497 2275 ratione
1543 2225 1775 2276 alienum
1824 2224 2097 2289 arbitrari,
2150 2225 2462 2276 daemonem
2508 2227 2617 2275 iam
2662 2230 2795 2275 tunc
2838 2226 3097 2290 temporis

596 2311 864 2363 Christum
899 2312 1074 2362 Deum
1123 2326 1242 2362 esse
1287 2312 1445 2362 simul
1481 2316 1535 2361 et
1568 2312 1835 2362 hominem
1884 2312 2215 2377 cognovisse.
2274 2312 2627 2363 Existimasse
2673 2317 2883 2373 tamen,
2920 2313 3095 2361 Deum

558 2389 568 2399 “
594 2399 808 2465 quidem
837 2414 1065 2465 peccare
1097 2414 1206 2449 non
1236 2414 1412 2465 posse,
1436 2398 1820 2449 humanitatem
1854 2414 1983 2450 vero
2020 2400 2178 2449 etiam
2216 2416 2335 2451 cum
2366 2398 2485 2449 Deo
2522 2400 2832 2465 copulatam
2870 2414 3097 2464 peccare

594 2500 784 2552 posse3
810 2485 895 2535 vel
922 2486 1110 2537 saltem
1129 2485 1232 2536 hac
1257 2486 1323 2535 de
1355 2501 1412 2535 re
1445 2485 1738 2548 dubitasse,
1760 2490 1922 2552 atque
1952 2486 2071 2536 ideo
2099 2486 2365 2537 Christum
2392 2486 2461 2536 ad
2484 2486 2821 2552 peccandum
2840 2484 3095 2535 tentando

593 2572 884 2637 impulisse.
946 2572 1104 2634 Quod
1149 2574 1197 2623 si
1243 2577 1494 2639 peccaret
1537 2572 1867 2635 humanitas,
1914 2572 2124 2635 dicunt,
2176 2572 2538 2623 arbitrabatur
2584 2572 2862 2635 diabolus,
2908 2574 3093 2620 miram

593 2658 740 2708 illam
785 2659 950 2710 Verbi
1003 2675 1122 2709 cum
1177 2664 1370 2710 natura
1420 2659 1655 2709 htunana
1709 2660 1957 2726 copulam
2012 2659 2431 2721 dissolvendam,
2478 2658 2977 2723 humanitatemque
3030 2658 3093 2704 ob

599 2751 880 2811 peccattun
910 2746 1311 2811 repudiandam,
1341 2751 1502 2811 atque
1527 2760 1594 2795 ea
1621 2747 1829 2795 ratione
1856 2747 2000 2796 orbis
2026 2746 2405 2796 redemtionem
2434 2746 2847 2812 impediendam.
2886 2746 3091 2794 Durum

601 2832 886 2881 exercebat
939 2832 1165 2883 daemon
1219 2834 1497 2898 imperium
1544 2832 1603 2882 in
1648 2832 1914 2895 homines,
1962 2850 2097 2899 quos
2150 2838 2429 2898 peccatum
2484 2834 2588 2884 sibi
2636 2833 2841 2883 fecerat
2891 2848 3091 2891 servos,

602 2918 809 2967 sciebat
843 2924 1020 2968 autem
1055 2918 1159 2969 hoc
1195 2934 1293 2968 suo
1329 2920 1553 2984 imperio
1591 2918 1980 2969 deturbandum
2012 2920 2067 2968 in
2098 2919 2333 2969 adventu
2363 2918 2575 2980 Christi,
2606 2920 2795 2968 statuit
2826 2934 2953 2983 ergo
2986 2934 3093 2965 rem

597 3004 895 3069 explorare,
945 3022 1070 3055 num
1107 3008 1154 3055 is
1192 3011 1333 3056 esset
1367 3006 1626 3057 Messias?
1674 3006 1753 3055 Cf.
1789 3005 1848 3056 C.
1874 3006 2142 3068 Ullmann,
2175 3006 2225 3055 d.
2252 3005 2654 3071 Siindlosigkeit
2689 3006 2841 3056 Jesu.
2868 3004 2983 3053 edit
3004 3004 3091 3052 VI.

597 3092 792 3142 Hamb.
840 3094 990 3143 1853.
1035 3110 1085 3159 p.
1131 3094 1248 3143 274.
1293 3110 1334 3142 s.
1396 3094 1467 3142 At
1517 3092 1641 3142 huic
1691 3094 1986 3143 sententiae
2042 3108 2318 3143 assensum
2373 3098 2612 3143 nostrum
2667 3092 2927 3159 praebere
2986 3107 3093 3140 non

594 3302 782 3351 inanes
809 3318 924 3351 esse
950 3302 1156 3367 species
1184 3316 1323 3367 quae
1349 3301 1418 3350 ad
1444 3300 1628 3351 oculos
1655 3299 2014 3366 appellebant.
2063 3301 2251 3366 Neque
2278 3301 2496 3351 obstant
2529 3300 2713 3361 verba,
2753 3314 2891 3365 quae
2924 3299 3093 3349 habet

597 3388 650 3438 S.
676 3389 872 3449 Lucas,
911 3389 1015 3438 ista
1049 3389 1104 3437 in
1140 3393 1406 3437 momento
1445 3388 1696 3452 temporis
1716 3384 1783 3447 ,ἐν
1821 3388 2012 3456 στυγμῇ
2048 3382 2247 3456 χρόνουι
2288 3387 2455 3437 fuisse
2491 3392 2739 3452 peracta;
2782 3386 2913 3437 haec
2952 3388 3091 3437 enim

597 3474 981 3540 Evangelistae
1016 3474 1184 3523 verba
1219 3490 1328 3523 non
1364 3478 1490 3523 sunt
1533 3473 1669 3523 adeo
1706 3474 2032 3535 coercenda,
2070 3475 2199 3539 quin
2242 3479 2415 3523 totum
2460 3464 2593 3523 illud
2636 3478 2846 3539 tempus
2886 3478 3091 3525 notent.

599 3560 743 3625 quod
780 3560 848 3609 ad
883 3560 1023 3609 hanc
1060 3576 1241 3610 eorum
1279 3576 1560 3625 regnorum
1606 3558 2019 3611 delineationem
2058 3560 2363 3625 requiritur.
2424 3556 2630 3629 ,Στιγμῇ
2668 3554 2867 3627 χρόνου,
2902 3560 3089 3609 scribit

597 3646 918 3711 Euthymius
955 3646 990 3695 l.
1027 3648 1062 3696 i.
1088 3662 1150 3709 c.,
1189 3643 1348 3704 καθὼς
1384 3643 1675 3713 προσέθηκεν
1712 3641 1739 3695 ὁ
1774 3644 1981 3707 Λουκᾶς,
2015 3643 2259 3697 τουτέστιν
2296 3642 2343 3695 ἐν
2380 3642 2554 3713 βράχει
2588 3646 2779 3713 καιριῖιί.ι
2838 3644 2917 3695 Cf.
2942 3645 3001 3695 J.
3026 3646 3091 3694 D.

596 3732 840 3794 MaioriS,
880 3734 1189 3783 scrutinium
1238 3748 1522 3799 regnorum
1567 3732 1751 3782 mundi
1800 3732 2010 3785 Christo
2048 3747 2083 3783 a
2124 3732 2339 3783 diabolo
2385 3736 2826 3795 monstratornm‚
2864 3732 2919 3781 in
2966 3748 3089 3782 nor.

598 3820 758 3869 Thes.
795 3820 837 3882 1,
879 3822 995 3870 142.
1032 3837 1074 3871 s.

809 3916 846 3979 ¹)
885 3916 978 3966 Uti
1014 3917 1154 3965 enim
1201 3931 1339 3965 unus
1377 3922 1460 3965 est
1493 3916 1661 3979 Deus,
1700 3917 1775 3965 ita
1812 3930 1919 3965 una
1955 3916 2158 3981 religiO,
2198 3930 2337 3981 quae
2372 3930 2481 3965 non
2528 3915 2786 3965 dividitur
2818 3916 2873 3964 in
2909 3916 3089 3963 varias

597 4004 820 4069 species.
884 4001 925 4065 2)
963 4002 1150 4051 Matth.
1187 4004 1244 4063 4,
1285 4004 1364 4052 10.
1415 4004 1677 4065 Tertium,
1714 4008 1775 4052 ut
1811 4002 1916 4052 duo
1953 4003 2159 4068 priora,
2198 4002 2360 4052 telum
2398 4000 2707 4066 Scripturae
2742 4002 2905 4051 Dent.
2928 4002 2981 4063 6,
3009 4004 3091 4050 13.

596 4090 784 4155 clypeo
821 4090 1080 4139 Dominus
1117 4090 1306 4149 reiicit,
1345 4088 1657 4156 hostemque
1692 4090 1905 4154 penitus
1940 4090 2141 4139 victum
2178 4089 2343 4153 fugat.
2404 4088 2567 4137 Abire
2604 4088 2755 4137 iubet
2795 4087 3089 4153 indignum.

597 4178 689 4241 qui
736 4191 856 4225 cum
908 4176 1164 4239 disputet,
1216 4190 1278 4223 eo
1327 4175 1470 4240 quod
1517 4176 1801 4226 manifesto
1845 4174 1985 4225 falsa
2027 4175 2279 4241 loquatur
2324 4190 2433 4223 non
2478 4174 2593 4223 sinc
2637 4173 2741 4223 Dei
2784 4174 3089 4238 ignominia.

597 4261 639 4324 ³)
681 4263 734 4311 S.
759 4262 1048 4323 Maximus,
1087 4260 1224 4310 hom.
1260 4259 1413 4309 hiem.
1439 4261 1609 4311 XLII.
1635 4261 1707 4311 de'
1732 4261 2001 4325 Quadrag.
2026 4262 2117 4311 VI.
2142 4277 2194 4326 p.
2224 4261 2339 4310 128.
2390 4259 2442 4309 S.
2467 4259 2648 4309 Lucas
2674 4262 2724 4309 4.
2752 4262 2833 4309 13.
2858 4259 3088 4309 addidit:

597 4348 866 4397 diabolum
905 4349 1192 4397 recessisse
1227 4362 1262 4396 a
1299 4346 1508 4397 Christo
1546 4364 1717 4413 usque
1756 4347 1825 4397 ad
1861 4352 2087 4413 tempus,
2124 4364 2197 4397 sc.
2236 4348 2599 4412 passionis;
2647 4362 2755 4396 non
2794 4348 2919 4411 quia
2960 4351 3088 4395 tunc

594 4435 744 4482 venit
787 4434 856 4482 ad
901 4434 1211 4483 tentandum
1262 4432 1554 4495 Christum,
1604 4434 1701 4483 sed
1746 4438 1805 4483 ut
1856 4438 2059 4499 pugnet
2106 4438 2313 4499 aperte,
2362 4437 2425 4482 ut
2470 4432 2637 4482 habet
2672 4432 2727 4482 S.
2762 4433 3087 4483 Ambrosius.

594 4518 630 4568 l.
657 4520 689 4568 i.
716 4535 760 4568 c.
794 4536 848 4567 n.
875 4522 958 4569 36.
993 4537 1044 4585 p.
1073 4522 1240 4581 1344„
1277 4536 1374 4584 per
1410 4498 1629 4585 propria
1664 4521 1766 4569 sibi
1804 4522 2157 4569 instrumenta
2175 4520 2523 4569 Judaeorum.
2550 4520 2635 4567 Ita
2670 4536 2883 4585 quoque
2908 4525 3087 4569 censet

598 4603 650 4652 S.
677 4604 1102 4668 Chrysostomus‚
1153 4606 1184 4653 1.
1221 4608 1254 4653 i.
1294 4622 1339 4654 c.
1378 4622 1429 4655 n.
1469 4610 1518 4655 4.
1554 4623 1605 4672 p.
1647 4609 1761 4657 172.
