3267 5259
1161 454 1443 512 Evangelium
1473 473 1507 501 s.
1530 455 1728 501 «Ioannis.
2561 444 2686 513 301

216 634 262 696 si
314 631 725 697 manifestum
771 631 1091 698 faciamus
1134 632 1273 716 hos,
1330 635 1439 719 qui
1492 633 1929 719 Evangelium
1982 644 2286 720 quartum
2344 633 2406 698 d.
2448 635 2492 700 J
2495 632 2690 699 oanni

214 744 523 830 Apostolo
594 742 973 809 abiudicant
1039 755 1105 809 et
1172 768 1209 810 e
1278 745 1549 812 Canone
1619 745 2139 811 authenticarum
2208 746 2690 833 Scripturarum

214 856 535 921 eliminare
568 856 815 940 volunt,
844 868 919 922 ut
946 880 1179 943 parum
1210 858 1525 941 dicamus,
1566 860 2016 945 gravissimam
2049 859 2308 945 culpam
2335 861 2688 924 incurrere.

215 968 523 1049 Quartum
552 969 989 1055 Evangelium
1024 971 1201 1056 quod
1240 994 1289 1035 s.
1324 971 1367 1035 J
1370 974 1599 1036 oannis
1644 974 1907 1037 nomine
1945 974 2328 1058 inscriptum
2361 983 2477 1055 est,
2525 994 2691 1058 opus

215 1104 346 1147 esse
398 1086 623 1163 γνήσιον
681 1081 1102 1169 liquidissime
1160 1082 1427 1170 probari
1485 1092 1721 1170 potest.
1811 1083 2176 1170 Evangelio
2236 1086 2358 1171 ipsi
2415 1108 2473 1151 a.
2533 1108 2688 1149 suae

212 1199 553 1275 γοησιότητος
618 1195 861 1261 indicia
924 1197 1159 1261 insunt.
1249 1197 1431 1261 Inter
1499 1219 1669 1283 quae
1739 1200 2025 1262 eminent
2094 1202 2366 1280 τεκμήρια
2432 1196 2690 1262 divinae

212 1309 491 1372 veritatis
525 1310 703 1373 omni
736 1312 1125 1395 exceptione
1156 1311 1423 1374 maiora.
1474 1308 1809 1396 Quidquid
1847 1312 2018 1375 enim
2050 1334 2098 1375 s.
2124 1311 2168 1376 J
2171 1333 2418 1376 oannes
2448 1334 2691 1375 memo-

212 1422 337 1485 riae
367 1420 676 1507 prodidit,
721 1421 828 1487 vel
869 1424 1009 1509 ipse
1054 1422 1237 1506 vidit,
1282 1422 1391 1487 vel
1435 1423 1716 1507 audivit3
1766 1442 1895 1509 quo
1943 1422 2190 1516 factum
2235 1433 2307 1488 ut
2350 1423 2508 1487 nihil
2551 1424 2690 1488 fere

212 1534 324 1596 nisi
376 1536 481 1597 cui
535 1534 830 1599 interfuit
880 1536 1159 1601 referret
1180 1540 1233 1619 ¹3
1295 1536 1420 1601 hac
1473 1559 1544 1601 re
1598 1546 1818 1601 autem
1877 1537 2212 1622 egregium
2275 1536 2358 1601 de
2416 1538 2690 1601 veritate

212 1668 465 1710 suarum
521 1646 937 1712 historiarum
991 1648 1370 1733 perhibetur
1422 1651 1882 1715 testimonium.
1957 1648 2090 1715 Ubi
2144 1672 2306 1715 vero
2357 1672 2692 1715 sermones

212 1758 439 1824 Christi
494 1760 827 1845 longiores
886 1764 1156 1847 repetit,
1211 1761 1279 1825 id
1336 1786 1469 1828 non
1528 1766 1666 1827 sine
1722 1763 2070 1828 manifesto
2129 1762 2370 1827 indicio
2433 1761 2692 1827 afflatus

213 1870 481 1958 Spiritus
531 1870 757 1938 Sancti
814 1874 970 1939 fecit
987 1877 1031 1937 2.
1110 1873 1359 1955 Quodsi
1405 1878 1535 1940 iam
1588 1876 2130 1962 perpenderimus
2184 1875 2249 1941 b.
2309 1877 2690 1961 scriptorem

211 1984 549 2071 Evangelii
595 1988 827 2072 quarti,
872 1996 945 2051 ut
986 2010 1121 2052 non
1164 2011 1297 2053 una
1327 1990 1391 2052 in
1421 1991 1666 2074 pagina
1708 1988 2042 2075 probatur,
2091 2011 2234 2053 esse
2282 1987 2690 2074 discipulum,

213 2118 398 2183 quem
444 2098 765 2185 diligebat
808 2100 1002 2166 Jesus
1022 2104 1079 2165 ³:
1128 2111 1661 2187 argumentorum
1707 2104 2352 2188 testimoniorumque
2398 2101 2691 2187 pondere

208 2381 593 2433 Montanismus
620 2397 671 2431 ιι.
699 2381 750 2432 d.
775 2382 882 2432 chr.
908 2383 1107 2432 Kirche
1144 2384 1238 2434 des
1270 2384 1343 2434 11.
1362 2383 1661 2433 Jahrhund.
1699 2385 1836 2434 Tub.
1865 2386 2016 2435 1844.
2051 2402 2101 2449 p.
2133 2386 2248 2435 183.
2275 2400 2316 2434 s.
2366 2382 2691 2449 Nachapost.

208 2468 406 2519 Zeitalt.
434 2469 520 2519 ed.
549 2482 656 2519 sec.
683 2469 819 2519 Tub.
850 2471 1004 2519 1846.
1038 2486 1089 2535 p.
1116 2472 1235 2520 346.
1260 2488 1302 2523 s.
1350 2470 1686 2535 Hilgenfeld,
1724 2470 1818 2520 der
1853 2472 2061 2521 Kanon.
2090 2486 2141 2521 u.
2170 2470 2218 2520 d.
2244 2470 2438 2520 Kritik.
2465 2470 2514 2519 d.
2541 2470 2604 2520 N.
2629 2471 2691 2520 T.

208 2570 257 2617 p.
282 2557 397 2606 209.
422 2573 467 2607 s.
507 2556 561 2606 d.
586 2556 687 2605 Ev.
714 2572 766 2607 u.
795 2556 843 2606 d.
868 2557 957 2606 ΒΥ.
983 2556 1107 2607 Joh.
1132 2574 1185 2607 n.
1209 2559 1243 2608 i.
1269 2557 1561 2622 Lehrbegr.
1600 2558 1651 2607 d.
1676 2557 1802 2607 Hal.
1831 2559 1982 2608 1849.
2017 2574 2070 2624 p.
2101 2559 2181 2607 19.
2220 2562 2275 2607 et
2310 2556 2456 2619 alibi,
2495 2558 2692 2623 passim

209 2658 407 2693 omnem
461 2643 755 2708 Evangelii
802 2644 1037 2695 Joannei
1094 2640 1339 2694 αὖθεντίαν
1386 2650 1439 2694 et
1496 2639 1788 2703 ἀξιοπιστίαν
1833 2659 2114 2711 perperam
2158 2650 2372 2710 negant.
2444 2643 2694 2693 Attamen

213 2734 331 2777 sunt
366 2735 421 2779 et
458 2730 573 2791 alii,
612 2732 704 2796 qui
748 2730 873 2781 licet
908 2732 1086 2782 varias
1125 2731 1191 2781 de
1226 2726 1511 2796 Evangelii
1548 2746 1591 2781 s.
1616 2732 1844 2782 Joannis
1893 2732 2096 2797 origine
2142 2732 2422 2797 opiniones
2457 2731 2691 2793 foveant,

207 2820 257 2864 et
290 2818 547 2867 maiorem
573 2822 754 2867 tamen
776 2818 1099 2867 minoremve
1128 2819 1285 2869 rebus
1312 2818 1368 2867 in
1394 2834 1457 2868 eo
1484 2818 1656 2867 obviis
1683 2817 2008 2867 authentiam
2047 2834 2104 2869 se
2141 2818 2268 2867 dare
2303 2818 2530 2883 professi
2567 2819 2688 2881 sint,

205 2902 365 2952 nihilo
410 2906 595 2955 secius
632 2908 745 2954 tota
780 2905 1186 2970 argumentandi
1222 2907 1429 2955 ratione
1472 2906 1603 2955 satis
1642 2904 2033 2966 demonstrant,
2081 2922 2140 2955 se
2176 2920 2209 2955 a
2244 2905 2513 2970 prioribus
2549 2904 2694 2954 haud

204 2989 421 3041 multum
448 2990 751 3054 dissentire,
791 3007 957 3057 quare
982 2998 1037 3041 et
1062 2992 1371 3043 authentiae
1406 2992 1864 3057 oppugnatoribus
1903 2992 2288 3042 annumerandi
2325 2997 2464 3043 sunt.
2519 2992 2696 3058 Atque

206 3077 257 3125 in
282 3076 423 3127 hunc
450 3093 673 3128 censum
696 3079 947 3128 veniunt:
979 3078 1039 3128 C.
1059 3080 1128 3128 H.
1152 3080 1373 3141 Weisse‚
1404 3094 1485 3129 ev,
1514 3078 1705 3129 Gesch.
1731 3078 1773 3141 1,
1799 3080 1884 3129 96.
1909 3080 1958 3129 8.
1995 3078 2065 3141 Π,
2095 3081 2211 3129 183.
2231 3094 2272 3128 s.
2315 3080 2383 3128 D.
2411 3077 2694 3141 Schenkel,

204 3162 255 3211 in
291 3164 409 3230 eph.
446 3164 603 3214 Stud.
640 3180 695 3214 u.
730 3164 865 3214 Krit.
904 3166 1055 3215 1840.
1092 3182 1142 3231 p.
1179 3167 1295 3216 764.
1344 3166 1405 3214 Α.
1445 3164 1769 3229 Schweizer,
1816 3165 1913 3216 das
1949 3166 2049 3215 Ev.
2086 3165 2283 3215 Joann.
2321 3182 2373 3214 n.
2411 3182 2451 3215 s.
2487 3166 2692 3215 innern.

206 3248 438 3301 Werthe.
476 3252 665 3317 Leipz.
696 3253 846 3302 1841.
884 3268 936 3317 p.
964 3254 1011 3301 7.
1038 3266 1079 3301 s.
1126 3252 1192 3302 L.
1216 3252 1411 3313 Weiss,
1444 3251 1540 3301 der
1564 3250 1962 3303 Johanneisehe
1987 3250 2336 3317 Lehrbegriff.
2373 3250 2515 3301 Berl.
2545 3254 2694 3301 1862.

204 3352 253 3401 p.
282 3339 397 3388 181.
424 3352 469 3387 s.
520 3336 585 3387 Β.
610 3338 905 3401 Brfickner,
942 3339 1043 3388 Ev.
1078 3355 1129 3389 u.
1161 3340 1339 3389 Briefe
1375 3338 1589 3402 Joann.,
1626 3339 1684 3387 in
1721 3339 1786 3387 de
1821 3338 2000 3388 Wette
2035 3338 2100 3387 K.
2127 3338 2227 3388 Ex.
2253 3338 2323 3387 H.
2367 3339 2512 3404 Lips.
2544 3338 2694 3389 1863.

205 3438 255 3488 p.
278 3426 397 3474 388.
424 3440 467 3475 s.
531 3425 649 3474 Nec
683 3424 851 3475 multo
886 3427 1055 3475 maior
1088 3426 1228 3475 foret
1262 3422 1483 3475 αὖθεντία
1514 3424 1798 3490 Evangelii
1835 3426 2024 3489 quarti,
2061 3425 2108 3474 si
2144 3425 2213 3473 H.
2244 3424 2466 3485 Ewaldi,
2506 3424 2693 3474 Jahrb.

206 3509 253 3559 d.
288 3511 417 3561 bibl.
454 3512 622 3561 WViss.
671 3512 770 3575 ΙΙΙ,
808 3514 959 3563 1646.
996 3527 1037 3562 s.
1083 3514 1148 3574 V,
1186 3514 1301 3563 178.
1337 3529 1380 3563 s.
1427 3514 1492 3573 X,
1530 3514 1611 3563 83.
1649 3529 1692 3563 s.
1737 3511 2020 3562 hariolatio
2059 3516 2454 3577 acceptaretur:
2505 3512 2698 3561 Ewald

204 3602 263 3646 ut
296 3598 575 3649 videretur
610 3612 800 3664 sapere
836 3598 999 3661 solus,
1040 3604 1093 3648 et
1128 3599 1333 3664 aliquid
1369 3600 1506 3650 scire
1543 3600 1687 3664 quod
1726 3598 1816 3649 alii
1853 3600 2186 3664 ignorarent3
2231 3599 2482 3649 novitatis
2519 3599 2694 3649 studio

194 3688 257 3733 -et
290 3685 587 3735 ambitione
626 3685 818 3735 ductus
854 3686 1049 3734 iactat:
1095 3685 1359 3735 Joannem
1406 3686 1462 3735 in
1500 3685 1886 3736 conscribendo
1921 3686 2222 3749 Evangelio
2268 3690 2411 3735 certe
2447 3690 2500 3735 et
2533 3700 2696 3735 manu

205 3771 483 3821 cuiusdam
540 3771 882 3822 amanuensis
928 3786 1113 3836 usum3
1170 3774 1261 3837 qui
1309 3788 1356 3821 c.
1406 3774 1489 3821 21.
1526 3772 1740 3823 Joanne
1793 3771 1970 3821 adhue
2021 3773 2160 3821 inter
2205 3772 2358 3822 vivos
2413 3773 2698 3837 superstite

208 3857 531 3921 addidisset3
595 3860 775 3907 omnia
828 3874 953 3908 vero
1008 3857 1179 3908 libera
1232 3858 1459 3923 quadam
1514 3860 1723 3908 ratione
1775 3857 2099 3908 tradidisset.
2184 3858 2389 3920 Quodsi
2441 3874 2568 3907 vero
2623 3858 2699 3914 ita

208 3942 463 3995 hariolari
500 3946 587 3994 fas
624 3946 753 4008 erit3
790 3944 955 4007 nulla,
994 3950 1055 3995 ut
1077 3946 1247 3995 cuivis
1273 3950 1434 4009 patet,
1475 3945 1629 3994 adest
1661 3944 1864 4010 regula,
1902 3945 2110 3995 nullum
2146 3946 2460 4011 principium
2500 3960 2563 3993 ex
2591 3960 2694 4008 quo

206 4028 502 4081 diiudicare
542 4032 807 4096 possimus
834 4032 960 4097 quid
986 4030 1202 4094 Joanni‚
1243 4032 1371 4096 quid
1408 4046 1674 4097 anonymo
1713 4031 2051 4081 tribuendum
2089 4033 2172 4093 sit,
2213 4036 2372 4096 atque
2407 4032 2485 4080 sic
2521 4030 2699 4080 omnia

206 4132 267 4167 ex
315 4132 442 4169 aere
490 4117 745 4184 pendent.
807 4118 985 4179 Quare
1034 4117 1289 4168 Ewaldus
1334 4133 1495 4183 super
1540 4119 1686 4183 ligno
1730 4118 1947 4167 foenum
1993 4122 2048 4167 et
2088 4118 2338 4183 stipulam
2385 4117 2694 4183 superaedi-

206 4203 398 4255 ficavit.
457 4205 759 4255 Novissime
784 4205 905 4255 XII.
933 4204 1119 4254 Jahrb.
1150 4205 1291 4254 Gott.
1328 4208 1477 4258 1865.
1504 4222 1555 4270 p.
1589 4208 1708 4255 212.
1741 4222 1782 4255 s.
1816 4206 1987 4269 magis
2027 4205 2204 4255 sobrie
2238 4205 2489 4270 loquitur.
2546 4206 2698 4266 Quae

206 4289 269 4340 de
292 4292 571 4341 Prochoro
610 4296 797 4341 auctor
833 4290 1245 4356 anepigraphus‚
1285 4293 1338 4341 in
1363 4306 1599 4357 prooem.
1625 4291 1743 4342 Cat.
1769 4292 1822 4341 in
1849 4292 2046 4341 Joann.
2072 4308 2123 4357 p.
2149 4292 2197 4340 5.
2239 4296 2401 4356 atque
2437 4292 2698 4357 imagines

205 4378 259 4427 in
281 4379 353 4427 M.
380 4378 437 4429 8.
464 4378 523 4429 S.
550 4376 838 4428 Codicibus
864 4406 930 4415 —
954 4395 1005 4427 v.
1024 4378 1087 4427 B.
1110 4379 1399 4440 Lambecii,
1426 4378 1625 4429 Comm.
1653 4378 1703 4428 d.
1731 4393 1780 4427 a.
1808 4377 1867 4427 C.
1887 4378 2026 4428 Bibl.
2053 4376 2282 4428 vindob.
2312 4380 2462 4429 1665.
2489 4378 2557 4441 11,
2580 4380 2697 4429 571.

206 4463 631 4527 Montefalconii,
668 4464 801 4514 diar.
840 4466 895 4513 it.
932 4480 983 4529 p.
1022 4466 1139 4513 262.
1168 4492 1235 4500 -
1260 4464 1460 4515 habent
1494 4466 1788 4530 nimiopere
1824 4466 2028 4514 incerta
2064 4470 2203 4515 sunt.

416 4552 459 4617 1)
502 4555 551 4613 1,
589 4554 671 4602 14.
710 4554 791 4611 19,
828 4554 909 4601 35.
945 4554 1029 4602 20.
1064 4554 1147 4603 31.
1186 4554 1269 4613 21,
1307 4554 1391 4601 24.
1425 4554 1508 4603 25.
1572 4553 1613 4615 2)
1657 4554 1737 4613 14,
1773 4554 1858 4602 26.
1896 4552 1964 4601 ad
2003 4569 2052 4617 q.
2086 4568 2137 4602 v.
2173 4552 2233 4601 F.
2268 4551 2330 4601 G.
2367 4553 2593 4616 Merene,
2633 4554 2700 4603 de

208 4638 371 4689 ultim.
400 4638 529 4688 Chr.
558 4650 711 4687 serm.
739 4639 883 4687 auth.
917 4656 968 4703 p.
994 4642 1077 4688 52.
1104 4654 1145 4687 s.
1208 4640 1251 4703 ³)
1290 4638 1475 4688 'Palem
1516 4640 1764 4688 Veterum
1813 4640 2114 4689 testimonio
2152 4639 2418 4690 Joannem
2455 4642 2699 4693 novimus
