3267 5259
522 444 651 511 526

1026 704 1355 755 TERTIUM
1392 704 1439 755 A
1478 702 1770 755 CHRISTI
1805 702 2165 755 BAPTISMO
2201 700 2500 755 PASCHA.

524 898 581 975 ξ.
635 896 733 961 16.
782 892 1076 958 Christus
1130 896 1196 958 in
1243 894 1574 959 desertum

788 979 1257 1046 Bethsaidense
1326 982 1573 1045 transit.

782 1065 1568 1153 PopulussequiturChri-

789 1162 978 1235 stum,
1005 1154 1115 1239 qui
1139 1156 1426 1240 quinque
1456 1152 1569 1218 ho·

790 1240 1035 1301 minum
1103 1239 1301 1304 millia
1365 1242 1579 1326 pascit

594 1326 777 1376 Turba
824 1327 879 1375 in
928 1329 1076 1377 mari.
1130 1328 1291 1377 Jesus
1342 1328 1579 1378 ambulat

662 1410 823 1460 super
877 1410 1062 1461 aquas,
1116 1397 1292 1446 salvat
1344 1398 1575 1459 Petrum,

665 1465 819 1515 sedat
852 1479 998 1516 mare
1034 1502 1567 1517 ..........

594 1533 660 1583 N.
698 1534 747 1583 2.
784 1535 1101 1585 Petitionem
1129 1536 1273 1585 Petri
1316 1536 1574 1597 „Domine

668 1604 795 1653 situ
822 1619 895 1665 es,
934 1604 1057 1654 iube
1094 1621 1177 1654 me
1216 1605 1284 1655 ad
1322 1611 1374 1655 te
1400 1606 1579 1655 venire

666 1687 829 1737 super
847 1678 1048 1738 aquas“
1069 1673 1256 1723 Matth.
1280 1677 1360 1737 14,
1374 1676 1455 1723 28.
1478 1690 1519 1725 s.
1536 1690 1576 1725 s.

666 1741 725 1791 P.
751 1742 809 1791 P.
847 1742 1161 1792 adscribunt
1194 1744 1363 1808 ipsius
1400 1742 1522 1793 fidei
1558 1781 1569 1793 .

603 1808 1087 1957 Capharnaumi
1112 1808 1413 1875 Salvator
1440 1810 1571 1875 Eu-

668 1918 703 1959 c
752 1896 1041 1959 aristiam
1072 1898 1405 1981 promittit.
1428 1916 1579 1967 Post-

670 1997 827 2048 quam
879 1983 1056 2048 plures
1104 2000 1347 2035 sermone
1386 1984 1582 2035 Christi

673 2052 739 2101 de
775 2068 833 2102 se
870 2057 930 2101 ut
969 2068 1139 2117 „pane
1178 2055 1349 2103 vitae“
1397 2054 1583 2104 offensi

666 2122 918 2184 fuissent,
974 2138 1017 2171 s.
1072 2122 1261 2171 Petrus
1317 2122 1583 2173 Christum

668 2190 864 2239 Filium
928 2191 1029 2239 Dei
1103 2206 1219 2240 esse
1291 2190 1581 2257 profitetur.

668 2259 801 2309 Jesu
840 2276 1151 2324 responsum
1216 2298 1571 2312 .......

600 2329 861 2379 Dominus
897 2330 1073 2393 arguit
1107 2328 1442 2381 Pharisaeos.
1489 2331 1582 2379 Di-

670 2412 857 2447 versae
892 2399 1199 2448 sanationes
1233 2398 1585 2449 miraculosae

602 2467 851 2517 Secunda
884 2466 1250 2532 multiplicatio
1296 2482 1492 2533 panum
1562 2508 1573 2520 .

601 2535 933 2598 Pharisaeos,
973 2551 1259 2601 eorumque
1290 2536 1585 2587 doctrinam

671 2605 891 2655 damnat
922 2605 1100 2667 Jesus‚
1150 2622 1370 2655 coecum
1411 2612 1583 2669 sanat,

670 2674 830 2724 Petro
892 2675 1263 2724 Primatum
1328 2675 1582 2741 spondet,

671 2758 819 2792 suam
867 2748 921 2792 et
955 2742 1335 2808 discipulorum
1379 2746 1584 2810 passio—

670 2828 791 2861 nem
854 2813 1073 2862 raedicit
1096 2850 1573 2864 .........

532 2884 591 2960 ξ.
645 2883 741 2946 17.
848 2880 1028 2944 hristi
1068 2880 1580 2965 transfiguratio;

786 2982 957 3017 sermo
1018 2984 1135 3017 cum
1197 2968 1468 3034 discipulis
1528 2971 1581 3019 in

786 3036 1047 3086 descensu
1082 3039 1275 3087 montis

602 3104 665 3154 N.
705 3106 752 3153 4.
808 3106 947 3155 Tota
982 3107 1461 3171 transfigurationis
1497 3122 1583 3157 res

672 3175 727 3224 in
764 3180 941 3224 monte
970 3176 1165 3238 Tabor‚
1206 3176 1274 3224 ad
1312 3180 1583 3226 externam

670 3244 1003 3294 intuitionem
1042 3250 1123 3293 est
1157 3244 1438 3294 referenda
1503 3284 1514 3295 .
1561 3284 1571 3295 .

606 3311 822 3362 Curatio
853 3312 1201 3376 daemoniaci,
1226 3313 1471 3379 lunatici3
1505 3317 1586 3363 vis

671 3380 796 3431 fidei

603 3450 905 3500 Praedictio
926 3453 1107 3501 mortis
1122 3457 1176 3501 et
1187 3454 1587 3503 resurrectionis

607 3518 812 3569 Solutio
849 3520 1223 3571 didrachmatis
1276 3560 1577 3571 ......

604 3589 667 3637 N.
708 3590 755 3638 4.
800 3588 1125 3639 Didrachma
1170 3590 1271 3640 hoc
1321 3589 1588 3656 quodnam

675 3661 729 3706 et
752 3658 907 3722 quale
933 3659 1189 3709 tributum
1212 3659 1401 3709 suive.
1506 3698 1517 3709 .

605 3726 669 3775 N.
712 3730 756 3775 1.
794 3728 1048 3788 Quaestio
1095 3698 1475 3793 discipulorum
1521 3728 1588 3779 de

676 3810 857 3845 eorum
891 3798 1222 3863 principatu3
1256 3800 1435 3847 variae
1464 3798 1587 3849 doc-

678 3866 849 3914 trinae
872 3902 1577 3917 .............

609 3933 878 3983 Curantur
914 3934 1095 3984 decem
1131 3934 1331 3999 leprosi
1392 3974 1403 3985 .
1450 3976 1461 3986 .
1508 3974 1518 3985 .
1565 3974 1577 3986 .

608 4002 927 4053 Samaritani
1005 4002 1269 4054 Christum
1352 4006 1589 4070 recipere

676 4072 881 4123 nolunt.
944 4072 1247 4139 Indignatio
1303 4072 1586 4139 discipulo·

676 4157 791 4191 rum
813 4179 1579 4193 ..............

608 4208 719 4259 Sub
758 4210 984 4261 medium
1012 4208 1376 4276 Scenopegiae
1402 4210 1589 4262 Salva-

678 4284 760 4329 tor
795 4280 1073 4344 praedicat
1106 4280 1161 4329 in
1198 4280 1423 4346 templo;
1474 4286 1591 4331 orat

676 4349 733 4397 in
766 4355 945 4399 monte
988 4387 1577 4400 ...........

610 4416 915 4467 Adulteram
941 4419 1297 4483 poenitentem
1330 4418 1588 4483 absolvit3

678 4488 910 4536 muneris
936 4492 989 4536 et
1014 4502 1272 4551 personae
1298 4502 1427 4537 suae
1462 4502 1589 4554 apo-

678 4552 873 4618 logiam
914 4557 1071 4619 texit,
1118 4557 1370 4622 reprobat
1405 4557 1589 4607 Phari·

680 4636 835 4675 ΒδΘΟΒ
874 4662 1579 4681 .............

1609 841 1712 894 Pag.

1649 1260 1714 1308 67

1653 1744 1719 1794 68

1655 2262 1722 2311 69

1659 2816 1724 2864 70

1656 3040 1718 3088 71

1663 3386 1726 3559 ΙΙῶ1

1665 4353 1728 4401 74

1771 1812 1886 1909 :a
1937 1813 2016 1876 18

1889 894 2088 945 Judaei
2111 894 2298 945 volunt
2323 894 2590 945 Christum
2614 893 2875 961 lapidare.

1961 962 2168 1014 Coecus
2205 970 2363 1015 natus
2401 964 2678 1015 oculorum
2719 980 2878 1014 usum

1961 1034 2156 1099 accipit
2209 1071 2868 1083 ............

1890 1102 1954 1152 N.
1993 1104 2040 1151 4.
2102 1101 2209 1152 Cur
2266 1103 2430 1153 Jesus
2489 1118 2712 1153 coecum
2769 1118 2880 1153 non

1960 1171 2152 1233 verbo,
2202 1172 2296 1221 sed
2346 1177 2401 1222 et
2447 1173 2560 1221 luto
2605 1173 2881 1223 sanaverit

1959 1241 2244 1305 inquiritur
2273 1278 2865 1291 ...........

1891 1310 2199 1374 Disputatio
2225 1310 2396 1361 altera
2420 1325 2540 1360 cum
2558 1310 2880 1361 pharisaeis.

1960 1378 2146 1428 Missio
2231 1381 2570 1445 septuaginta
2653 1380 2880 1429 duorum

1963 1446 2342 1512 discipulorum
2389 1486 2868 1499 .........

1892 1516 2162 1567 Parabola
2199 1518 2264 1569 de
2308 1518 2672 1581 Samaritan03
2718 1517 2882 1568 Jesus

2911 836 3024 890 rag.

2953 1032 3023 1080 75

1964 1586 2158 1651 hospes
2193 1588 2249 1636 in
2287 1586 2442 1637 domo
2473 1586 2696 1650 Lami-13
2733 1602 2882 1636 man·
2932 1590 2945 1603 “

1965 1654 2128 1704 ducat
2163 1654 2306 1720 apud
2337 1656 2714 1721 Pharisaeum3
2753 1656 2882 1722 quid

1963 1724 2088 1774 inde
2127 1724 2312 1774 fecerit
2334 1724 2534 1775 Jesus?
2567 1763 2870 1776 ......

2021 1857 2034 1871 .
2085 1808 2322 1873 Christi
2387 1812 2756 1875 curationes
2817 1818 2884 1873 et

2081 1895 2412 1960 doctrinae
2443 1897 2510 1960 in
2541 1898 2770 1961 itinere
2795 1894 2884 1960 ad

2079 2004 2394 2047 encaenia
2451 2039 2870 2053 ........

1897 2086 2060 2137 Jesus
2121 2102 2178 2137 se
2237 2088 2490 2137 Messiam
2559 2088 2882 2138 manifestat.

1966 2156 2164 2206 Judaei
2213 2172 2333 2205 eum
2381 2156 2568 2207 volunt
2621 2158 2884 2219 occidere,

1967 2227 2081 2291 ipse
2119 2227 2252 2291 petit
2287 2225 2646 2275 Bethabaram
2686 2265 2697 2275 .
2746 2265 2758 2275 .
2804 2265 2816 2276 .
2863 2265 2874 2278 .

1899 2312 2251 2373 Quaestiones
2299 2310 2368 2361 de
2405 2312 2712 2362 dimissione
2757 2328 2886 2363 uxo-

1970 2381 2057 2443 ris,
2107 2382 2173 2430 de
2217 2382 2538 2445 virginitate,
2587 2382 2654 2430 de
2701 2384 2886 2447 acqui-

1967 2450 2134 2499 renda
2151 2451 2264 2499 vita
2287 2454 2522 2511 aeterna,
2549 2450 2616 2500 de
2641 2450 2888 2501 mercede

1968 2520 2342 2584 Apostolorum
2373 2520 2536 2570 solvit
2569 2557 2875 2570 ......

1901 2588 2254 2638 Resuscitatio
2293 2588 2500 2639 Lazari.
2538 2588 2754 2639 Diversi
2789 2588 2887 2638 hu-

1969 2658 2054 2707 ius
2109 2658 2351 2707 miraculi
2406 2657 2625 2707 effectus
2679 2659 2736 2707 in
2788 2658 2886 2707 Ju-

1970 2727 2118 2775 daeis
2166 2763 2876 2778 .............

1901 2812 2064 2862 Jesus
2087 2812 2367 2878 Ephremi3
2400 2813 2643 2862 ascendit
2672 2813 2889 2864 Jeroso-

1969 2880 2179 2945 lymm,
2201 2883 2372 2947 aperit
2387 2882 2694 2946 passionem
2717 2896 2888 2933 suam.

1973 2951 2214 3000 Salomes
2267 2952 2484 3001 ambitio
2536 2952 2888 3017 redarguitur.

1970 3020 2262 3069 Zachaeus.
2289 3019 2411 3071 Duo
2437 3022 2586 3070 coeci
2609 3021 2892 3071 Jerichuu-

1970 3090 2069 3138 tini
2106 3094 2364 3139 sanantur
2397 3128 2877 3140 .........

1902 3176 1966 3225 Ν.
2005 3177 2053 3224 6.
2101 3173 2468 3225 Conciliantur
2501 3176 2890 3241 Evangelistae

1971 3246 2028 3293 in
2057 3245 2360 3293 narratione
2396 3244 2554 3295 huius
2591 3246 2890 3297 sanationis

1973 3314 2346 3363 dissentientes
2397 3352 2877 3365 .........

1903 3381 2170 3432 Parabola
2205 3381 2272 3431 de
2307 3382 2518 3432 homine
2554 3382 2726 3433 nobili
2760 3385 2889 3435 abe-

1973 3457 2118 3500 unte.
2169 3450 2411 3501 Christus
2450 3452 2594 3517 apud
2619 3452 2892 3503 Simonem

1972 3519 2240 3585 leprosum
2310 3522 2614 3571 manducat.
2691 3522 2892 3573 Unctio

1971 3590 2104 3639 Jesu
2141 3605 2236 3655 per
2261 3590 2484 3640 Mariam
2519 3589 2575 3638 M
2577 3626 2880 3641 ......

1901 3659 1966 3709 N.
2006 3660 2054 3707 3.
2107 3658 2284 3708 Verba
2327 3654 2893 3745 Joan.12,1.„aepb

1971 3724 2020 3786 ἐξ
2054 3727 2250 3795 ἡμερῶν
2274 3728 2360 3777 τοῦ
2391 3724 2596 3797 πάσχα“
2621 3728 2892 3795 quomodo

1972 3796 2269 3847 sumenda?

1903 3867 2114 3917 Diversi
2169 3865 2390 3917 affectus
2443 3866 2776 3917 «Iudaeorum
2836 3868 2894 3917 in

1971 3935 2158 3985 Jesum
2196 3939 2250 3984 et
2279 3934 2542 3985 Lazarum
2577 3974 2884 3986 ......

1834 4024 1893 4102 ξ.
1946 4025 2044 4089 19.
2093 4018 2528 4106 Triumphalis
2649 4020 2894 4087 Christi

2084 4110 2417 4191 ingressus
2441 4105 2483 4171 J
2487 4106 2894 4193 erosolymas

1904 4211 1985 4261 Ad
2034 4212 2340 4261 mandatum
2377 4212 2594 4263 Domini
2643 4212 2898 4279 discipuli

1977 4283 2180 4331 asinam
2219 4286 2273 4331 et
2307 4280 2510 4347 pullum
2535 4283 2586 4331 ei
2617 4281 2894 4332 adducunt

1903 4351 1969 4401 N.
2010 4354 2057 4400 7.
2103 4350 2362 4400 Matthaei
2398 4350 2584 4400 relatio
2632 4351 2700 4401 de
2738 4352 2896 4401 asina

1975 4424 2030 4469 et
2045 4418 2209 4485 pullo,
2237 4435 2344 4469 non
2363 4419 2684 4469 contradicit
2702 4422 2894 4469 ceteris

1973 4488 2349 4553 Evangelistis.
2409 4488 2550 4537 Mira
2595 4488 2790 4538 Christi
2838 4490 2892 4538 in

1973 4556 2056 4607 his
2094 4556 2402 4607 ordinandis
2437 4559 2682 4623 potentia
2715 4563 2771 4608 et
2792 4558 2891 4607 sci-

1975 4628 2119 4679 entia

2957 1726 3028 1775 76

2958 2004 3026 2052 77

2961 2228 3032 2276 78

2960 2521 3031 2569 79

2963 3092 3032 3141 81

2963 3593 3034 3642 82

2971 3940 3041 3989 83
