3267 5259
582 439 713 505 204
1347 452 1541 495 nodeca
1566 452 1928 503 Dino-initimum
1957 452 2312 503 theologicarum.

585 631 862 705 ,hominis
919 631 1130 691 Filius‘
1190 631 1542 703 exstitisset,
1598 638 1826 705 gereret
1877 650 2108 691 nomen.
2199 632 2281 690 Et
2329 650 2466 691 sane
2517 632 2660 690 huie
2717 634 2820 688 uni
2837 676 2851 700 ,
2905 633 3038 709 qnod

582 736 827 795 humani
872 736 1127 795 nominis
1170 756 1275 794 nos
1320 755 1437 794 non
1482 734 1778 812 poeniteat
1821 736 2123 805 debemus;
2183 737 2404 814 quippe
2451 738 2556 814 qui
2603 754 2740 794 cum
2781 754 3040 793 summam

582 842 767 919 ipsius
796 841 1145 914 dignitatem
1172 860 1251 899 ex
1279 840 1397 899 alio
1426 840 1589 899 fonte
1626 840 1880 915 petierit,
1913 840 2166 898 alterum
2209 858 2440 918 quoque
2481 840 2730 917 reliquis
2757 858 3042 898 cummune

581 950 641 1003 et
680 944 951 1019 vulgare,
998 945 1112 1003 sibi
1156 945 1395 1023 quidem
1440 948 1509 1001 ut
1540 962 1666 1001 rem
1709 943 2070 1018 singularem
2113 944 2468 1003 assumserit.
2527 942 2618 1000 of.
2649 963 2698 1001 s.
2729 943 3037 1020 Hippolyti,

580 1050 653 1107 de
692 1048 1041 1107 antichristo
1070 1068 1132 1106 n.
1166 1053 1270 1106 26.
1300 1049 1391 1105 ed.
1422 1048 1597 1106 Fabr.
1641 1048 1694 1119 Ι,
1737 1052 1834 1105 14.
1895 1048 2006 1105 Sed
2049 1054 2120 1106 ut
2157 1047 2448 1124 copiosius
2475 1046 2744 1105 Danielis
2787 1046 2964 1105 locum
2993 1052 3038 1117 7,

590 1158 685 1211 13.
717 1156 815 1210 14.
846 1172 923 1210 ex
952 1171 1067 1231 quo
1098 1170 1309 1211 nomen
1336 1151 1481 1209 Filii
1512 1152 1769 1210 hominis
1797 1156 1994 1210 ortum
2021 1172 2142 1209 esse
2171 1152 2451 1222 diximus,
2483 1151 2677 1209 adhuc
2705 1150 3042 1209 illustremus

579 1256 789 1315 addere
841 1256 1015 1314 licet:
1082 1261 1341 1331 tempore
1382 1275 1499 1333 quo
1549 1260 1674 1314 tota
1727 1274 1868 1329 gens
1911 1257 2142 1315 iudaica
2191 1256 2554 1315 salvatorem
2609 1256 2873 1331 patribus
2919 1254 3042 1313 olim

580 1360 929 1436 promissum
974 1360 1215 1418 Messias
1266 1358 1658 1435 adpellatione
1709 1362 2099 1435 exspectavit3
2145 1360 2322 1438 idque
2373 1359 2724 1418 vocabulum
2773 1360 2926 1417 inter
2969 1364 3043 1417 tot

579 1462 715 1535 alia,
762 1464 976 1541 quibus
1004 1461 1303 1521 Christum
1345 1463 1660 1539 prophetae
1703 1464 2056 1537 insigniunt,
2101 1464 2324 1522 factum
2367 1468 2514 1521 esset
2557 1463 3040 1537 vulgatissimum3

578 1567 778 1625 eodem
805 1566 843 1623 J
844 1586 973 1625 esus
1002 1586 1077 1624 ex
1108 1566 1293 1643 ipsius
1329 1566 1595 1625 Danielis
1633 1567 1918 1625 vaticinio
1932 1612 1946 1639 ,
1979 1570 2046 1625 in
2073 1586 2190 1645 quo
2217 1568 2334 1626 sibi
2363 1569 2597 1643 aptavit
2630 1585 2842 1625 nomen
2871 1573 2976 1639 &⁴³23
2997 1580 3043 1627 ³3

582 1704 665 1715 --
689 1671 746 1728 d.
778 1690 837 1748 q.
870 1690 929 1729 v.
961 1690 1022 1729 n.
1054 1670 1379 1744 Prolegom.
1414 1702 1499 1713 -—·
1530 1690 1635 1746 per
1669 1670 2080 1729 excellentiam
2123 1671 2288 1743 ,Filii
2317 1671 2614 1729 hominis!
2675 1672 2806 1729 Hoc
2831 1671 3044 1749 quidem

579 1775 730 1845 ideo,
764 1780 831 1833 ut
860 1774 898 1831 J
898 1775 1107 1833 udaeos
1136 1780 1409 1833 avocaret
1429 1793 1467 1832 a
1488 1775 1940 1847 cogitationibus
1961 1774 2085 1833 illis
2106 1775 2402 1846 inanibus,
2433 1776 2650 1853 quibus
2681 1771 2824 1847 μετὰ
2845 1770 3046 1846 πολλῆς

578 1875 869 1954 φαντασίας
898 1878 1171 1936 Messiam
1206 1879 1393 1952 gloria
1420 1884 1481 1935 et
1508 1880 1776 1937 victoriis
1805 1884 2100 1955 potentem
2130 1879 2348 1953 Regem
2377 1884 2696 1938 venturum
2735 1878 3044 1953 fingebant:

579 1981 1035 2061 ostenderetque,
1066 2000 1127 2039 se
1155 1984 1400 2053 venisse,
1426 1984 1517 2040 uti
1552 1983 1794 2041 decebat
1821 1983 2106 2041 humilem
2135 1990 2196 2041 et
2223 1983 2564 2058 ignobilem,
2589 1984 2788 2061 sicque
2810 1986 3044 2041 intratu-

577 2104 711 2145 rum
732 2084 1039 2145 incoeleste
1061 2105 1309 2160 regnum
1332 2106 1505 2145 suum
1528 2092 1589 2145 et
1608 2092 1932 2145 aeternum.
1979 2086 2326 2145 Confirmari
2351 2092 2542 2163 potest
2570 2088 2688 2145 ista
2717 2088 3046 2163 interpreta-

578 2191 661 2248 tio
690 2192 1108 2261 observatione,
1136 2191 1289 2268 quod
1310 2191 1347 2249 J
1348 2210 1477 2248 esus
1504 2190 1611 2269 qui
1639 2210 1700 2247 se
1727 2190 2060 2267 saepissime
2084 2190 2328 2262 ,Filium
2355 2191 2632 2249 hominis‘
2666 2192 2900 2250 vocavit
2921 2194 3046 2249 ante

576 2298 841 2365 mortem,
875 2312 945 2351 ea
970 2292 1359 2369 adpellatione
1388 2300 1694 2373 postquam
1723 2295 1798 2352 ab
1827 2294 2034 2352 inferis
2071 2297 2412 2366 resurrexit,
2459 2314 2599 2353 usus
2625 2295 2710 2353 sit
2739 2314 3044 2373 nunquam.

576 2396 793 2457 Contra
820 2416 955 2456 cum
982 2418 1019 2455 a
1046 2398 1283 2455 nemine
1310 2402 1447 2456 ante
1478 2402 1726 2456 mortem
1753 2416 1922 2456 suam
1957 2398 2314 2457 dirissimam
2341 2395 2456 2467 υἱὸς
2481 2399 2578 2455 τοῦ
2607 2396 2888 2475 ἀνθρώπου
2915 2404 3048 2455 emet

577 2502 797 2571 dictus3
829 2504 917 2561 ita
946 2502 1283 2561 nominatus
1310 2507 1399 2560 est
1426 2522 1463 2560 a
1492 2506 1921 2580 protomartyre
1949 2522 1997 2560 s.
2021 2502 2318 2578 Stephano
2347 2505 2482 2561 Act.
2515 2508 2570 2573 7,
2601 2506 2726 2573 56„
2761 2506 3046 2580 postquam

578 2606 839 2666 ascendit
867 2606 941 2665 ad
971 2605 1157 2665 coelos
1186 2610 1363 2685 atque
1391 2607 1465 2665 ad
1494 2608 1766 2665 dextram
1795 2607 1908 2665 Dei
1939 2606 2187 2665 Patris
2215 2606 2514 2665 sederet.

1687 2776 1955 2855 Λόγος

786 2918 1057 2976 Nominis
1099 2919 1278 2977 huius
1324 2920 1517 2977 octavi
1560 2918 1758 2993 gravis
1801 2918 2112 2977 admodum
2157 2924 2220 2977 et
2253 2918 2644 2994 significantis
2674 2920 3050 2995 expositiones

580 3023 779 3081 variae
796 3025 1091 3101 quaesitae
1106 3022 1366 3095 fuerunt,
1385 3022 1706 3081 nonnullae
1719 3023 1956 3100 quidem
1973 3042 2150 3101 quam
2166 3026 2426 3081 maxime
2439 3042 2764 3099 perversae.
2799 3022 3049 3081 Procaci-

578 3128 687 3185 bus
708 3127 963 3201 ingeniis
992 3128 1092 3185 hic
1120 3126 1337 3185 occasio
1364 3127 1523 3185 facta
1550 3132 1640 3185 est
1669 3128 1734 3184 in
1763 3126 2156 3201 Evangelium
2185 3133 2464 3205 quartum
2493 3128 2916 3197 debacchandi3
2961 3127 3050 3184 sed

583 3236 645 3290 et
664 3230 917 3289 infirmis
946 3232 1309 3305 argumentis
1330 3230 1553 3306 γνήσιον
1581 3230 1732 3289 illud
1763 3250 1882 3289 esse
1911 3232 1968 3289 d.
1999 3232 2037 3289 J
2037 3233 2244 3289 oannis
2271 3250 2416 3307 opus
2439 3232 2818 3308 pernegandi.
2879 3230 3050 3295 Quale

577 3354 718 3395 vero
746 3340 1107 3394 momentum
1137 3336 1349 3393 habeat
1378 3334 1655 3393 instituto
1683 3337 1808 3393 eius
1847 3338 2117 3394 examine
2147 3336 2391 3412 patebit.
2448 3336 2816 3394 Vocabulum
2855 3332 3050 3410 ,Msssc‘

580 3439 847 3515 pluribus
870 3440 1029 3497 inter
1050 3438 1293 3498 Latinos
1316 3444 1375 3497 et
1398 3440 1736 3497 nominibus
1759 3446 1820 3497 et
1839 3441 2103 3497 sensibus
2125 3440 2501 3515 exprimitur.
2535 3439 2712 3511 ,Nam
2728 3472 2816 3481 —
2829 3440 3051 3497 docente

578 3564 625 3601 s.
648 3544 1031 3621 Hieronymo,
1065 3562 1155 3619 ep.
1184 3548 1285 3601 53.
1316 3544 1391 3601 ad
1422 3542 1742 3602 Paulinum
1771 3564 1834 3601 n.
1868 3547 1926 3601 4.
1951 3564 2010 3620 p.
2039 3548 2183 3601 273.
2203 3550 2362 3601 ——et
2390 3545 2638 3602 verbum
2665 3548 2774 3614 est,
2805 3548 2868 3601 et
2895 3542 3050 3611 ratio,

578 3652 637 3705 et
674 3649 1012 3723 supputatio
1026 3692 1041 3718 ,
1089 3652 1149 3705 et
1188 3666 1363 3706 causa
1405 3646 1862 3725 uniuscuiusque
1907 3648 2029 3719 rei,
2079 3668 2182 3724 per
2224 3666 2401 3726 quam
2444 3653 2586 3705 sunt
2619 3646 2856 3721 singula
2869 3692 2884 3719 ,
2915 3664 3050 3723 quae

579 3752 949 3809 subsismnt.‘
1008 3750 1120 3808 Sed
1164 3752 1235 3809 de
1280 3751 1463 3809 variis
1506 3752 1666 3809 vocis
1709 3752 1888 3809 huius
1931 3751 2459 3825 significationibus
2501 3757 2624 3809 tam
2653 3752 2858 3821 saeris,
2889 3768 3052 3829 quam

579 3856 897 3931 pmphanis
946 3856 1327 3931 scriptoribus
1370 3854 1767 3913 usitatissimis
1787 3900 1801 3925 ,
1857 3874 2074 3933 quasve
2125 3856 2316 3913 latina
2357 3857 2524 3931 copia
2565 3856 2776 3933 nequit
2817 3855 3048 3931 assequi,

580 3964 830 4017 tractare
860 3960 987 4017 iure
1016 3959 1483 4034 supersedemus3
1514 3958 1670 4017 foret
1697 3959 1856 4016 enim
1880 3959 2072 4017 Iliada
2099 3978 2304 4017 canere
2327 3964 2458 4035 post
2477 3958 2822 4029 Homerum,
2853 3978 2970 4037 qua
2995 3958 3052 4013 in

578 4082 641 4121 re
669 4062 1017 4138 simpliciter
1061 4080 1439 4137 provocamus
1468 4063 1542 4121 ad
1572 4062 1792 4120 Lexica
1834 4080 2042 4137 graeca
2069 4082 2119 4121 e.
2150 4083 2209 4137 g.
2241 4061 2304 4120 C.
2335 4064 2412 4120 A.
2443 4061 2698 4131 Wahlii,
2731 4062 2884 4120 clav.
2915 4060 3050 4138 phil.

578 4165 743 4224 Libr.
767 4166 841 4223 V.
865 4164 931 4223 Τ.
956 4166 1117 4241 Lips.
1149 4170 1333 4223 1853.
1358 4184 1416 4241 p.
1452 4170 1617 4237 315„
1653 4170 1712 4223 et
1739 4167 1812 4224 ad
1841 4168 2394 4224 commentariorum
2423 4168 2488 4223 in
2515 4186 2564 4223 s.
2586 4165 2834 4223 Joannis
2860 4166 3048 4223 Evan-

578 4270 799 4343 gelium
840 4270 1166 4345 scriptores.
1226 4270 1323 4327 Ex
1366 4270 1638 4327 omnibus
1682 4288 1821 4330 vero
1865 4272 2120 4329 nominis
2163 4269 2330 4327 illius
2368 4268 2952 4345 interpretationibus
2993 4288 3052 4325 ea

579 4374 835 4431 maxime
872 4375 1103 4449 proprie
1146 4378 1209 4430 et
1249 4378 1481 4449 recepta
1523 4378 1627 4444 est,
1677 4380 1746 4431 ut
1781 4374 1862 4431 sit
1904 4369 2078 4448 λόγος
2121 4376 2443 4444 verbum,
2489 4375 2616 4431 sive
2657 4392 2864 4445 sermo,
2909 4373 3050 4452 quod

577 4481 893 4553 utrumque
936 4479 1001 4535 in
1044 4496 1153 4535 usu
1198 4484 1285 4535 est
1328 4477 1608 4535 Veterum
1653 4476 2020 4536 Latinorum.
2081 4478 2210 4535 Hoc
2253 4479 2490 4556 quidem
2519 4478 2894 4549 Tertulliani,
2925 4478 3050 4535 adv.

578 4578 857 4653 Hermog.
890 4600 949 4638 n.
986 4584 1085 4637 20.
1120 4580 1225 4651 IV,
1267 4586 1364 4639 17.
1426 4582 1775 4652 Novatiani,
1823 4584 1948 4640 sive
1992 4581 2234 4639 alterius
2277 4584 2577 4658 scriptoris
2593 4626 2608 4651 ,
2657 4582 2726 4639 de
2771 4582 3052 4641 Trinitate
