3267 5259
1247 453 1445 507 Epistol·
1470 454 1525 497 ιιι
1552 453 1785 497 sobmon.
2626 442 2756 508 459

273 635 619 701 irrigaverat3
656 638 713 683 et
733 633 825 701 qui
846 648 992 683 nunc
1026 636 1265 699 tempore
1300 632 1646 685 afflictissime
1681 633 2064 697 consolatione,
2103 630 2474 685 adhortatione
2499 639 2552 683 et
2583 648 2761 685 corro-

270 723 585 785 boratione,
632 734 792 787 quam
832 721 1059 771 maxime
1092 719 1421 787 indigebant.
1477 719 1752 783 colossas,
1789 720 2092 788 Philippos,
2139 722 2244 771 imo
2283 725 2340 770 et
2371 720 2759 787 Hispaniam

273 808 477 860 adiisse
514 806 769 873 creditur3
806 824 913 874 qno
949 809 1063 858 suis
1108 812 1275 857 staret
1317 809 1607 874 promissis.
1659 808 1845 858 Fidem
1887 809 1944 858 in
1989 824 2048 858 se
2093 814 2360 875 receptam
2407 814 2468 858 ut
2501 809 2761 859 liberasse

274 894 331 948 S.
370 895 596 946 Paulum
633 895 909 946 credamus
946 896 1189 961 quamvis
1234 895 1437 946 nullum
1478 890 1817 965 ἄναντίῤῥητον
1841 924 1908 933 -
1935 895 2078 961 quod
2118 896 2276 946 facile
2321 896 2578 961 largimur
2614 894 2663 944 J.
2706 895 2758 945 J.

274 983 504 1051 Spierio,
540 984 661 1034 hist.
698 984 813 1033 crit.
853 982 918 1032 de
940 982 1077 1048 hisp.
1102 983 1258 1033 Pauli
1282 984 1471 1033 itinere
1494 982 1646 1033 Rom.
1675 984 1756 1046 15,
1782 984 1864 1033 24.
1891 984 1974 1033 26.
2000 982 2219 1033 Witteb.
2248 984 2400 1033 1742.
2435 1000 2486 1049 p.
2518 984 2597 1033 10.
2624 998 2667 1033 s.
2693 1010 2758 1019 —

274 1087 307 1121 e
347 1069 399 1121 S.
428 1068 481 1121 S.
518 1074 767 1137 suppetat
802 1075 1195 1135 argumentum3
1232 1076 1411 1121 tamen
1448 1071 1605 1121 facile
1643 1071 1789 1121 credi
1825 1076 2016 1137 potest,
2053 1072 2183 1137 quia
2217 1070 2272 1120 id
2307 1070 2471 1120 habet
2505 1074 2762 1121 constans

276 1158 333 1209 S.
350 1157 404 1209 S.
418 1158 478 1208 P.
492 1158 551 1208 P.
578 1161 634 1207 et
656 1156 707 1209 S.
722 1157 788 1208 E.
812 1157 1039 1207 traditio.
1078 1156 1369 1208 Audiamus
1394 1159 1619 1225 primum
1643 1164 1831 1209 testem
1857 1174 1898 1209 s.
1914 1158 2240 1210 Clementem
2265 1172 2560 1220 romanum,
2585 1158 2758 1207 virum

274 1246 630 1312 apostolicum
666 1251 721 1295 et
754 1246 824 1295 ab
861 1259 995 1295 aevo
1030 1244 1183 1295 Pauli
1222 1260 1406 1311 parum
1443 1251 1717 1308 remotum,
1755 1248 1846 1311 qui
1871 1247 1926 1296 in
1953 1262 2035 1312 ep.
2062 1246 2130 1295 ad
2165 1245 2286 1295 Cor.
2311 1246 2352 1295 1.
2379 1246 2426 1295 ὃ.
2454 1244 2536 1297 ed.
2565 1245 2758 1295 Hefele

276 1334 373 1383 IV.
405 1334 553 1383 1855.
578 1349 629 1398 p.
656 1334 739 1383 61.
766 1336 993 1383 testatur
1018 1333 1161 1397 quod
1193 1328 1345 1395 ,,ὅλον
1376 1327 1457 1383 τὸν
1499 1328 1684 1402 κόσμον
1719 1330 1801 1383 καὶ
1837 1330 1912 1384 ἐπὶ
1946 1328 2000 1383 τὸ
2035 1331 2190 1402 τέρμα
2223 1334 2308 1398 τῆς
2345 1331 2531 1391 θύσεως
2568 1329 2758 1383 ἔλθώνίί

274 1423 333 1471 in
360 1420 563 1471 iustitia
584 1419 909 1471 instruxerit.
946 1418 1061 1470 Iam
1082 1418 1407 1471 Clementem
1432 1437 1527 1486 per
1545 1418 1734 1489 „rippa
1750 1422 1836 1485 τῆς
1856 1418 2096 1483 Bucam-3⁶2
2121 1422 2453 1487 Hispaniam,
2479 1425 2540 1469 ut
2555 1420 2755 1485 passim

272 1509 593 1573 interpretes
628 1506 785 1558 huius
823 1506 1083 1573 epistolae
1120 1512 1334 1557 sumunt
1368 1536 1433 1545 -
1469 1524 1517 1557 v.
1553 1508 1732 1571 Gams,
1763 1508 1799 1559 1.
1826 1524 1872 1558 c.
1909 1509 2150 1571 Werner,
2187 1508 2221 1559 l.
2261 1525 2307 1558 c.
2334 1538 2416 1570 —‚
2445 1506 2596 1557 cuius
2635 1522 2756 1573 pro-

274 1595 509 1661 positum
545 1593 777 1645 adeundi
812 1594 1065 1644 habuisse
1089 1593 1257 1659 liquet
1280 1610 1344 1643 ex
1372 1595 1601 1660 epistola
1636 1596 1704 1645 ad
1739 1595 1892 1645 Rom.
1921 1598 2000 1658 15,
2027 1598 2109 1645 24.
2136 1596 2237 1658 28.,
2273 1595 2598 1645 intellexisse
2623 1596 2758 1645 satis

274 1686 423 1733 certe
448 1686 529 1732 est
550 1682 848 1732 verisimile.
885 1682 1021 1731 Nam
1045 1697 1141 1748 per
1178 1683 1519 1732 terminum
1546 1682 1938 1733 Occidentis
1971 1683 2238 1747 designari
2270 1682 2666 1748 Hispaniam
2703 1687 2758 1732 et

274 1784 365 1820 res
384 1771 501 1835 ipsa
518 1768 765 1835 loquitur,
787 1775 841 1819 et
851 1769 1103 1819 Veterum
1123 1784 1415 1821 consensus
1435 1769 1688 1820 declarat.
1714 1770 1863 1819 Loca
1881 1771 2116 1835 ipsorum
2131 1770 2392 1835 producta
2407 1770 2514 1835 legi
2533 1774 2758 1835 possunt

272 1858 387 1907 iam
421 1856 565 1923 apud
588 1856 894 1920 Batonium,
920 1855 1113 1907 Annal-
1141 1871 1190 1906 a.
1218 1858 1300 1919 61,
1327 1859 1375 1907 2.
1402 1859 1451 1907 3.
1476 1873 1527 1924 p.
1554 1858 1673 1907 583.
1699 1874 1740 1907 s.
1791 1856 2044 1917 Caveum,
2071 1856 2247 1921 Antiq.
2274 1871 2358 1923 ap.
2383 1856 2488 1907 vit.
2525 1856 2682 1907 Pauli
2709 1858 2756 1919 ⁷,

276 1946 327 1995 7.
356 1960 407 2009 p.
432 1944 551 1993 480.
589 1942 769 2005 Gams,
804 1942 841 1993 1.
870 1958 917 1993 c.
952 1942 1164 1993 Mature
1202 1946 1333 1994 satis
1358 1943 1625 1993 Christum
1661 1944 1718 1993 in
1741 1943 2006 2009 Hispania.
2041 1944 2420 1993 annunciatum
2459 1958 2576 1994 esse
2611 1944 2756 1993 testi·

272 2032 471 2082 moniis
508 2046 549 2081 s.
574 2028 801 2093 Irenaei,
841 2030 961 2081 adv.
994 2032 1138 2081 haer.
1176 2032 1219 2081 I.
1256 2032 1337 2094 10,
1364 2033 1411 2081 2.
1438 2048 1489 2097 p.
1518 2032 1633 2081 120.
1659 2046 1702 2081 s.
1740 2030 2070 2092 Tertulliani,
2099 2030 2216 2080 adv.
2254 2030 2496 2081 Judaeos
2519 2046 2564 2079 c.
2593 2031 2639 2080 ⁷.
2663 2030 2756 2093 IV,

274 2120 399 2169 303.
436 2132 477 2167 s.
516 2117 789 2183 Cypriani,
817 2134 898 2184 ep.
925 2118 1143 2168 LXVII.
1182 2118 1350 2168 Felici
1385 2134 1463 2184 pr.
1491 2124 1545 2167 et
1567 2118 1710 2184 pleb.
1737 2118 1952 2169 consist.
1991 2118 2060 2168 ad
2083 2118 2374 2184 Legionem
2401 2122 2454 2167 et
2475 2118 2756 2167 Asturicae

274 2205 363 2256 ed.
404 2204 677 2256 Goldhorn
711 2222 763 2270 p.
805 2205 918 2255 180.
955 2222 997 2256 s.
1035 2207 1311 2256 evincitur.
1358 2205 1615 2257 Nolumus
1653 2208 1834 2273 itaque
1869 2208 1992 2272 piae
2019 2206 2351 2272 Antiquitati,
2391 2219 2432 2254 s.
2460 2203 2618 2254 Pauli
2653 2219 2756 2269 ope

274 2294 335 2342 in
380 2292 647 2359 Hispania
700 2292 979 2343 fundatam
1030 2293 1199 2343 fuisse
1254 2294 1577 2357 Ecclesiam,
1640 2294 1934 2360 refragare3
1987 2308 2162 2359 neque
2209 2292 2467 2358 Apostolo
2523 2290 2756 2341 debitam

273 2378 555 2431 detrahere
572 2380 802 2430 laudem.
840 2378 947 2431 Sed
970 2381 1015 2431 si
1038 2380 1126 2430 vel
1150 2383 1374 2432 maxime
1396 2384 1603 2432 incerta
1624 2386 1820 2443 essent,
1855 2396 1996 2447 quae
2021 2380 2086 2431 de
2111 2380 2212 2431 hoc
2235 2381 2424 2429 itinere
2449 2378 2756 2441 traduntur3

272 2467 524 2517 valerent
558 2472 735 2517 tamen
772 2466 980 2534 reliqua
1016 2469 1194 2518 omnia
1228 2474 1566 2535 argumenta,
1615 2484 1754 2535 quae
1787 2484 1852 2519 ex
1883 2468 2218 2519 monimentis
2267 2466 2662 2533 pretiosissimis
2699 2470 2758 2515 et

271 2554 383 2604 fide
410 2553 730 2619 dignissimis
766 2570 861 2620 pro
885 2554 1199 2605 liberatione
1226 2555 1275 2605 d.
1300 2556 1455 2606 Pauli
1482 2572 1546 2605 ex
1572 2557 1884 2621 captivitate
1907 2556 2150 2605 Romana
2175 2554 2346 2621 prima
2369 2553 2624 2603 dedimus.

474 2816 513 2893 ἓ
558 2817 661 2881 91.
707 2810 825 2877 Ad
873 2834 1066 2899 quos
1112 2815 1409 2897 scripta
1452 2816 1551 2880 sit
1597 2814 1938 2901 epistola
1981 2813 2082 2879 ad
2123 2811 2556 2879 Hebraeos.

486 3008 703 3067 Ordine
750 3030 869 3069 non
914 3014 1187 3087 tempore,
1238 3012 1451 3069 ultima
1496 3014 1656 3069 inter
1699 3012 1977 3070 Paulines
2026 3016 2358 3071 recensetur
2402 3008 2647 3086 epistola
2676 3008 2748 3065 ad

274 3115 611 3184 Hebraeos3
667 3111 819 3192 ,πρὸς
851 3110 1181 3193 Ἑβραίουςί,
1214 3122 1283 3175 ut
1318 3117 1497 3175 habet
1536 3112 1822 3194 ἐπιγραφή.
1885 3117 2305 3192 Insigniuntur
2353 3116 2465 3173 hoc
2518 3115 2755 3173 nomine

272 3239 399 3277 non
430 3237 627 3277 omnes
647 3218 857 3277 Judaei
888 3224 1009 3277 toto
1040 3221 1175 3278 orbe
1206 3221 1477 3296 dispersi3
1510 3222 1607 3279 sed
1638 3221 1898 3279 maxime
1927 3220 2124 3279 fideles
2155 3240 2185 3278 e
2217 3220 2652 3279 circumcisione
2683 3218 2755 3277 ad

274 3342 445 3383 sacra
474 3323 693 3381 Christi
726 3322 991 3383 conversi
1021 3327 1087 3382 in
1118 3324 1469 3397 Palaestina,
1503 3330 1563 3383 et
1590 3325 1966 3403 peculiariter
2005 3324 2429 3401 Hierosolymis
2458 3328 2756 3381 versantes

272 3434 454 3505 atque
482 3428 751 3485 hebraice
780 3448 825 3485 s.
851 3431 1139 3487 aramaice
1160 3428 1461 3507 loquentes
1486 3428 1525 3488 ¹.
1564 3430 1679 3487 His
1702 3431 1860 3487 enim
1883 3450 1936 3488 a.
1962 3430 2332 3505 potissimum
2353 3428 2754 3486 Hebraeorum

272 3552 487 3591 nomen
520 3528 859 3603 convenit23
892 3533 986 3590 his
1016 3535 1072 3590 b.
1106 3553 1220 3591 non
1253 3534 1386 3591 aliis
1427 3554 1531 3611 per
1572 3554 1802 3593 omnem
1833 3536 2118 3593 mundum
2149 3533 2378 3591 diffusis
2409 3532 2754 3609 promittere

270 3635 527 3713 scriptor
576 3640 785 3712 potuit,
833 3642 1153 3695 venturum
1186 3658 1245 3695 se
1290 3640 1362 3697 ad
1408 3660 1499 3697 eos
1546 3636 1950 3711 invisendos-⁹03
1997 3640 2090 3697 his
2123 3642 2263 3697 item
2308 3658 2356 3696 c.
2397 3638 2641 3695 maiores
2689 3656 2755 3694 ac

274 3740 522 3819 reliquis
552 3761 657 3817 per
687 3743 884 3799 varias
930 3744 1264 3817 provincias
1309 3744 1426 3803 late
1456 3746 1731 3821 dispersis
1769 3746 2110 3804 vexationes
2153 3743 2526 3821 perferendae
2567 3746 2752 3800 erant.
2811 3737 2820 3745 ’

272 3846 544 3921 Idipsum
566 3846 623 3902 d.
642 3864 717 3903 ex
734 3846 1009 3904 universa
1018 3846 1313 3922 Epistolae
1333 3868 1560 3907 summa
1581 3850 1900 3925 colligitur,
1925 3850 2092 3909 cuius
2115 3869 2184 3907 ea
2204 3854 2292 3907 est
2311 3847 2526 3925 species
2541 3852 2601 3905 et
2630 3846 2752 3904 sin-

272 3949 547 4025 gularum
582 3950 839 4026 partium
872 3951 1047 4016 ratim
1084 3957 1153 4010 ut
1184 3972 1562 4033 unaquaeque
1593 3956 1716 4013 fere
1748 3974 1950 4013 earum
1973 3956 2188 4024 doceat,
2224 3956 2290 4011 in
2313 3952 2550 4011 illorum
2577 3971 2749 4009 usum

273 4074 395 4111 esse
426 4054 731 4129 scriptam:
763 4054 867 4133 qui
900 4062 1127 4114 tenaces
1157 4064 1328 4116 erant
1354 4058 1581 4117 rituum
1612 4061 2013 4130 mosaicorum,
2047 4059 2150 4137 qui
2174 4058 2538 4134 splendorem
2562 4056 2754 4115 cultus

272 4158 470 4216 divini
502 4160 565 4216 in
590 4159 805 4235 templo
830 4160 1272 4220 admirabantur
1282 4184 1296 4233 ;
1330 4168 1389 4221 et
1418 4164 1487 4221 de
1517 4164 1729 4241 quibus
1752 4165 2072 4222 verendum
2103 4168 2246 4233 erat,
2275 4182 2348 4220 ne
2373 4181 2408 4219 a
2431 4162 2754 4219 christiana

272 4262 560 4337 religione
591 4263 755 4321 cuius
786 4267 1137 4324 exercendae
1182 4269 1384 4325 modus
1421 4268 1744 4345 simplicior
1785 4274 1947 4340 esset,
1981 4268 2360 4326 desciscerent
2389 4272 2450 4325 et
2478 4267 2550 4324 ad
2593 4265 2755 4323 avita

272 4386 437 4426 sacra
460 4368 741 4426 redirent.
774 4367 935 4431 Quae
956 4366 1153 4429 omnia
1176 4392 1293 4430 non
1316 4374 1610 4451 quadrant
1631 4376 1698 4431 in
1721 4373 1962 4432 lectores
1983 4378 2156 4431 extra
2178 4376 2395 4431 terram
2421 4370 2753 4449 Urbemque

270 4490 523 4541 sacram3
566 4474 992 4533 accommodata
1021 4494 1159 4533 vero
1188 4482 1327 4534 sunt
1356 4476 1902 4549 Palaestinensibus,
1947 4482 2008 4534 et
2037 4477 2110 4534 iis
2139 4477 2374 4555 quidem
2405 4476 2749 4553 Solymaeis.

278 4611 691 4620 0-——-.—--—

488 4662 526 4724 ¹)
568 4662 629 4713 V.
656 4662 724 4713 H.
750 4662 814 4713 R.
840 4664 907 4714 D.
932 4664 997 4715 N.
1024 4665 1084 4715 T.
1110 4683 1161 4734 p.
1189 4669 1305 4718 217.
1331 4684 1374 4719 s.
1436 4667 1477 4734 ²)
1517 4667 1652 4720 Coll.
1681 4668 1804 4720 ·Act.
1831 4670 1880 4733 6,
1909 4670 1955 4718 1.
2017 4668 2056 4735 ³)
2093 4668 2258 4719 Hebr.
2289 4669 2369 4732 13,
2399 4670 2481 4719 23.
