3267 5259
597 474 722 538 182
1347 483 1541 525 Dodeeas
1569 482 1934 534 Disquisitionum
1965 482 2324 535 theolog-icarum.

596 668 784 722 achten
826 668 872 736 I,
924 669 1011 720 74.
1044 683 1087 721 ε.
1126 666 1190 718 Ρ.
1224 664 1495 735 Schleyer,
1541 667 1677 719 ‘ii-ber
1715 666 1802 719 die
1839 682 1947 719 von
1987 664 2274 719 Matthc'ius
2313 666 2429 718 und
2470 664 2670 717 Lakas
2709 664 3072 734 mityethemea

606 771 969 842 Genealoyien
1011 770 1067 827 J.
1106 768 1187 840 0.,
1232 770 1290 824 in
1333 786 1457 825 ann.
1512 768 1648 825 Uib.
1707 768 2081 831 Quartalschr.
2133 770 2312 823 1836.
2351 785 2416 836 Ρ.
2466 770 2607 823 403.
2656 786 2702 823 ε.
2749 771 2888 821 539.
2929 787 2972 821 ε.
3021 768 3071 823 C.

606 876 879 943 Wieseler,
926 874 1013 929 die
1054 872 1565 942 Geschlechtstafeln
1596 872 1653 927 J.
1687 874 1736 928 b.
1772 872 1854 928 Μ
1889 892 1942 929 u.
1979 874 2068 940 L„
2113 872 2169 925 in
2209 890 2335 928 aum.
2369 872 2529 928 stud.
2561 891 2618 927 u.
2655 872 2801 928 Krit.
2836 874 3007 927 1840.
3025 872 3072 941 j.

596 981 671 1035 ΙῙ.
708 981 809 1035 Fr.
843 978 1130 1046 Decime&
1176 982 1231 1033 τί.
1266 978 1321 1032 d.
1357 978 1393 1033 l.
1440 976 1891 1048 Geschlechtsrey.
1937 976 1994 1031 J.
2008 974 2083 1044 (J.,
2113 976 2173 1030 in
2195 976 2309 1045 eph.
2337 975 2406 1031 Z.
2419 974 2474 1043 f.
2523 976 2656 1033 luth.
2697 975 2881 1031 Theol.
2917 978 3075 1030 1850.

585 1083 637 1152 f.
670 1083 773 1139 IV.
824 1084 1066 1150 Ebrard‚
1110 1082 1257 1137 wisc.
1306 1082 1407 1137 Kr.
1458 1082 1557 1134 der
1602 1098 1680 1133 ev.
1725 1078 1916 1137 Gesch.
1947 1081 2022 1149 Π,
2075 1083 2128 1133 5.
2148 1098 2212 1149 Ρ.
2247 1082 2376 1137 188.
2423 1080 2614 1149 Neque
2647 1081 3076 1149 praetermittere

596 1188 849 1241 volumus
877 1187 959 1243 M.
993 1186 1051 1243 J.
1084 1186 1281 1255 Bouth,
1312 1191 1496 1243 annot.
1526 1185 1585 1239 in
1615 1184 1870 1253 Africani
1899 1202 1981 1254 ep.
2015 1186 2091 1239 ad
2121 1184 2350 1241 Ari-sciti.
2385 1184 2442 1238 in
2471 1184 2650 1254 Reziq.
2680 1202 2725 1237 ε.
2757 1186 2845 1242 ed.
2875 1185 2974 1239 alt.
3013 1185 3076 1250 Π,

598 1293 739 1346 329.
775 1308 819 1347 8.
846 1289 911 1345 A.
948 1290 1225 1359 Elvenich,
1260 1291 1397 1360 disq.
1422 1292 1489 1343 de
1523 1289 1860 1361 Genealoyia
1888 1290 1942 1347 J.
1975 1289 2033 1347 0.
2055 1290 2134 1345 D.
2161 1290 2233 1344 N.
2261 1306 2304 1345 ε.
2331 1290 2366 1345 l.
2394 1296 2446 1343 et
2475 1306 2530 1343 α.
2559 1288 2866 1357 Friedlieb,
2903 1288 3076 1343 Ges-ck.

604 1398 699 1449 des
729 1395 940 1449 Lebens
978 1394 1034 1450 J.
1075 1393 1133 1449 0.
1164 1412 1226 1464 Ρ.
1252 1396 1349 1451 94.
1378 1412 1422 1451 s.
1448 1396 1549 1450 Pr.
1580 1394 1651 1449 F.
1681 1394 1754 1449 X.
1781 1394 2012 1448 Patr-itii
2049 1392 2108 1449 S.
2142 1393 2215 1462 J.,
2241 1395 2307 1447 de
2331 1393 2654 1465 Evangeliis
2681 1392 2788 1459 ΙΠ,
2822 1394 2934 1449 IX.
2960 1396 3076 1447 ἀίω.

600 1500 666 1553 de
704 1516 893 1569 ρεπεν-ε
924 1498 980 1555 J.
1022 1497 1080 1557 G.
1107 1516 1167 1568 Ρ.
1204 1500 1298 1554 33.
1341 1516 1383 1555 ε.
1429 1499 1485 1554 J.
1519 1499 1592 1553 N.
1628 1496 1792 1567 Sepp,
1842 1499 1894 1554 d.
1941 1498 2125 1552 Leben
2154 1498 2210 1552 J.
2253 1496 2472 1565 Christi,
2520 1498 2606 1552 ed.
2641 1496 2718 1552 Π.
2752 1498 2890 1568 Rey.
2923 1500 3076 1550 1854.

598 1604 675 1658 II.
714 1607 769 1669 1,
811 1606 941 1659 113.
976 1622 1019 1659 s.
1067 1602 1135 1659 G.
1166 1600 1392 1675 Scheyq,
1432 1604 1537 1659 Ev.
1577 1622 1632 1658 n.
1675 1604 1880 1659 Lucas.
1921 1602 2140 1657 Μίἰποῆ.
2185 1604 2346 1656 1861.
2387 1601 2434 1672 Ι,
2478 1603 2609 1657 187.
2649 1619 2692 1657 ε.
2735 1602 2798 1654 Α.
2841 1601 3081 1671 Βίφὺις,

600 1708 751 1760 Erkl.
794 1708 846 1763 d.
886 1708 989 1765 Eu.
1032 1725 1083 1762 n.
1127 1707 1432 1762 Matthiius.
1475 1707 1684 1761 Μ’ἰὶηει.
1725 1709 1895 1763 1864.
1925 1724 1985 1775 Ρ.
2025 1708 2124 1761 36.
2161 1724 2206 1763 ε.
2257 1706 2352 1764 Fr.
2390 1706 2540 1762 Imm.
2598 1705 2777 1774 Tafel,
2823 1707 2882 1762 d.
2915 1707 3082 1759 Lete·

600 1810 735 1865 Jeou
780 1831 834 1866 π.
884 1812 936 1869 d.
986 1812 1055 1865 B.
1108 1812 1160 1868 d.
1210 1812 1421 1883 Evanq.
1476 1812 1642 1865 Basel
1685 1814 1857 1880 1865,
1892 1830 1956 1881 Ρ.
2003 1813 2056 1865 2.
2103 1828 2149 1865 ε.

808 1914 1006 1991 Siquis
1036 1914 1101 1972 in
1130 1918 1255 1972 tota
1276 1913 1333 1971 8.
1360 1913 1418 1973 8.
1445 1915 1897 1973 difficultatibus
1920 1914 2194 1991 plurimis
2225 1916 2495 1989 obseptus
2525 1920 2614 1970 est
2643 1913 2823 1984 loeus,
2859 1924 3014 1971 certe
3041 1915 3084 1968 is

600 2024 688 2075 est
718 2020 787 2075 de
818 2018 1171 2093 Genealogia
1214 2018 1455 2077 Christi.
1524 2020 1650 2077 Neo
1686 2021 1838 2097 quod
1883 2020 2026 2077 duos
2069 2020 2351 2076 habemus
2387 2017 2804 2091 Evangelistas
2847 2018 3084 2092 scripto-

602 2142 712 2194 res,
761 2122 1091 2181 auctarium
1136 2122 1441 2181 facilitatis
1486 2128 1589 2193 est,
1654 2125 1751 2180 sed
1797 2122 2202 2197 ambiguitatis
2247 2122 2498 2179 occasio:
2557 2122 2858 2199 siquidem
2903 2123 2990 2179 ita
3029 2121 3087 2177 in

601 2226 713 2285 isto
738 2232 1080 2301 argumento
1102 2226 1321 2285 versati
1346 2233 1486 2285 sunt
1514 2248 1559 2285 s.
1578 2228 1932 2298 Matthaeus,
1973 2234 2026 2297 1,
2057 2232 2285 2284 1—17.
2319 2232 2379 2283 et
2407 2246 2452 2282 s.
2473 2226 2680 2297 Lucas,
2714 2231 2773 2298 3,
2799 2230 3082 2291 23—28„

602 2336 672 2388 ut
715 2331 780 2388 in
825 2331 1086 2389 maxima
1130 2331 1321 2407 operis
1365 2336 1533 2407 parte
1576 2352 1707 2389 suas
1738 2331 2158 2389 affirmationes
2203 2330 2268 2387 in
2313 2330 2564 2405 speeiem
2595 2333 2932 2388 contrarias
2961 2332 3086 2387 dare

603 2434 853 2492 voluisse
896 2434 1231 2493 videantur.
1280 2436 1409 2492 Imo
1454 2455 1528 2492 ne
1573 2455 1766 2493 secum
1812 2436 2048 2513 quidem
2077 2434 2319 2491 illorum
2349 2435 2756 2515 unusquisque
2785 2436 2931 2493 satis
2963 2454 3082 2491 con-

606 2539 811 2597 venire
858 2539 1145 2608 cernitur;
1194 2559 1327 2597 eum
1372 2544 1617 2617 uterque
1661 2540 1716 2597 J.
1750 2540 1812 2596 C.
1861 2538 2274 2613 Genealogiam
2312 2540 2481 2595 edere
2525 2540 2840 2614 professus,
2890 2540 3088 2597 seriem

605 2642 854 2720 denique
898 2648 1083 2701 totam
1126 2643 1193 2700 in
1236 2644 1273 2700 J
1274 2645 1553 2719 osephum
1597 2643 1848 2717 redigit3
1897 2642 2088 2701 nihilo
2133 2662 2270 2700 sane
2316 2642 2501 2717 magis
2531 2644 2606 2699 ad
2638 2643 2867 2701 Christi
2897 2662 3086 2718 genus,

606 2766 785 2825 quam
815 2747 1099 2805 vitricum
1130 2749 1203 2805 ad
1234 2747 1500 2823 privigni
1544 2748 1958 2825 pertinentem.
2005 2746 2274 2825 Denique
2319 2746 2454 2817 alia,
2502 2766 2688 2825 eaque
2733 2768 2852 2805 non
2897 2766 3088 2823 pauca,

606 2870 738 2908 eum
804 2851 1039 2908 disertis
1104 2852 1455 2910 testimoniis
1514 2873 1559 2910 s,
1607 2853 1924 2911 Librorum
1969 2852 2040 2910 V.
2088 2852 2154 2908 Τ.
2212 2850 2408 2927 palam
2463 2870 2732 2926 pugnare
2795 2852 3087 2909 videntur.

606 2954 997 3017 Quamobrem
1040 2956 1170 3013 istis
1216 2956 1583 3031 Genealogiis
1628 2956 1805 3015 multi
1835 2955 2204 3014 ‘christianae
2249 2954 2622 3030 professionis
2687 2956 2886 3013 hostes
2903 3001 2918 3027 ,
2981 2966 3090 3012 tam

604 3066 831 3117 veteres
876 3078 1053 3137 quam
1097 3060 1444 3118 recentiores
1462 3106 1475 3130 ,
1524 3060 1704 3118 etiam
1749 3060 1916 3119 abusi
1961 3064 2101 3117 sunt
2145 3060 2219 3117 ad
2263 3058 2438 3116 fidem
2481 3058 2539 3115 S.
2574 3058 2924 3117 Literarum
2965 3078 3086 3116 eon-

606 3162 955 3221 vellendam.
1010 3163 1120 3220 Sed
1152 3169 1211 3220 et
1238 3163 1359 3221 viri
1390 3165 1662 3222 veritat-is
1709 3168 1968 3222 amantes
2000 3164 2070 3221 de
2102 3160 2367 3242 συνφωνίᾳ
2402 3167 2462 3221 et
2508 3159 2820 3242 ἀσυνφωνίᾳ
2861 3186 2912 3221 s.
2945 3166 3087 3221 Mat-

608 3266 767 3324 thaei
812 3274 871 3324 et
914 3288 959 3324 s.
991 3268 1184 3325 Lucae
1227 3268 1475 3325 haerent
1517 3268 1703 3326 dubii.
1763 3268 1892 3325 Etsi
1938 3272 2134 3324 autem
2178 3266 2244 3323 in
2289 3266 2419 3323 istis
2463 3263 2859 3343 γενεαλογίαις
2909 3267 3090 3325 conei-

606 3371 821 3429 liandis
868 3373 1040 3429 eardo
1086 3376 1315 3429 nost-rae
1360 3371 1579 3430 Salutis
1624 3372 1868 3429 minime
1911 3376 2201 3441 vertatur,
2267 3389 2454 3449 neque
2497 3370 2638 3427 fides
2687 3371 3085 3446 periclitetur:

608 3480 804 3532 tamen
848 3481 1087 3551 propter
1132 3496 1242 3545 eos,
1284 3476 1385 3554 qui
1418 3476 1625 3533 dieunt
1655 3474 2034 3549 Genealogias
2065 3474 2286 3532 Christi
2318 3474 2483 3531 salva
2513 3475 2870 3532 auctoritate
2903 3476 3090 3532 Evan-

608 3578 891 3653 geliorum
946 3580 1112 3637 reiici
1174 3600 1353 3655 posse,
1424 3580 1715 3656 praesenti
1787 3579 2140 3655 digressione
2208 3578 2720 3653 theogenealogiea
2735 3624 2749 3650 ,
2823 3580 3092 3655 inspectis

609 3688 832 3740 attente
877 3684 1145 3758 vestigiis
1190 3683 1512 3759 prisoorum
1558 3685 2068 3755 monimentorum,
2117 3682 2540 3759 momentisque
2587 3682 2893 3741 rationum
2938 3702 3090 3741 aecu-

609 3792 736 3844 rate
780 3788 1096 3863 perpensis,
1146 3806 1293 3864 quae
1338 3788 1411 3845 ad
1448 3788 1698 3863 speeiem
1731 3784 2100 3862 ἐνωιτιοφανῆ,
2147 3787 2264 3843 imo
2297 3782 2612 3861 ἀντίφατικὰ
2641 3806 2762 3843 esse
2793 3787 3090 3850 videntur,

610 3890 924 3949 eonciliare
969 3891 1344 3949 tentabimus.

815 3994 900 4051 Ut
942 4013 1015 4051 ne
1060 3994 1191 4071 quis
1236 3995 1366 4051 iure
1410 3994 1658 4064 dubitet,
1706 3994 2086 4069 Genealogias
2117 3993 2357 4063 Christi,
2391 4012 2536 4070 quas
2565 4014 2611 4050 s,
2657 3996 3006 4053 Matthaeus
3045 4006 3092 4050 et

610 4120 653 4155 s.
679 4098 866 4155 Lueas
896 4097 1327 4173 descripserunt
1369 4100 1566 4156 ambas
1597 4117 1736 4155 vere
1780 4098 1916 4169 diei,
1964 4104 2024 4155 et
2055 4117 2168 4155 non
2201 4104 2327 4155 arte
2358 4096 2558 4175 aliqua
2585 4098 2776 4157 saetas
2821 4102 3091 4157 observa·

611 4223 765 4260 mus:
816 4222 868 4259 α.
919 4202 1353 4260 Servandarum
1398 4201 1906 4277 Genealogiarum,
1968 4203 2009 4260 i.
2053 4222 2102 4267 e.
2150 4201 2590 4278 progenitorum
2636 4204 3094 4262 enumerationi·

616 4308 739 4377 bus,
789 4306 840 4363 si
884 4325 1033 4383 quae
1078 4307 1235 4364 orbis
1280 4326 1436 4381 gens,
1477 4306 1735 4364 Hebraei
1768 4306 1968 4365 sedulo
1997 4308 2327 4365 studebant.
2376 4306 2550 4381 Apud
2581 4306 2742 4364 hano
2770 4308 2938 4366 enim
2968 4328 3096 4383 gen·

614 4417 730 4467 tem
774 4408 1033 4485 plurima
1076 4429 1257 4489 eaque
1300 4410 1548 4468 maximi
1594 4413 1876 4468 momenti
1919 4411 2053 4468 iura
2093 4410 2363 4469 tribubus
2395 4416 2570 4487 atque
2617 4410 2872 4469 familiis
2903 4414 3098 4470 inhae-

611 4516 847 4583 rebant;
893 4546 980 4556 —
1022 4513 1064 4570 l.
1096 4514 1176 4571 H.
1212 4514 1283 4572 V.
1316 4514 1382 4572 Τ.
1430 4535 1486 4590 p.
1526 4518 1669 4572 149.
1703 4534 1746 4572 s.
1803 4518 1944 4572 164.
1979 4536 2024 4572 s.
2073 4546 2158 4557 -—
2202 4515 2400 4592 itaque
2431 4514 2726 4572 Israelitis
2771 4516 2874 4573 vel
2903 4517 3100 4573 infimo

612 4618 763 4687 1000,
810 4615 1261 4695 humillimaque
1306 4618 1634 4676 conditione
1679 4618 1835 4677 natis
1881 4619 2203 4694 plurimum
2263 4618 2576 4688 referebat,
2636 4629 2914 4678 accurate
2957 4622 3100 4677 scire
