3267 5259
519 390 648 455 486
1260 403 1379 445 nist.
1410 404 1515 446 Rev.
1544 404 1632 445 div.
1667 402 1832 445 Pei-iod.
1861 402 1919 445 11.
1939 412 2032 455 esp.
2061 401 2262 444 alterum.

522 579 947 645 Chrysostomns,
982 580 1123 629 hom.
1160 580 1369 631 XXXII
1405 580 1459 630 in
1498 596 1543 631 e.
1581 584 1631 629 9.
1669 578 1855 631 Matth.
1893 596 1943 629 n.
1981 582 2030 629 3.
2057 595 2143 645 op.
2169 578 2314 642 VIII,
2341 580 2458 631 368.
2507 578 2888 643 Theodoretus,
2923 578 2988 627 ad

520 667 606 719 Ps.
634 668 716 729 67,
744 668 826 717 28.
854 684 938 731 op.
965 667 1006 717 1.
1034 670 1081 729 2,
1111 669 1259 717 1070.
1310 667 1627 732 Euthymius
1665 667 1982 733 Zigabenus,
2023 666 2221 717 Comm.
2263 668 2320 716 in
2351 672 2494 732 quat.
2521 667 2622 717 Ev.
2647 666 2688 717 I.
2719 670 2765 728 1,
2791 668 2890 716 380
2927 666 2990 716 ad

519 754 707 803 Matth.
744 754 1083 805 conformiter
1106 754 1294 803 Matth.
1329 756 1377 817 9,
1404 756 1453 804 9.
1501 754 1667 804 Marc.
1697 757 1745 817 2,
1774 756 1882 818 14.;
1929 759 1983 803 et
2019 754 2188 803 omnis
2213 753 2461 803 Ecclesia
2497 752 2788 803 Orientalis
2825 760 2990 802 tenet:

520 856 562 891 s.
598 840 995 892 Matthaeum
1034 846 1161 891 ets.
1187 842 1506 892 Jacobum
1543 841 1754 891 fuisse
1792 842 2037 891 fratres
2073 841 2352 907 Alphaei
2387 840 2592 891 filios.
2641 840 2993 890 Occidentalis

518 927 767 979 Ecclesia
814 929 848 978 i.
888 944 933 978 e.
982 928 1293 979 Latinorum
1340 928 1724 993 Martyrologia
1767 926 2092 993 peculiarem
2137 928 2532 978 venerationem
2583 928 2826 977 tribuunt
2873 926 2990 975 huie

520 1015 777 1080 Apostolo
804 1015 873 1064 ad
899 1015 1038 1064 diem
1076 1018 1158 1065 22.
1194 1015 1363 1065 Junii.
1414 1014 1545 1064 Cum
1571 1015 1779 1064 Latinis
1809 1020 1862 1063 et
1887 1014 2108 1064 Graccis
2133 1016 2458 1065 conveniunt
2481 1014 2750 1079 Aegyptii,
2776 1014 2992 1075 Arabes,

520 1100 655 1167 Syri,
699 1102 999 1153 Maronitae
1048 1108 1101 1151 et
1148 1101 1240 1153 alii
1290 1104 1563 1165 regionum
1590 1102 1940 1153 Orientalium
1976 1102 2177 1168 populi.
2241 1102 2342 1151 Hic
2378 1103 2486 1151 iam
2535 1102 2838 1167 quaeritur:
2876 1116 2994 1150 num

518 1190 839 1252 Jacobus,
879 1190 967 1255 qui
996 1189 1185 1239 dicitur
1212 1190 1424 1237 frater
1454 1189 1746 1251 Domini,
1783 1191 1970 1239 merito
1997 1204 2030 1239 a
2055 1190 2216 1239 variis
2241 1195 2509 1239 stannatur
2534 1204 2674 1239 unus
2698 1189 2994 1254 idemque

521 1292 661 1325 cum
705 1276 955 1325 Jacobo
1000 1274 1319 1341 Apostolo
1358 1273 1531 1323 Filio
1565 1274 1880 1340 Alphaei?
1927 1276 2059 1325 Nam
2099 1276 2186 1341 qui
2221 1274 2486 1325 ‚Iacobum
2523 1276 2744 1325 fratrem
2782 1276 2988 1325 Domini

521 1361 778 1429 epistolae
806 1363 1101 1414 catholicae
1128 1364 1437 1429 scriptorem
1464 1362 1680 1425 habent,
1707 1362 1776 1411 ad
1801 1378 1964 1412 unum
1989 1362 2098 1411 sere
2125 1378 2323 1424 omnes,
2351 1362 2576 1413 eundem
2601 1378 2724 1412 cum
2744 1361 2993 1429 Apostolo

519 1450 673 1499 istius
710 1451 961 1512 nominiS,
1006 1450 1231 1515 Alphaei
1269 1448 1376 1498 filio
1413 1448 1752 1514 profitentur!
1779 1477 1846 1486 —
1870 1450 1934 1498 V.
1960 1449 2020 1498 A.
2045 1448 2098 1498 J.
2123 1449 2344 1513 magra,
2383 1451 2600 1515 interpr.
2639 1466 2725 1515 ep.
2765 1449 2918 1499 Cath.
2951 1466 2992 1499 s.

520 1537 731 1587 Jacobi.
769 1537 901 1585 Lov.
933 1538 1083 1587 1860.
1110 1554 1161 1602 p.
1192 1538 1270 1586 10.
1298 1550 1339 1584 s.
1364 1564 1429 1573 —
1450 1536 1924 1586 praetermittimus
1960 1536 2013 1587 J.
2041 1536 2100 1585 O.
2127 1536 2196 1587 M.
2223 1537 2478 1597 laurent,
2503 1544 2732 1587 neutest.
2763 1536 2993 1587 Studien.

521 1623 713 1674 Gotha.
754 1626 903 1674 1861.
930 1641 981 1690 p.
1011 1626 1125 1673 180.
1152 1639 1193 1673 s.
1240 1628 1423 1689 turpes
1460 1622 1850 1685 cavillationes,
1889 1622 2210 1673 refutatione
2247 1623 2396 1672 haud
2435 1623 2636 1687 dignas.
2667 1652 2732 1660 —
2769 1624 2993 1673 Numero

520 1712 825 1777 pauciores,
873 1712 927 1759 in
966 1726 1189 1776 quorum
1226 1724 1393 1759 censu
1428 1710 1792 1775 reperiuntur:
1841 1711 1902 1760 R.
1941 1708 2151 1773 Simon,
2191 1710 2427 1761 Histoire
2464 1712 2690 1775 critique
2727 1710 2800 1760 du
2837 1712 2994 1761 Texte

522 1798 595 1847 du
620 1798 685 1848 N.
712 1798 775 1847 T.
800 1798 1039 1847 Rotterd.
1070 1800 1219 1848 1689.
1244 1814 1297 1863 p.
1328 1798 1443 1847 193.
1491 1796 1544 1846 J.
1573 1795 1938 1859 combefisius,
1976 1802 2086 1847 not.
2111 1798 2165 1846 in
2191 1796 2465 1863 Hippolyt.
2492 1797 2558 1847 de
2588 1800 2668 1847 12.
2705 1797 2890 1863 Apost-
2914 1812 2994 1863 ap.

519 1885 569 1935 J.
591 1885 652 1935 A.
672 1885 979 1934 Fabricium
1006 1884 1087 1934 ed.
1109 1900 1195 1949 op.
1222 1884 1415 1933 Hamb.
1440 1886 1589 1933 1716.
1615 1883 1659 1932 Ι.
1681 1898 1802 1948 app.
1824 1900 1874 1949 p.
1901 1886 1987 1951 334.
2027 1883 2241 1933 Godefr.
2265 1883 2550 1934 Henschen
2571 1882 2623 1933 S.
2644 1884 2716 1947 J.,
2736 1886 2851 1934 Act.
2873 1882 2924 1933 S.
2945 1882 2993 1933 S.

520 1972 649 2045 Maii
684 1972 727 2033 I,
756 1974 836 2022 18.
864 1989 905 2023 s.
958 1971 1209 2033 Clausen,
1246 1970 1444 2021 Introd.
1480 1972 1533 2019 in
1569 1986 1653 2036 ep.
1691 1971 1807 2020 Jac.
1849 1970 1988 2020 Gott.
2024 1988 2075 2036 p.
2103 1972 2151 2021 8.
2178 1988 2220 2021 s.
2271 1970 2331 2019 F.
2357 1970 2421 2020 A.
2447 1971 2724 2033 Zacharia,
2751 1971 2818 2021 de
2845 1972 2996 2021 rebus

520 2059 587 2109 ad
630 2060 765 2109 Hist.
804 2064 965 2123 atque
1005 2059 1373 2123 antiquitatem
1410 2057 1688 2107 Ecclesiae
1725 2057 2114 2123 pertinentibus
2151 2056 2277 2107 diss.
2313 2057 2544 2122 Fuligni.
2587 2058 2739 2107 1781.
2767 2058 2818 2107 d.
2856 2058 2898 2107 1.
2933 2058 2995 2107 de

520 2146 688 2196 tribus
713 2146 952 2207 Jacobis,
980 2162 1090 2211 rep.
1117 2147 1173 2194 in
1198 2144 1364 2195 eiusd.
1392 2144 1473 2193 ed.
1500 2145 1723 2195 Petavii.
1753 2144 1884 2193 Ven.
1916 2146 2064 2193 1757.
2093 2143 2182 2205 VI,
2204 2145 2287 2193 89.
2315 2160 2355 2193 s.
2393 2144 2428 2193 J
2441 2145 2716 2194 acobum
2741 2144 2907 2194 hunc
2931 2145 2994 2195 ab

518 2232 745 2299 Alphaei
778 2232 886 2283 filio
920 2249 1137 2299 prorsus
1177 2232 1501 2282 diversum
1536 2237 1792 2293 statuunt,
1820 2238 1874 2280 et
1903 2247 1968 2281 ex
2005 2230 2330 2280 duodenario
2358 2229 2735 2295 Apostolorum
2773 2247 2992 2282 numero

520 2319 815 2371 secludunt.
854 2321 1181 2385 Argumenta
1216 2336 1309 2385 pro
1349 2318 1447 2368 hac
1484 2319 1752 2369 sententia
1787 2318 2064 2383 proferunt
2099 2319 2403 2383 sequentia:
2443 2332 2490 2366 a.
2514 2316 2566 2367 S.
2593 2318 2786 2367 Jacobi
2825 2319 2998 2367 fratris

518 2408 749 2470 Domini,
800 2412 853 2457 et
899 2407 1124 2457 aliorum
1169 2407 1389 2455 fratrum
1432 2406 1627 2454 mentio
1679 2402 1736 2454 fit
1782 2405 1974 2469 partim
2022 2406 2356 2467 nominatim,
2407 2407 2600 2471 partim
2651 2407 2996 2455 communiter

520 2494 915 2559 designatorum
951 2494 1093 2558 apud
1132 2508 1171 2543 s.
1200 2492 1251 2543 S.
1280 2492 1332 2542 S.
1358 2492 1688 2542 Matthaeum
1718 2492 1798 2553 13,
1826 2492 1908 2541 55.
1958 2490 2196 2541 Marcum
2223 2494 2272 2553 6,
2300 2494 2347 2541 3.
2395 2490 2662 2542 Joannem
2698 2494 2745 2553 7,
2779 2496 2830 2542 3.
2880 2492 2992 2542 coll.

518 2580 707 2631 Matth.
746 2582 828 2643 12,
866 2582 951 2631 46.
990 2597 1032 2631 s.
1082 2580 1247 2630 Marc.
1280 2582 1329 2641 3,
1368 2581 1450 2629 31.
1490 2578 1621 2629 Luc.
1662 2581 1710 2641 8,
1747 2579 1859 2642 19.;
1909 2582 2188 2643 praeterea
2229 2578 2424 2627 Joann.
2460 2581 2508 2639 2,
2541 2581 2619 2629 12.
2645 2580 2816 2630 Marc.
2842 2582 2891 2644 3,
2919 2582 2995 2629 32.

518 2669 727 2719 Primus
774 2684 955 2718 eorum
1006 2672 1089 2717 est
1132 2667 1185 2715 S.
1232 2666 1497 2729 Jacobus,
1546 2665 1611 2714 de
1662 2680 1766 2730 quo
1815 2664 1902 2714 hic
1946 2666 2180 2729 agimus3
2237 2665 2504 2715 secundus
2551 2666 2756 2732 Joseph
2813 2682 2995 2732 graece

520 2750 693 2821 ’Ῑωσέφ
740 2758 793 2803 et
842 2750 990 2816 Ἰωσῆ
1035 2754 1250 2819 saepius
1304 2754 1560 2818 scriptus3
1615 2756 1670 2800 et
1721 2750 1908 2801 horum
1958 2750 2182 2800 duorum
2229 2757 2396 2801 mater
2451 2752 2686 2803 creditur
2741 2754 2998 2803 nominari

518 2842 693 2891 Maria
728 2840 871 2906 apud
908 2857 948 2890 s.
986 2840 1313 2889 Matthaeum
1352 2841 1435 2901 27,
1462 2840 1545 2889 56.
1582 2852 1733 2889 soror
1767 2838 2038 2903 Deiparae
2075 2838 2327 2903 Virginis,
2366 2854 2498 2890 uxor
2531 2839 2824 2906 cleophae.
2863 2840 2922 2890 V.
2947 2858 2998 2905 p.

524 2930 639 2979 194.
665 2945 707 2978 s.
760 2928 995 2993 Indeque
1034 2927 1307 2992 profluxit,
1358 2926 1501 2991 quod
1548 2926 1600 2975 S.
1647 2924 1889 2974 Jacobus
1948 2938 2068 2974 raro
2115 2924 2398 2975 admodum
2445 2928 2752 2977 inveniatur
2787 2928 3000 2977 Graecis

520 3015 674 3065 aliter
710 3014 899 3075 dietus,
941 3028 1099 3080 quam
1134 3014 1390 3078 peculiari
1420 3012 1495 3062 illi
1525 3010 1680 3062 titulo
1719 3005 2100 3077 ,,ἀὸελφόθεος“;
2137 3018 2191 3061 et
2222 3016 2282 3061 ut
2307 3012 2801 3077 Hierosolymitana
2833 3014 2996 3075 sedes,

521 3104 575 3151 in
613 3116 773 3167 quam
808 3101 978 3167 primo
1016 3108 1138 3165 post
1173 3100 1539 3150 ascensionem
1586 3114 1729 3147 anno
1767 3098 2046 3146 ordinatus
2097 3102 2178 3147 est
2215 3097 2267 3147 S.
2305 3099 2542 3149 Jacobus
2580 3101 2755 3151 iustus
2793 3106 2848 3151 et
2879 3116 2994 3151 con·

521 3188 783 3250 sobrinus,
811 3188 974 3237 frater
996 3188 1227 3249 Domini,
1252 3188 1562 3253 episcopus;
1590 3185 1797 3236 dicatur
1826 3186 2102 3247 „Thronus
2121 3186 2581 3253 theadelphicus“;
2603 3189 2746 3237 sicut
2763 3188 2996 3237 Romans

520 3276 675 3327 sedes
700 3275 892 3325 dieitur
926 3274 1315 3338 „Apostolica“,
1344 3288 1377 3323 a
1400 3274 1641 3339 principe
1664 3272 2038 3339 Apostolormn
2067 3272 2118 3322 S.
2145 3274 2321 3323 Petro.
2361 3272 2413 3324 S.
2439 3274 2706 3324 Jacobum
2733 3270 2994 3342 ἀντονομα-

522 3362 699 3420 στικῶς
736 3360 1245 3427 adelphotheum
1280 3376 1387 3409 non
1425 3360 1589 3409 fuisse
1625 3358 1954 3409 duodenario
1979 3358 2354 3424 Apostolorum
2389 3376 2606 3411 numero
2634 3361 2992 3413 demonstrant

523 3450 573 3499 b.
612 3448 713 3499 hoc
750 3452 1091 3515 argumento:
1128 3448 1393 3497 Jacobum
1426 3447 1654 3513 Alphaei
1679 3452 1990 3511 ceterosque
2015 3444 2303 3511 Apostolos
2329 3448 2397 3496 ab
2423 3449 2651 3513 ipsomet
2679 3450 2746 3499 D.
2773 3450 2838 3499 N.
2863 3450 2914 3499 J.
2939 3448 2994 3497 C.

522 3537 685 3587 fuisse
712 3538 992 3602 episcopos
1018 3540 1373 3597 consecratos,
1400 3536 1489 3583 vix
1514 3534 1668 3584 salva
1691 3532 1794 3583 fide
1819 3535 2002 3599 negari
2028 3538 2218 3599 potest.
2245 3533 2324 3583 Cf.
2351 3550 2404 3599 p.
2431 3537 2547 3585 106.
2573 3552 2616 3585 s.
2644 3536 2716 3586 At
2737 3536 2774 3586 J
2779 3537 2994 3587 acobum

520 3622 950 3690 Adelphotheum
989 3623 1057 3673 ab
1081 3621 1351 3687 Apostolis
1378 3620 1678 3671 ordinatum
1714 3620 1879 3671 fuisse
1916 3620 2370 3684 Jerosolymarum
2407 3622 2739 3688 episcopum,
2768 3623 2996 3673 luculen-

520 3712 707 3763 tissimi
744 3712 975 3760 omnium
1014 3714 1246 3760 aetatum
1284 3714 1445 3759 testes
1483 3707 1812 3758 confirmant.
1880 3708 2000 3757 Hoc
2035 3708 2200 3757 tradit
2243 3708 2504 3759 referente
2543 3710 2784 3761 Eusebio
2828 3711 2992 3775 Hege-

521 3800 721 3863 sippus,
759 3797 827 3847 H.
865 3798 929 3847 E.
957 3797 1025 3859 II,
1053 3798 1134 3847 23.
1162 3814 1212 3863 p.
1240 3798 1321 3847 63.
1349 3794 1467 3845 coll.
1505 3795 1625 3858 VII,
1667 3798 1748 3846 19.
1787 3812 1838 3861 p.
1865 3797 1982 3845 265.
2031 3795 2338 3863 Hegesippo
2375 3800 2430 3845 et
2465 3796 2703 3847 Eusebio
2743 3800 2998 3848 consentit

522 3884 575 3935 S.
600 3886 976 3950 Hieronymus,
1017 3883 1081 3933 de
1119 3885 1215 3933 vir.
1242 3883 1317 3933 ill.
1345 3900 1389 3932 c.
1417 3885 1464 3932 2.
1492 3900 1543 3949 p.
1570 3886 1654 3932 23.
1702 3884 1946 3947 Denique
1982 3898 2048 3932 ne
2081 3882 2348 3949 longiores
2383 3885 2548 3933 simus
2579 3884 2638 3933 in
2664 3884 2996 3936 recensendis

520 3972 838 4034 nominibus,
878 3971 1120 4021 addimus
1157 3972 1219 4020 V.
1246 3970 1465 4032 Bedam,
1504 3972 1559 4019 in
1584 3970 1961 4035 martyrologio
1989 3970 2057 4020 ad
2089 3970 2364 4020 Kalendas
2387 3971 2517 4021 Maii
2553 3972 2655 4038 Op.
2681 3972 2780 4035 111,
2807 3975 2924 4023 303.
2948 3978 2998 4021 et

520 4060 860 4111 Anastasium
886 4057 1373 4119 Bibliothecarium,
1399 4059 1455 4108 in
1474 4062 1583 4107 not.
1607 4057 1678 4107 ad
1697 4063 1800 4108 act.
1815 4058 1856 4108 1.
1870 4074 1914 4107 c.
1932 4060 1979 4107 6.
2011 4058 2224 4107 concilii
2251 4058 2832 4125 constantinopolitani
2858 4056 2994 4124 apud

519 4148 693 4197 Mansi
732 4144 783 4196 S.
813 4145 993 4207 Cone„
1032 4163 1083 4196 n.
1110 4161 1154 4195 c.
1181 4145 1323 4208 XVI,
1351 4148 1433 4194 33.
1460 4144 1599 4195 idem
1624 4146 1913 4196 sentientes
1934 4161 1978 4195 c.
2004 4145 2242 4210 Apparet
2275 4146 2505 4195 maxima
2541 4147 2682 4196 inter
2717 4150 2994 4211 utrumque

522 4234 574 4283 S.
594 4234 859 4285 Jacobum
887 4233 1272 4299 discrepantia,
1301 4233 1370 4282 ab
1394 4235 1511 4298 ipso
1536 4234 1682 4283 vitae
1707 4234 1982 4299 utriusque
2009 4233 2244 4295 exordio,
2273 4248 2440 4299 usque
2471 4233 2541 4283 ad
2567 4235 2808 4298 martyrii
2831 4233 2994 4283 diver·

522 4338 637 4372 sum
656 4336 839 4387 genus.
878 4321 978 4371 Est
1002 4336 1230 4385 namque
1256 4337 1298 4369 α.
1326 4322 1472 4386 prior
1492 4320 1529 4369 J
1532 4321 1734 4369 acobus
1759 4325 1915 4370 natus
1939 4324 2090 4385 patre
2111 4320 2365 4386 Alphaeo,
2393 4336 2458 4371 ac
2481 4321 2646 4370 frater
2671 4320 2726 4370 S.
2747 4320 2992 4371 Matthaei

520 4408 792 4474 Apostoli3
832 4410 921 4475 qui
949 4408 1343 4473 Capharnaumi
1371 4407 1659 4458 habitavit:
1699 4412 1756 4457 at
1789 4409 1828 4457 ii
1865 4409 1950 4473 qui
1989 4408 2180 4457 fratres
2217 4409 2430 4458 Domini
2467 4408 2734 4471 dicuntur,
2767 4425 2832 4459 ex
2857 4408 2992 4457 tribu

523 4495 699 4544 Judae
736 4510 903 4560 genus
948 4496 1169 4545 traxisse
1218 4500 1442 4545 constat.
1490 4496 1710 4545 Distant
1755 4492 1799 4560 β.
1846 4494 2261 4559 praedicationis
2305 4496 2425 4545 loco
2476 4512 2584 4547 non
2631 4497 2804 4547 minus
2841 4509 2990 4561 quam

524 4597 717 4647 genere
754 4583 1005 4646 martyrii.
1054 4581 1105 4631 S.
1144 4582 1383 4633 Jacobus
1420 4582 1582 4632 frater
1616 4582 1832 4631 Domini
1879 4582 2108 4649 praefuit
2145 4582 2422 4633 Ecclesiae
2459 4583 2988 4649 Hierosolymitanae,
