3267 5259
1096 459 1315 500 Postrema
1344 457 1509 499 Christi
1536 457 1786 500 hebdomas.
2599 444 2684 511 85

218 658 355 698 vero
406 634 553 698 ειΙίἰι
616 632 985 699 caedebant
1036 655 1255 698 ramos
1300 654 1341 696 a
1384 632 1646 718 palmis,
1704 632 1938 718 quibus
1983 632 2211 698 Jesum
2265 631 2620 698 salutarent
2637 634 2680 697 ².

216 748 341 811 Hoc
394 748 571 813 facto
630 746 1061 825 efficiebatur,
1106 756 1180 811 ut
1234 746 1411 810 fama
1468 744 1875 810 advenientis
1919 745 2184 809 Domini
2237 744 2683 831 Jerosolymas

216 861 606 946 pertingeret.
684 860 895 925 Erant
936 862 1003 923 in
1050 859 1232 942 urbe,
1280 862 1389 945 qui
1436 858 1952 945 opperiebantur
2000 858 2327 923 Christum
2373 869 2570 944 atque
2616 858 2682 923 hi

216 974 497 1058 praecisis
550 975 751 1038 ramis
798 972 1161 1059 palmarum
1185 976 1209 1017 ³
1253 974 1321 1037 in
1368 994 1713 1037 occursum
1761 971 1998 1037 Christi
2044 973 2310 1056 egressi,
2363 970 2478 1035 ubi
2533 993 2682 1035 eum

218 1084 485 1151 viderant
537 1089 847 1172 stipatum
894 1108 1137 1171 magna
1180 1086 1403 1168 turba,
1450 1083 1854 1170 gratulantes
1909 1093 2142 1170 sponte
2190 1086 2256 1148 in
2300 1082 2417 1148 has
2467 1082 2682 1147 laetis-

222 1199 391 1262 simas
434 1209 797 1285 eruperunt
836 1198 1341 1263 acclamationes
1384 1198 1799 1263 Hosanna⁴
1842 1196 2227 1261 benedictus
2257 1198 2367 1282 qui
2399 1197 2576 1261 venit
2617 1198 2685 1261 in

216 1313 447 1376 nomine
478 1311 753 1376 Domini
792 1311 941 1376 Rex
985 1311 1223 1377 Israel!
1246 1316 1271 1353 ⁵
1335 1310 1470 1375 Eas
1516 1309 2025 1375 acclamationes
2072 1310 2376 1373 continuo
2423 1309 2684 1394 repetiit

218 1445 281 1487 ac
320 1424 625 1489 similibus
672 1424 1095 1511 amplificavit
1136 1424 1349 1507 turba,
1397 1445 1567 1509 quae
1614 1433 1811 1488 antea
1853 1424 1982 1486 iam
2029 1422 2440 1486 Salvatorem
2485 1422 2682 1485 comi-

218 1534 477 1618 tabatur,
556 1536 773 1602 donec
848 1548 913 1602 et
982 1536 1149 1601 haec
1225 1547 1291 1601 et
1362 1536 1471 1600 illa
1542 1538 1611 1600 in
1687 1558 1888 1600 unum
1963 1556 2201 1619 agmen
2283 1544 2684 1619 congregata

216 1650 435 1732 magnis
478 1650 761 1715 vocibus
804 1648 1178 1736 plauderet,
1222 1650 1315 1713 ita
1358 1661 1430 1713 ut
1472 1648 1676 1713 iubila
1718 1650 1786 1711 in
1831 1646 2176 1711 altissimos
2233 1668 2438 1731 usque
2483 1668 2681 1731 pene-

218 1770 431 1824 trarent
498 1762 726 1827 coelos
746 1766 789 1826 θ.
890 1761 1079 1843 Quae
1146 1761 1349 1826 iubila
1423 1784 1571 1826 cum
1638 1760 2201 1843 increbescerent,
2269 1782 2680 1846 summopere

400 2020 435 2083 Ι)
474 2020 739 2069 Nimirum
777 2020 1106 2069 continuisse
1142 2018 1355 2067 videtur
1390 2018 1523 2068 haec
1560 2016 1846 2067 multitudo
1881 2018 2076 2081 partim
2113 2031 2222 2079 eos,
2256 2018 2348 2082 qui
2373 2016 2543 2082 pridie
2579 2016 2682 2066 iam

216 2105 495 2157 Bethaniam
530 2112 813 2167 venerant,
846 2107 1039 2172 partim
1072 2105 1423 2171 Bethphagae
1458 2104 1684 2167 incolas,
1721 2105 1916 2169 partim
1951 2118 1993 2151 s.
2021 2103 2208 2153 urbem
2243 2103 2503 2153 adeuntes
2528 2119 2681 2169 pere-

218 2192 495 2257 grinatores.
558 2193 605 2257 ²)
642 2194 885 2243 Palmam
910 2208 976 2243 ex
1002 2206 1111 2259 qua
1132 2192 1169 2242 J
1172 2192 1333 2241 udaei
1356 2206 1533 2241 ramos
1568 2195 1908 2256 acceperunt,
1935 2191 2090 2256 quasi
2127 2191 2396 2255 egregium
2431 2190 2683 2256 triumphi

217 2278 379 2328 Christi
420 2282 832 2343 monimentum,
878 2281 1135 2329 intactam
1188 2278 1259 2329 ad
1303 2279 1473 2329 multa
1531 2278 1852 2343 perdurasse
1897 2277 2116 2327 saecula
2163 2277 2326 2326 tradit
2369 2292 2411 2327 s.
2449 2277 2681 2343 Cyrillus

218 2364 339 2428 hier„
361 2374 460 2416 cat.
484 2368 553 2431 X,
586 2369 667 2417 19.
696 2384 748 2433 p.
780 2368 893 2417 146.
948 2366 1232 2427 „Testatur
1252 2393 1316 2402 —
1336 2382 1379 2415 s.
1406 2364 1594 2415 Crucis
1618 2364 1822 2430 lig-num
1847 2392 1899 2401 -—
1925 2364 2106 2429 palma
2129 2364 2186 2413 in
2209 2363 2352 2414 valle
2385 2364 2506 2427 sita,
2543 2379 2682 2430 quae

218 2466 365 2501 ramos
382 2456 561 2519 pueris
584 2454 855 2504 Christum
874 2453 999 2503 olim
1019 2454 1261 2503 encomio
1282 2452 1678 2503 celebrantibus
1697 2452 2026 2501 ministravit.
2038 2454 2062 2479 “
2095 2451 2159 2501 In
2177 2451 2481 2501 memoriam
2499 2451 2680 2501 trium-

216 2538 361 2601 phalis
382 2540 583 2591 Christi
618 2543 892 2606 ingressus
930 2540 1473 2591 Benedictionem
1509 2538 1878 2589 Palmarum
1915 2552 1981 2587 ac
2017 2537 2414 2603 processionem
2450 2538 2684 2588 instituit

220 2624 435 2678 Ecclesia
470 2628 761 2690 catholica,
800 2628 903 2677 ritu
938 2628 1316 2690 vetustissimo,
1344 2628 1542 2693 quippe
1568 2625 1720 2676 cuius
1747 2629 1921 2676 exstat
1955 2625 2208 2675 memoria
2231 2624 2287 2673 in
2313 2625 2680 2689 antiquissimo

218 2710 463 2764 Ecclesiae
510 2714 795 2764 Romanae
830 2712 1186 2776 Kalendario,
1226 2712 1371 2779 quod
1412 2714 1557 2763 eirca
1601 2727 1743 2762 saec.
1783 2712 1846 2762 V.
1879 2712 2088 2762 initium
2134 2711 2492 2776 conscriptum
2525 2711 2681 2761 Edm.

216 2798 441 2863 limene,
466 2801 533 2851 Ο.
564 2799 620 2851 S.
643 2801 708 2850 B.
736 2801 793 2849 in
816 2800 974 2850 Thes.
1006 2816 1057 2850 n.
1092 2799 1411 2850 Anecdotor.
1447 2799 1571 2849 Lut.
1597 2799 1720 2849 Par.
1749 2800 1902 2849 1717.
1937 2798 1999 2860 V,
2028 2800 2108 2848 72.
2135 2796 2335 2863 publici
2373 2798 2503 2848 iuris
2538 2798 2682 2849 fecit.

218 2882 283 2935 Cf.
312 2902 352 2935 e.
382 2886 667 2939 Benedicti
702 2886 871 2949 XIV„
910 2886 977 2937 de
1012 2886 1165 2938 festis
1198 2886 1267 2936 D.
1292 2886 1356 2936 N.
1381 2886 1431 2936 J.
1462 2886 1522 2937 C.
1556 2886 1608 2950 1,
1634 2888 1684 2936 4.
1714 2902 1768 2952 p.
1794 2886 1878 2935 28.
1903 2901 1947 2937 s.
1992 2884 2035 2949 ³)
2075 2885 2228 2946 Quae
2264 2886 2410 2934 circa
2443 2890 2679 2935 montem

218 2970 385 3023 Oliveti
408 2990 609 3043 magno
644 2974 1057 3025 inveniebantur
1090 2989 1329 3024 numero.
1390 2974 1431 3039 ⁴)
1460 2974 1635 3023 Textu
1669 2972 1912 3038 originali
1949 2964 2223 3033 ἈΐΠξἿἏ-Ἶ.
2271 2970 2409 3023 0011.
2439 2972 2531 3022 Ps.
2566 2973 2681 3035 118,

220 3060 287 3108 25.
326 3062 569 3123 salutem,
616 3074 839 3127 quaeso,
884 3060 1038 3125 affer,
1084 3062 1135 3111 ei
1172 3060 1401 3123 scilicet,
1440 3074 1599 3126 quem
1634 3063 1849 3125 spectat
1879 3059 2018 3109 haec
2055 3073 2177 3110 vox.
2237 3058 2280 3123 ⁵)
2319 3056 2485 3109 Sedes
2520 3058 2684 3109 fausti

218 3144 469 3212 devotique
492 3149 661 3198 huius
690 3148 819 3209 voti,
846 3149 891 3197 si
914 3148 1059 3197 in·L.
1084 3146 1149 3198 L.
1176 3146 1239 3197 V.
1265 3147 1327 3197 T.
1353 3148 1670 3213 inquiratur,
1702 3150 1854 3195 extra
1889 3135 2306 3196 controversiam
2344 3146 2684 3195 constituitur

218 3230 245 3279 1.
274 3234 349 3283 Ps.
375 3238 485 3297 118,
512 3238 603 3285 25.
640 3237 743 3298 26„
780 3234 847 3285 de
884 3234 1185 3286 desiderato
1222 3234 1453 3284 Messias
1488 3233 1728 3283 adventu
1759 3232 2040 3283 manifeste
2075 3236 2330 3283 tractans.
2389 3232 2566 3282 Testis
2602 3236 2685 3281 est

218 3334 252 3367 s.
280 3320 655 3388 Hieronymus,
702 3321 775 3372 ad
817 3321 975 3372 Dam.
1013 3336 1096 3387 ep.
1132 3322 1249 3383 XX,
1284 3323 1331 3371 3.
1367 3337 1419 3386 p.
1454 3322 1540 3371 66.
1584 3320 1824 3370 scribens
1873 3320 1960 3379 „in
2013 3319 2301 3385 synagogis
2353 3316 2683 3368 ,Iudaeorum

218 3408 501 3460 creberrime
552 3409 861 3475 legebatur,
898 3408 1041 3459 unde
1079 3413 1133 3458 et
1167 3406 1381 3474 populis
1432 3408 1609 3457 notior
1661 3411 1802 3468 erat,
1847 3405 1946 3457 hos
1988 3418 2176 3456 versus
2231 3419 2348 3455 esse
2402 3410 2680 3467 assumtus,

218 3494 337 3556 quod
376 3496 465 3547 ille
510 3498 607 3562 qui
652 3494 1123 3561 repromittebatur
1157 3494 1225 3544 de
1262 3509 1457 3561 genere
1493 3493 1673 3544 David
1687 3531 1701 3557 ,
1744 3494 1956 3543 venerit
1989 3492 2294 3543 salvaturus
2335 3491 2520 3543 Israel.
2571 3491 2680 3542 Cfr.

218 3579 397 3633 interim
440 3583 509 3634 de
562 3588 741 3648 etymo
790 3582 939 3633 vocis
985 3576 1209 3642 ὦσαννά,
1258 3582 1325 3631 de
1374 3596 1481 3647 qua
1528 3580 1752 3631 multum
1801 3580 2128 3646 disputatum
2177 3583 2288 3641 est,
2335 3578 2398 3629 A.
2427 3578 2681 3640 Homeri,

220 3665 635 3736 Quinquagenam
678 3669 949 3719 Locorum
986 3669 1318 3719 ebraicorum
1354 3673 1409 3718 et
1450 3668 1778 3717 exoticorum
1813 3666 1877 3717 N.
1911 3666 1973 3716 Τ.
2010 3682 2040 3715 e
2077 3667 2188 3717 suis
2235 3664 2470 3715 fontibus
2516 3664 2679 3715 deriv.

223 3752 269 3801 in
299 3754 411 3809 dub.
442 3772 567 3808 vex.
604 3755 801 3807 Dresd.
838 3757 987 3805 1718.
1013 3772 1063 3821 p.
1092 3756 1211 3805 904.
1258 3755 1323 3804 D.
1349 3754 1621 3815 Winzern,
1659 3753 1786 3803 diss.
1811 3752 1880 3803 de
1903 3752 2124 3804 acclam.
2149 3756 2258 3802 vot.
2283 3752 2415 3802 Hos.
2441 3753 2496 3801 in
2520 3751 2680 3801 Thes.

219 3838 277 3887 th-
304 3841 384 3906 ph.
415 3860 468 3910 p.
508 3844 627 3893 164.
668 3842 727 3893 C.
754 3842 826 3892 M.
851 3842 1006 3904 Pfaff,
1034 3841 1101 3891 de
1136 3841 1433 3891 Hosianna.
1476 3838 1612 3890 Tub.
1643 3841 1794 3889 1749.
1837 3838 1937 3889 Th.
1965 3837 2024 3889 C.
2050 3839 2282 3903 Regneri
2305 3837 2680 3903 Huydecoper,

220 3924 319 3977 diss.
342 3929 404 3979 de
426 3930 641 3981 solenni
663 3929 717 3978 J.
738 3928 797 3979 C.
818 3930 874 3978 in
898 3929 1086 3978 urbem
1108 3926 1603 3992 Hierosolymorum
1624 3927 1864 3975 introitu.
1901 3925 2046 3975 Trai.
2067 3924 2136 3975 ad
2156 3924 2256 3974 Rh.
2284 3925 2434 3975 1829.
2459 3940 2510 3989 p.
2532 3924 2615 3973 90.
2637 3940 2680 3974 s.

220 4010 253 4062 ³1
292 4014 541 4067 Videntur
590 4016 753 4081 longe
806 4014 1049 4081 plerique
1098 4013 1412 4075 credidisse,
1450 4014 1740 4063 Ductorem
1791 4011 1941 4061 illum
1995 4012 2531 4077 praestantissimum,
2588 4010 2679 4075 qui

220 4104 343 4149 tanta
382 4108 667 4169 peregerat
710 4101 995 4163 miracula,
1042 4106 1097 4151 et
1140 4115 1297 4165 quem
1342 4098 1597 4150 Messiam
1643 4097 1939 4159 habebant,
1994 4097 2210 4148 tandem
2257 4096 2362 4147 sibi
2407 4094 2679 4146 definitum

222 4200 409 4251 regnum
452 4196 845 4256 occupaturum
890 4202 1033 4250 esse,
1072 4202 1247 4253 neque
1293 4186 1491 4236 diutius
1529 4188 1726 4236 civium
1761 4190 1886 4237 voto
1931 4186 2180 4236 resistere
2216 4183 2372 4235 velle.
2429 4182 2680 4233 Messinm

222 4274 333 4323 enim
364 4276 754 4343 exspectabant
787 4279 1059 4324 strenuum
1094 4272 1413 4324 belliducem
1448 4279 1503 4323 et
1538 4288 1741 4339 regem,
1765 4274 2046 4334 victorem,
2084 4272 2176 4336 qui
2211 4270 2343 4336 ipsis
2377 4270 2679 4320 libertatem

222 4360 435 4412 missam
469 4366 833 4429 recuperaret,
872 4365 925 4409 et
959 4360 1341 4426 rempublicam
1384 4361 1722 4411 instauraret.
1771 4355 2286 4419 cf.1..130rth01d5,
2321 4354 2682 4423 Christologia

220 4443 511 4499 Judaeornm
554 4467 606 4515 p.
662 4450 781 4499 160.
833 4462 875 4496 s.
932 4447 1016 4497 Ex
1069 4446 1300 4497 hucdum
1358 4446 1620 4497 enarratis
1676 4446 1888 4511 quidem
1948 4443 2108 4494 facile
2165 4443 2506 4510 intelligitur,
2560 4448 2678 4493 tan-

224 4536 555 4600 tumabesse,
594 4540 658 4585 ut
696 4534 941 4584 Christus
976 4533 1081 4583 illis
1120 4539 1307 4583 auctor
1348 4532 1535 4595 fuerit,
1581 4532 1705 4583 talis
1751 4534 1865 4599 spei
1911 4532 2138 4597 primum
2183 4531 2581 4597 suscipiendae,
2619 4536 2682 4581 ut

224 4630 317 4667 eam
364 4624 525 4687 ipsam
580 4638 649 4673 ex
704 4622 1007 4670 inveterato
1061 4620 1391 4686 praeiudicio
1446 4619 1646 4669 dudum
1700 4619 1975 4681 haustam,
2013 4622 2272 4683 quantum
2323 4619 2382 4669 in
2429 4631 2486 4665 se
2537 4622 2680 4667 esset
