<?xml version="1.0" encoding="UTF-8"?>
<!DOCTYPE html PUBLIC "-//W3C//DTD XHTML 1.0 Transitional//EN"
    "http://www.w3.org/TR/xhtml1/DTD/xhtml1-transitional.dtd">
<html xmlns="http://www.w3.org/1999/xhtml" xml:lang="en" lang="en">
 <head>
  <title>
</title>
<meta http-equiv="Content-Type" content="text/html;charset=utf-8" />
  <meta name='ocr-system' content='tesseract 3.04.00' />
  <meta name='ocr-capabilities' content='ocr_page ocr_carea ocr_par ocr_line ocrx_word'/>
</head>
<body>
  <div class='ocr_page' id='page_1' title='image "./historiarevelat00unkngoog_0543.png"; bbox 0 0 3267 5259; ppageno 0'>
   <div class='ocr_carea' id='block_1_1' title="bbox 1085 440 2707 507">
    <p class='ocr_par' dir='ltr' id='par_1_1' title="bbox 1085 440 2707 507">
     <span class='ocr_line' id='line_1_1' title="bbox 1085 440 2707 507; baseline 0.007 -12"><span class='ocrx_word' id='word_1_1' title='bbox 1085 450 1280 506; x_wconf 71' lang='lat' dir='ltr'><strong>Epistola</strong></span> <span class='ocrx_word' id='word_1_2' title='bbox 1307 456 1350 496; x_wconf 85' lang='lat'><strong>8.</strong></span> <span class='ocrx_word' id='word_1_3' title='bbox 1373 449 1501 496; x_wconf 81' lang='lat' dir='ltr'><strong>Pauli</strong></span> <span class='ocrx_word' id='word_1_4' title='bbox 1528 451 1584 496; x_wconf 82' lang='lat' dir='ltr'><strong>ad</strong></span> <span class='ocrx_word' id='word_1_5' title='bbox 1613 456 1839 497; x_wconf 80' lang='lat' dir='ltr'><strong>Romanos.</strong></span> <span class='ocrx_word' id='word_1_6' title='bbox 2574 440 2707 507; x_wconf 74' lang='grc'><strong>415</strong></span> 
     </span>
    </p>
   </div>
   <div class='ocr_carea' id='block_1_2' title="bbox 213 624 2707 1505">
    <p class='ocr_par' dir='ltr' id='par_1_2' title="bbox 213 624 2707 1505">
     <span class='ocr_line' id='line_1_2' title="bbox 215 624 2703 715; baseline 0.001 -24"><span class='ocrx_word' id='word_1_7' title='bbox 215 635 282 691; x_wconf 90' lang='lat' dir='ltr'><strong>et</strong></span> <span class='ocrx_word' id='word_1_8' title='bbox 335 626 404 691; x_wconf 87' lang='lat' dir='ltr'><strong>in</strong></span> <span class='ocrx_word' id='word_1_9' title='bbox 461 624 725 713; x_wconf 86' lang='lat' dir='ltr'><strong>gaudio,</strong></span> <span class='ocrx_word' id='word_1_10' title='bbox 781 626 962 715; x_wconf 87' lang='lat' dir='ltr'><strong>quod</strong></span> <span class='ocrx_word' id='word_1_11' title='bbox 1005 652 1048 693; x_wconf 86' lang='lat' dir='ltr'><strong>a</strong></span> <span class='ocrx_word' id='word_1_12' title='bbox 1091 628 1336 714; x_wconf 88' lang='lat' dir='ltr'><strong>Spiritu</strong></span> <span class='ocrx_word' id='word_1_13' title='bbox 1391 628 1458 693; x_wconf 89' lang='lat' dir='ltr'><strong>S.</strong></span> <span class='ocrx_word' id='word_1_14' title='bbox 1504 628 1941 714; x_wconf 87' lang='lat' dir='ltr'><strong>proficiscitur</strong></span> <span class='ocrx_word' id='word_1_15' title='bbox 1962 632 2003 693; x_wconf 89' lang='lat'><strong>¹.</strong></span> <span class='ocrx_word' id='word_1_16' title='bbox 2076 626 2433 694; x_wconf 89' lang='lat' dir='ltr'><strong>Subiuneto</strong></span> <span class='ocrx_word' id='word_1_17' title='bbox 2482 637 2634 695; x_wconf 86' lang='lat' dir='ltr'><strong>voto</strong></span> <span class='ocrx_word' id='word_1_18' title='bbox 2658 632 2703 712; x_wconf 79' lang='lat'><strong>²,</strong></span> 
     </span>
     <span class='ocr_line' id='line_1_3' title="bbox 215 738 2704 828; baseline 0.001 -25"><span class='ocrx_word' id='word_1_19' title='bbox 215 738 498 806; x_wconf 86' lang='lat' dir='ltr'><strong>absolvit</strong></span> <span class='ocrx_word' id='word_1_20' title='bbox 553 740 892 827; x_wconf 89' lang='lat' dir='ltr'><strong>epistolam</strong></span> <span class='ocrx_word' id='word_1_21' title='bbox 953 740 1372 806; x_wconf 82' lang='lat' dir='ltr'><strong>conclusione</strong></span> <span class='ocrx_word' id='word_1_22' title='bbox 1391 744 1435 807; x_wconf 82' lang='lat'><strong>³.</strong></span> <span class='ocrx_word' id='word_1_23' title='bbox 1511 740 1665 806; x_wconf 88' lang='lat' dir='ltr'><strong>Duo</strong></span> <span class='ocrx_word' id='word_1_24' title='bbox 1708 742 1777 805; x_wconf 90' lang='lat' dir='ltr'><strong>in</strong></span> <span class='ocrx_word' id='word_1_25' title='bbox 1824 739 2085 828; x_wconf 83' lang='lat' dir='ltr'>epilogo</span> <span class='ocrx_word' id='word_1_26' title='bbox 2146 742 2281 826; x_wconf 82' lang='lat' dir='ltr'><strong>agit</strong></span> <span class='ocrx_word' id='word_1_27' title='bbox 2323 740 2704 828; x_wconf 88' lang='lat' dir='ltr'><strong>Apostolus,</strong></span> 
     </span>
     <span class='ocr_line' id='line_1_4' title="bbox 213 852 2705 940; baseline 0.002 -24"><span class='ocrx_word' id='word_1_28' title='bbox 213 862 285 916; x_wconf 93' lang='lat' dir='ltr'><strong>ut</strong></span> <span class='ocrx_word' id='word_1_29' title='bbox 346 854 770 940; x_wconf 87' lang='lat' dir='ltr'><strong>semetipsum</strong></span> <span class='ocrx_word' id='word_1_30' title='bbox 838 853 1151 918; x_wconf 90' lang='lat' dir='ltr'><strong>Romanis</strong></span> <span class='ocrx_word' id='word_1_31' title='bbox 1210 852 1519 919; x_wconf 88' lang='lat' dir='ltr'><strong>redderet</strong></span> <span class='ocrx_word' id='word_1_32' title='bbox 1579 863 1959 938; x_wconf 87' lang='lat' dir='ltr'><strong>acceptum,</strong></span> <span class='ocrx_word' id='word_1_33' title='bbox 2030 863 2305 917; x_wconf 85' lang='lat' dir='ltr'><strong>excusat</strong></span> <span class='ocrx_word' id='word_1_34' title='bbox 2368 876 2553 918; x_wconf 87' lang='lat' dir='ltr'><strong>suam</strong></span> <span class='ocrx_word' id='word_1_35' title='bbox 2620 854 2705 920; x_wconf 89' lang='lat' dir='ltr'><strong>ad</strong></span> 
     </span>
     <span class='ocr_line' id='line_1_5' title="bbox 216 965 2707 1055; baseline 0.002 -26"><span class='ocrx_word' id='word_1_36' title='bbox 216 988 330 1030; x_wconf 89' lang='lat' dir='ltr'><strong>eos</strong></span> <span class='ocrx_word' id='word_1_37' title='bbox 391 968 846 1053; x_wconf 84' lang='lat' dir='ltr'><strong>scriptionem3</strong></span> <span class='ocrx_word' id='word_1_38' title='bbox 917 966 1095 1054; x_wconf 86' lang='lat' dir='ltr'><strong>quod</strong></span> <span class='ocrx_word' id='word_1_39' title='bbox 1155 976 1466 1054; x_wconf 85' lang='lat' dir='ltr'><strong>tanquam</strong></span> <span class='ocrx_word' id='word_1_40' title='bbox 1525 968 1820 1052; x_wconf 87' lang='lat' dir='ltr'><strong>gentium</strong></span> <span class='ocrx_word' id='word_1_41' title='bbox 1886 965 2119 1032; x_wconf 88' lang='lat' dir='ltr'><strong>doctor</strong></span> <span class='ocrx_word' id='word_1_42' title='bbox 2176 966 2489 1033; x_wconf 87' lang='lat' dir='ltr'><strong>audacius</strong></span> <span class='ocrx_word' id='word_1_43' title='bbox 2548 970 2707 1055; x_wconf 89' lang='lat' dir='ltr'><strong>ipsis</strong></span> 
     </span>
     <span class='ocr_line' id='line_1_6' title="bbox 215 1078 2704 1167; baseline 0.002 -26"><span class='ocrx_word' id='word_1_44' title='bbox 215 1080 552 1163; x_wconf 77' lang='lat' dir='ltr'><strong>scripserit</strong></span> <span class='ocrx_word' id='word_1_45' title='bbox 568 1083 611 1146; x_wconf 77' lang='lat'><strong>4.</strong></span> <span class='ocrx_word' id='word_1_46' title='bbox 689 1080 999 1167; x_wconf 88' lang='lat' dir='ltr'><strong>Disponit</strong></span> <span class='ocrx_word' id='word_1_47' title='bbox 1040 1082 1166 1145; x_wconf 90' lang='lat' dir='ltr'><strong>iter</strong></span> <span class='ocrx_word' id='word_1_48' title='bbox 1209 1082 1274 1144; x_wconf 91' lang='lat' dir='ltr'><strong>in</strong></span> <span class='ocrx_word' id='word_1_49' title='bbox 1317 1080 1729 1165; x_wconf 83' lang='lat' dir='ltr'><strong>Hispaniam,</strong></span> <span class='ocrx_word' id='word_1_50' title='bbox 1777 1101 2093 1167; x_wconf 82' lang='lat' dir='ltr'><strong>spemque</strong></span> <span class='ocrx_word' id='word_1_51' title='bbox 2140 1078 2300 1145; x_wconf 88' lang='lat' dir='ltr'><strong>facit</strong></span> <span class='ocrx_word' id='word_1_52' title='bbox 2329 1082 2396 1144; x_wconf 92' lang='lat' dir='ltr'><strong>in</strong></span> <span class='ocrx_word' id='word_1_53' title='bbox 2432 1082 2704 1146; x_wconf 89' lang='lat' dir='ltr'><strong>transitu</strong></span> 
     </span>
     <span class='ocr_line' id='line_1_7' title="bbox 215 1190 2703 1277; baseline 0.002 -23"><span class='ocrx_word' id='word_1_54' title='bbox 215 1190 470 1255; x_wconf 87' lang='lat' dir='ltr'><strong>Urbem</strong></span> <span class='ocrx_word' id='word_1_55' title='bbox 549 1192 831 1258; x_wconf 88' lang='lat' dir='ltr'><strong>invisere</strong></span> <span class='ocrx_word' id='word_1_56' title='bbox 851 1196 894 1259; x_wconf 84' lang='lat'><strong>⁵.</strong></span> <span class='ocrx_word' id='word_1_57' title='bbox 991 1192 1334 1259; x_wconf 89' lang='lat' dir='ltr'><strong>Postremo</strong></span> <span class='ocrx_word' id='word_1_58' title='bbox 1421 1194 1618 1257; x_wconf 87' lang='lat' dir='ltr'><strong>missa</strong></span> <span class='ocrx_word' id='word_1_59' title='bbox 1690 1191 2001 1259; x_wconf 86' lang='lat' dir='ltr'><strong>Romanis</strong></span> <span class='ocrx_word' id='word_1_60' title='bbox 2076 1191 2281 1258; x_wconf 89' lang='lat' dir='ltr'><strong>salute</strong></span> <span class='ocrx_word' id='word_1_61' title='bbox 2311 1196 2354 1277; x_wconf 77' lang='lat'><strong>⁶,</strong></span> <span class='ocrx_word' id='word_1_62' title='bbox 2437 1193 2703 1259; x_wconf 88' lang='lat' dir='ltr'><strong>tandem</strong></span> 
     </span>
     <span class='ocr_line' id='line_1_8' title="bbox 213 1302 2704 1393; baseline 0.003 -28"><span class='ocrx_word' id='word_1_63' title='bbox 213 1302 518 1386; x_wconf 79' lang='grc' dir='ltr'>δοξολογία</span> <span class='ocrx_word' id='word_1_64' title='bbox 579 1304 664 1370; x_wconf 87' lang='lat' dir='ltr'><strong>ad</strong></span> <span class='ocrx_word' id='word_1_65' title='bbox 719 1305 940 1371; x_wconf 85' lang='lat' dir='ltr'><strong>Deum</strong></span> <span class='ocrx_word' id='word_1_66' title='bbox 998 1306 1141 1369; x_wconf 87' lang='lat' dir='ltr'><strong>finit</strong></span> <span class='ocrx_word' id='word_1_67' title='bbox 1163 1309 1204 1369; x_wconf 81' lang='lat'><strong>⁷.</strong></span> <span class='ocrx_word' id='word_1_68' title='bbox 1295 1304 1578 1371; x_wconf 86' lang='lat' dir='ltr'><strong>Dicendi</strong></span> <span class='ocrx_word' id='word_1_69' title='bbox 1633 1327 1877 1391; x_wconf 86' lang='lat' dir='ltr'><strong>genere</strong></span> <span class='ocrx_word' id='word_1_70' title='bbox 1940 1307 2005 1369; x_wconf 91' lang='lat' dir='ltr'><strong>in</strong></span> <span class='ocrx_word' id='word_1_71' title='bbox 2070 1304 2169 1369; x_wconf 87' lang='lat' dir='ltr'><strong>his</strong></span> <span class='ocrx_word' id='word_1_72' title='bbox 2228 1305 2468 1371; x_wconf 86' lang='lat' dir='ltr'><strong>Literis</strong></span> <span class='ocrx_word' id='word_1_73' title='bbox 2527 1307 2704 1393; x_wconf 91' lang='lat' dir='ltr'><strong>Apo-</strong></span> 
     </span>
     <span class='ocr_line' id='line_1_9' title="bbox 213 1416 2705 1505; baseline 0.001 -24"><span class='ocrx_word' id='word_1_74' title='bbox 213 1416 420 1481; x_wconf 83' lang='lat' dir='ltr'><strong>stolus</strong></span> <span class='ocrx_word' id='word_1_75' title='bbox 473 1419 674 1483; x_wconf 85' lang='lat' dir='ltr'><strong>utitur</strong></span> <span class='ocrx_word' id='word_1_76' title='bbox 726 1420 941 1505; x_wconf 78' lang='lat' dir='ltr'><strong>gravi,</strong></span> <span class='ocrx_word' id='word_1_77' title='bbox 997 1418 1438 1483; x_wconf 86' lang='lat' dir='ltr'><strong>membrorum</strong></span> <span class='ocrx_word' id='word_1_78' title='bbox 1501 1420 1941 1483; x_wconf 82' lang='lat' dir='ltr'><strong>concinnitate</strong></span> <span class='ocrx_word' id='word_1_79' title='bbox 1962 1421 1987 1461; x_wconf 78' lang='lat'>⁸</span> <span class='ocrx_word' id='word_1_80' title='bbox 2044 1420 2307 1505; x_wconf 87' lang='lat' dir='ltr'><strong>suisque</strong></span> <span class='ocrx_word' id='word_1_81' title='bbox 2366 1442 2705 1484; x_wconf 87' lang='lat' dir='ltr'><strong>ornamen-</strong></span> 
     </span>
    </p>
   </div>
   <div class='ocr_carea' id='block_1_3' title="bbox 211 1664 2711 4687">
    <p class='ocr_par' dir='ltr' id='par_1_3' title="bbox 211 1664 2711 4687">
     <span class='ocr_line' id='line_1_10' title="bbox 429 1664 2707 1732; baseline 0.001 -15"><span class='ocrx_word' id='word_1_82' title='bbox 429 1665 466 1732; x_wconf 92' lang='lat'><strong>¹)</strong></span> <span class='ocrx_word' id='word_1_83' title='bbox 507 1668 590 1729; x_wconf 83' lang='lat'><strong>14,</strong></span> <span class='ocrx_word' id='word_1_84' title='bbox 621 1669 703 1717; x_wconf 77' lang='lat'><strong>17.</strong></span> <span class='ocrx_word' id='word_1_85' title='bbox 729 1681 770 1716; x_wconf 89' lang='lat' dir='ltr'><strong>s.</strong></span> <span class='ocrx_word' id='word_1_86' title='bbox 817 1666 906 1716; x_wconf 83' lang='lat' dir='ltr'><strong>Ad·</strong></span> <span class='ocrx_word' id='word_1_87' title='bbox 938 1680 1032 1717; x_wconf 84' lang='lat' dir='ltr'><strong>eas</strong></span> <span class='ocrx_word' id='word_1_88' title='bbox 1070 1682 1170 1729; x_wconf 87' lang='lat' dir='ltr'><strong>res,</strong></span> <span class='ocrx_word' id='word_1_89' title='bbox 1209 1680 1344 1731; x_wconf 88' lang='lat' dir='ltr'><strong>quas</strong></span> <span class='ocrx_word' id='word_1_90' title='bbox 1379 1664 1671 1731; x_wconf 77' lang='lat' dir='ltr'><strong>Apostolus</strong></span> <span class='ocrx_word' id='word_1_91' title='bbox 1706 1680 1803 1730; x_wconf 88' lang='lat' dir='ltr'><strong>per</strong></span> <span class='ocrx_word' id='word_1_92' title='bbox 1840 1679 1899 1714; x_wconf 89' lang='lat' dir='ltr'><strong>se</strong></span> <span class='ocrx_word' id='word_1_93' title='bbox 1934 1670 2203 1730; x_wconf 80' lang='lat' dir='ltr'><strong>spectatas</strong></span> <span class='ocrx_word' id='word_1_94' title='bbox 2240 1667 2552 1718; x_wconf 87' lang='lat' dir='ltr'><strong>innocentes</strong></span> <span class='ocrx_word' id='word_1_95' title='bbox 2588 1684 2707 1719; x_wconf 85' lang='lat' dir='ltr'><strong>esse</strong></span> 
     </span>
     <span class='ocr_line' id='line_1_11' title="bbox 217 1751 2709 1819; baseline 0 -16"><span class='ocrx_word' id='word_1_96' title='bbox 217 1754 398 1803; x_wconf 79' lang='lat' dir='ltr'><strong>dicere</strong></span> <span class='ocrx_word' id='word_1_97' title='bbox 425 1769 534 1803; x_wconf 87' lang='lat' dir='ltr'><strong>non</strong></span> <span class='ocrx_word' id='word_1_98' title='bbox 559 1752 842 1815; x_wconf 82' lang='lat' dir='ltr'><strong>dubitavit,</strong></span> <span class='ocrx_word' id='word_1_99' title='bbox 881 1767 916 1803; x_wconf 86' lang='lat' dir='ltr'><strong>a</strong></span> <span class='ocrx_word' id='word_1_100' title='bbox 940 1754 1136 1819; x_wconf 86' lang='lat' dir='ltr'><strong>quibus</strong></span> <span class='ocrx_word' id='word_1_101' title='bbox 1161 1768 1289 1803; x_wconf 82' lang='lat' dir='ltr'><strong>vero</strong></span> <span class='ocrx_word' id='word_1_102' title='bbox 1313 1753 1522 1801; x_wconf 86' lang='lat' dir='ltr'><strong>ratione</strong></span> <span class='ocrx_word' id='word_1_103' title='bbox 1547 1752 1775 1801; x_wconf 87' lang='lat' dir='ltr'><strong>aliorum</strong></span> <span class='ocrx_word' id='word_1_104' title='bbox 1797 1751 1999 1815; x_wconf 85' lang='lat' dir='ltr'><strong>habita,</strong></span> <span class='ocrx_word' id='word_1_105' title='bbox 2036 1752 2299 1803; x_wconf 89' lang='lat' dir='ltr'><strong>interdum</strong></span> <span class='ocrx_word' id='word_1_106' title='bbox 2335 1754 2709 1805; x_wconf 84' lang='lat' dir='ltr'><strong>abstinendum</strong></span> 
     </span>
     <span class='ocr_line' id='line_1_12' title="bbox 213 1835 2708 1905; baseline 0.001 -16"><span class='ocrx_word' id='word_1_107' title='bbox 213 1856 336 1891; x_wconf 87' lang='lat' dir='ltr'><strong>esse</strong></span> <span class='ocrx_word' id='word_1_108' title='bbox 382 1841 615 1901; x_wconf 86' lang='lat' dir='ltr'><strong>censuit,</strong></span> <span class='ocrx_word' id='word_1_109' title='bbox 663 1841 965 1905; x_wconf 77' lang='lat' dir='ltr'><strong>pertinebat</strong></span> <span class='ocrx_word' id='word_1_110' title='bbox 1010 1841 1170 1890; x_wconf 86' lang='lat' dir='ltr'><strong>etiam</strong></span> <span class='ocrx_word' id='word_1_111' title='bbox 1216 1854 1340 1890; x_wconf 88' lang='lat' dir='ltr'><strong>esus</strong></span> <span class='ocrx_word' id='word_1_112' title='bbox 1385 1838 1520 1901; x_wconf 83' lang='grc' dir='ltr'><strong>,,τῶν</strong></span> <span class='ocrx_word' id='word_1_113' title='bbox 1567 1835 1970 1899; x_wconf 50' lang='grc' dir='ltr'>εἰδωλοθύτωνιπ</span> <span class='ocrx_word' id='word_1_114' title='bbox 2016 1838 2083 1888; x_wconf 89' lang='lat' dir='ltr'><strong>de</strong></span> <span class='ocrx_word' id='word_1_115' title='bbox 2121 1855 2227 1905; x_wconf 88' lang='lat' dir='ltr'><strong>quo</strong></span> <span class='ocrx_word' id='word_1_116' title='bbox 2265 1840 2604 1892; x_wconf 75' lang='lat' dir='ltr'><strong>conformiter</strong></span> <span class='ocrx_word' id='word_1_117' title='bbox 2640 1841 2708 1893; x_wconf 83' lang='lat' dir='ltr'><strong>ad</strong></span> 
     </span>
     <span class='ocr_line' id='line_1_13' title="bbox 215 1925 2705 1993; baseline 0.001 -16"><span class='ocrx_word' id='word_1_118' title='bbox 215 1928 490 1978; x_wconf 88' lang='lat' dir='ltr'><strong>decretum</strong></span> <span class='ocrx_word' id='word_1_119' title='bbox 516 1926 730 1977; x_wconf 83' lang='lat' dir='ltr'><strong>concilii</strong></span> <span class='ocrx_word' id='word_1_120' title='bbox 753 1926 1230 1991; x_wconf 79' lang='lat' dir='ltr'><strong>Hierosolymitani</strong></span> <span class='ocrx_word' id='word_1_121' title='bbox 1267 1942 1318 1976; x_wconf 77' lang='lat' dir='ltr'><strong>v.</strong></span> <span class='ocrx_word' id='word_1_122' title='bbox 1338 1943 1389 1993; x_wconf 92' lang='lat' dir='ltr'><strong>p.</strong></span> <span class='ocrx_word' id='word_1_123' title='bbox 1411 1928 1530 1975; x_wconf 84' lang='lat'><strong>353.</strong></span> <span class='ocrx_word' id='word_1_124' title='bbox 1557 1925 1767 1977; x_wconf 80' lang='lat' dir='ltr'><strong>docuit:</strong></span> <span class='ocrx_word' id='word_1_125' title='bbox 1794 1925 1999 1975; x_wconf 89' lang='lat' dir='ltr'><strong>nullum</strong></span> <span class='ocrx_word' id='word_1_126' title='bbox 2019 1926 2195 1976; x_wconf 89' lang='lat' dir='ltr'><strong>cibum</strong></span> <span class='ocrx_word' id='word_1_127' title='bbox 2221 1942 2339 1979; x_wconf 87' lang='lat' dir='ltr'><strong>esse</strong></span> <span class='ocrx_word' id='word_1_128' title='bbox 2364 1928 2705 1993; x_wconf 88' lang='lat' dir='ltr'><strong>immundum,</strong></span> 
     </span>
     <span class='ocr_line' id='line_1_14' title="bbox 216 2012 2707 2079; baseline 0.001 -16"><span class='ocrx_word' id='word_1_129' title='bbox 216 2015 360 2065; x_wconf 89' lang='lat' dir='ltr'><strong>unde</strong></span> <span class='ocrx_word' id='word_1_130' title='bbox 395 2015 453 2065; x_wconf 87' lang='lat' dir='ltr'><strong>in</strong></span> <span class='ocrx_word' id='word_1_131' title='bbox 489 2013 594 2064; x_wconf 84' lang='lat' dir='ltr'><strong>fide</strong></span> <span class='ocrx_word' id='word_1_132' title='bbox 627 2013 834 2065; x_wconf 82' lang='lat' dir='ltr'><strong>firmum</strong></span> <span class='ocrx_word' id='word_1_133' title='bbox 871 2013 1068 2065; x_wconf 86' lang='lat' dir='ltr'><strong>debere</strong></span> <span class='ocrx_word' id='word_1_134' title='bbox 1103 2012 1368 2063; x_wconf 81' lang='lat' dir='ltr'><strong>infirmum</strong></span> <span class='ocrx_word' id='word_1_135' title='bbox 1403 2012 1602 2076; x_wconf 81' lang='lat' dir='ltr'><strong>fovere,</strong></span> <span class='ocrx_word' id='word_1_136' title='bbox 1641 2028 1743 2063; x_wconf 88' lang='lat' dir='ltr'><strong>nee</strong></span> <span class='ocrx_word' id='word_1_137' title='bbox 1776 2012 2005 2063; x_wconf 86' lang='lat' dir='ltr'><strong>invicem</strong></span> <span class='ocrx_word' id='word_1_138' title='bbox 2040 2014 2098 2063; x_wconf 87' lang='lat' dir='ltr'><strong>in</strong></span> <span class='ocrx_word' id='word_1_139' title='bbox 2122 2013 2226 2065; x_wconf 88' lang='lat' dir='ltr'><strong>hoc</strong></span> <span class='ocrx_word' id='word_1_140' title='bbox 2256 2029 2415 2079; x_wconf 88' lang='lat' dir='ltr'><strong>posse</strong></span> <span class='ocrx_word' id='word_1_141' title='bbox 2448 2015 2707 2077; x_wconf 87' lang='lat' dir='ltr'><strong>iudicare,</strong></span> 
     </span>
     <span class='ocr_line' id='line_1_15' title="bbox 213 2099 2706 2167; baseline 0.001 -16"><span class='ocrx_word' id='word_1_142' title='bbox 213 2100 314 2151; x_wconf 85' lang='lat' dir='ltr'><strong>sed</strong></span> <span class='ocrx_word' id='word_1_143' title='bbox 349 2101 806 2166; x_wconf 79' lang='lat' dir='ltr'><strong>unusquisque</strong></span> <span class='ocrx_word' id='word_1_144' title='bbox 849 2102 914 2151; x_wconf 90' lang='lat' dir='ltr'><strong>in</strong></span> <span class='ocrx_word' id='word_1_145' title='bbox 951 2115 1066 2150; x_wconf 89' lang='lat' dir='ltr'><strong>suo</strong></span> <span class='ocrx_word' id='word_1_146' title='bbox 1105 2116 1302 2151; x_wconf 88' lang='lat' dir='ltr'><strong>sensu</strong></span> <span class='ocrx_word' id='word_1_147' title='bbox 1339 2099 1655 2164; x_wconf 83' lang='lat' dir='ltr'><strong>abundet3</strong></span> <span class='ocrx_word' id='word_1_148' title='bbox 1693 2114 1848 2151; x_wconf 86' lang='lat' dir='ltr'><strong>nemo</strong></span> <span class='ocrx_word' id='word_1_149' title='bbox 1885 2104 2066 2151; x_wconf 88' lang='lat' dir='ltr'><strong>tamen</strong></span> <span class='ocrx_word' id='word_1_150' title='bbox 2108 2100 2312 2166; x_wconf 81' lang='lat' dir='ltr'><strong>aliquid</strong></span> <span class='ocrx_word' id='word_1_151' title='bbox 2348 2102 2521 2167; x_wconf 83' lang='lat' dir='ltr'><strong>possit</strong></span> <span class='ocrx_word' id='word_1_152' title='bbox 2554 2116 2706 2153; x_wconf 84' lang='lat' dir='ltr'><strong>man·</strong></span> 
     </span>
     <span class='ocr_line' id='line_1_16' title="bbox 214 2186 2705 2253; baseline 0.001 -16"><span class='ocrx_word' id='word_1_153' title='bbox 214 2188 418 2237; x_wconf 88' lang='lat' dir='ltr'><strong>ducare</strong></span> <span class='ocrx_word' id='word_1_154' title='bbox 441 2203 540 2253; x_wconf 88' lang='lat' dir='ltr'><strong>per</strong></span> <span class='ocrx_word' id='word_1_155' title='bbox 564 2188 708 2253; x_wconf 90' lang='lat' dir='ltr'><strong>quod</strong></span> <span class='ocrx_word' id='word_1_156' title='bbox 730 2190 1000 2253; x_wconf 83' lang='lat' dir='ltr'><strong>proximus</strong></span> <span class='ocrx_word' id='word_1_157' title='bbox 1039 2186 1449 2249; x_wconf 76' lang='lat' dir='ltr'><strong>scandalizetur,</strong></span> <span class='ocrx_word' id='word_1_158' title='bbox 1487 2202 1586 2237; x_wconf 88' lang='lat' dir='ltr'><strong>uec</strong></span> <span class='ocrx_word' id='word_1_159' title='bbox 1611 2186 1851 2238; x_wconf 85' lang='lat' dir='ltr'><strong>infirmus</strong></span> <span class='ocrx_word' id='word_1_160' title='bbox 1888 2201 2047 2253; x_wconf 79' lang='lat' dir='ltr'><strong>agere</strong></span> <span class='ocrx_word' id='word_1_161' title='bbox 2081 2192 2270 2237; x_wconf 89' lang='lat' dir='ltr'><strong>contra</strong></span> <span class='ocrx_word' id='word_1_162' title='bbox 2306 2190 2705 2252; x_wconf 84' lang='lat' dir='ltr'><strong>conscientiam,</strong></span> 
     </span>
     <span class='ocr_line' id='line_1_17' title="bbox 215 2272 2709 2340; baseline 0.001 -16"><span class='ocrx_word' id='word_1_163' title='bbox 215 2276 378 2340; x_wconf 86' lang='lat' dir='ltr'><strong>quia</strong></span> <span class='ocrx_word' id='word_1_164' title='bbox 413 2291 540 2325; x_wconf 86' lang='lat' dir='ltr'><strong>nou</strong></span> <span class='ocrx_word' id='word_1_165' title='bbox 577 2290 650 2325; x_wconf 83' lang='lat' dir='ltr'><strong>ex</strong></span> <span class='ocrx_word' id='word_1_166' title='bbox 685 2275 836 2325; x_wconf 83' lang='lat' dir='ltr'><strong>fide.</strong></span> <span class='ocrx_word' id='word_1_167' title='bbox 893 2277 983 2337; x_wconf 79' lang='lat'><strong>14,</strong></span> <span class='ocrx_word' id='word_1_168' title='bbox 1021 2277 1104 2325; x_wconf 82' lang='lat'><strong>23.</strong></span> <span class='ocrx_word' id='word_1_169' title='bbox 1141 2290 1216 2323; x_wconf 87' lang='lat' dir='ltr'><strong>sc.</strong></span> <span class='ocrx_word' id='word_1_170' title='bbox 1264 2273 1568 2324; x_wconf 86' lang='lat' dir='ltr'><strong>manducat.</strong></span> <span class='ocrx_word' id='word_1_171' title='bbox 1632 2272 1842 2325; x_wconf 84' lang='lat' dir='ltr'><strong>Graeca</strong></span> <span class='ocrx_word' id='word_1_172' title='bbox 1886 2274 2095 2325; x_wconf 86' lang='lat' dir='ltr'><strong>scholia</strong></span> <span class='ocrx_word' id='word_1_173' title='bbox 2137 2279 2281 2325; x_wconf 87' lang='lat' dir='ltr'><strong>recte</strong></span> <span class='ocrx_word' id='word_1_174' title='bbox 2324 2281 2541 2327; x_wconf 86' lang='lat' dir='ltr'><strong>monent</strong></span> <span class='ocrx_word' id='word_1_175' title='bbox 2576 2292 2709 2327; x_wconf 84' lang='lat' dir='ltr'><strong>voce</strong></span> 
     </span>
     <span class='ocr_line' id='line_1_18' title="bbox 213 2358 2711 2427; baseline 0 -15"><span class='ocrx_word' id='word_1_176' title='bbox 213 2358 468 2423; x_wconf 77' lang='grc' dir='ltr'><strong>,,πίστις“,</strong></span> <span class='ocrx_word' id='word_1_177' title='bbox 514 2376 654 2427; x_wconf 87' lang='lat' dir='ltr'><strong>quae</strong></span> <span class='ocrx_word' id='word_1_178' title='bbox 692 2363 852 2412; x_wconf 86' lang='lat' dir='ltr'><strong>etiam</strong></span> <span class='ocrx_word' id='word_1_179' title='bbox 889 2363 1291 2427; x_wconf 79' lang='lat' dir='ltr'><strong>persuasionem</strong></span> <span class='ocrx_word' id='word_1_180' title='bbox 1337 2360 1626 2427; x_wconf 76' lang='lat' dir='ltr'><strong>signifieat,</strong></span> <span class='ocrx_word' id='word_1_181' title='bbox 1672 2360 1725 2411; x_wconf 91' lang='lat' dir='ltr'><strong>h.</strong></span> <span class='ocrx_word' id='word_1_182' title='bbox 1763 2360 1797 2411; x_wconf 84' lang='lat'><strong>1.</strong></span> <span class='ocrx_word' id='word_1_183' title='bbox 1844 2376 1951 2412; x_wconf 90' lang='lat' dir='ltr'><strong>non</strong></span> <span class='ocrx_word' id='word_1_184' title='bbox 1999 2362 2242 2413; x_wconf 84' lang='lat' dir='ltr'><strong>denotari</strong></span> <span class='ocrx_word' id='word_1_185' title='bbox 2289 2362 2486 2413; x_wconf 86' lang='lat' dir='ltr'><strong>fidem</strong></span> <span class='ocrx_word' id='word_1_186' title='bbox 2532 2364 2711 2413; x_wconf 85' lang='lat' dir='ltr'><strong>eirca</strong></span> 
     </span>
     <span class='ocr_line' id='line_1_19' title="bbox 215 2447 2708 2515; baseline 0 -16"><span class='ocrx_word' id='word_1_187' title='bbox 215 2449 486 2513; x_wconf 78' lang='lat' dir='ltr'><strong>dogmata.</strong></span> <span class='ocrx_word' id='word_1_188' title='bbox 547 2448 762 2515; x_wconf 81' lang='lat' dir='ltr'><strong>Repetit</strong></span> <span class='ocrx_word' id='word_1_189' title='bbox 797 2449 936 2499; x_wconf 85' lang='lat' dir='ltr'><strong>hanc</strong></span> <span class='ocrx_word' id='word_1_190' title='bbox 973 2463 1126 2499; x_wconf 87' lang='lat' dir='ltr'><strong>suam</strong></span> <span class='ocrx_word' id='word_1_191' title='bbox 1163 2448 1476 2511; x_wconf 83' lang='lat' dir='ltr'><strong>doctrinam,</strong></span> <span class='ocrx_word' id='word_1_192' title='bbox 1513 2452 1574 2497; x_wconf 86' lang='lat' dir='ltr'><strong>ut</strong></span> <span class='ocrx_word' id='word_1_193' title='bbox 1608 2447 1868 2500; x_wconf 86' lang='lat' dir='ltr'><strong>firmiores</strong></span> <span class='ocrx_word' id='word_1_194' title='bbox 1901 2448 2247 2499; x_wconf 86' lang='lat' dir='ltr'><strong>infirmiorum</strong></span> <span class='ocrx_word' id='word_1_195' title='bbox 2288 2448 2708 2499; x_wconf 85' lang='lat' dir='ltr'><strong>imbecillitatem</strong></span> 
     </span>
     <span class='ocr_line' id='line_1_20' title="bbox 213 2534 2709 2602; baseline -0 -16"><span class='ocrx_word' id='word_1_196' title='bbox 213 2535 535 2597; x_wconf 83' lang='lat' dir='ltr'><strong>sustineant,</strong></span> <span class='ocrx_word' id='word_1_197' title='bbox 575 2541 630 2586; x_wconf 87' lang='lat' dir='ltr'><strong>et</strong></span> <span class='ocrx_word' id='word_1_198' title='bbox 653 2535 931 2586; x_wconf 86' lang='lat' dir='ltr'><strong>confirmat</strong></span> <span class='ocrx_word' id='word_1_199' title='bbox 965 2536 1036 2586; x_wconf 93' lang='lat' dir='ltr'><strong>ab</strong></span> <span class='ocrx_word' id='word_1_200' title='bbox 1069 2535 1312 2602; x_wconf 82' lang='lat' dir='ltr'><strong>exemplo</strong></span> <span class='ocrx_word' id='word_1_201' title='bbox 1339 2534 1564 2599; x_wconf 78' lang='lat' dir='ltr'><strong>Christi3</strong></span> <span class='ocrx_word' id='word_1_202' title='bbox 1600 2539 1789 2601; x_wconf 88' lang='lat' dir='ltr'><strong>utpote</strong></span> <span class='ocrx_word' id='word_1_203' title='bbox 1816 2537 1909 2601; x_wconf 90' lang='lat' dir='ltr'><strong>qui</strong></span> <span class='ocrx_word' id='word_1_204' title='bbox 1944 2536 2179 2600; x_wconf 88' lang='lat' dir='ltr'><strong>seipsum</strong></span> <span class='ocrx_word' id='word_1_205' title='bbox 2214 2534 2513 2585; x_wconf 86' lang='lat' dir='ltr'><strong>humiliavit</strong></span> <span class='ocrx_word' id='word_1_206' title='bbox 2548 2540 2709 2601; x_wconf 84' lang='lat' dir='ltr'><strong>atque</strong></span> 
     </span>
     <span class='ocr_line' id='line_1_21' title="bbox 213 2620 2710 2689; baseline 0 -18"><span class='ocrx_word' id='word_1_207' title='bbox 213 2622 426 2688; x_wconf 79' lang='lat' dir='ltr'><strong>gratiae</strong></span> <span class='ocrx_word' id='word_1_208' title='bbox 469 2623 709 2674; x_wconf 86' lang='lat' dir='ltr'><strong>minister</strong></span> <span class='ocrx_word' id='word_1_209' title='bbox 753 2624 954 2673; x_wconf 82' lang='lat' dir='ltr'><strong>exstitit</strong></span> <span class='ocrx_word' id='word_1_210' title='bbox 999 2629 1053 2673; x_wconf 93' lang='lat' dir='ltr'><strong>et</strong></span> <span class='ocrx_word' id='word_1_211' title='bbox 1096 2623 1322 2673; x_wconf 83' lang='lat' dir='ltr'><strong>Judaeis</strong></span> <span class='ocrx_word' id='word_1_212' title='bbox 1359 2650 1424 2659; x_wconf 91' lang='lat'>—</span> <span class='ocrx_word' id='word_1_213' title='bbox 1463 2638 1598 2688; x_wconf 89' lang='lat' dir='ltr'><strong>quos</strong></span> <span class='ocrx_word' id='word_1_214' title='bbox 1645 2638 1711 2673; x_wconf 84' lang='lat' dir='ltr'><strong>ex</strong></span> <span class='ocrx_word' id='word_1_215' title='bbox 1756 2623 2105 2688; x_wconf 83' lang='lat' dir='ltr'><strong>promissione</strong></span> <span class='ocrx_word' id='word_1_216' title='bbox 2154 2622 2224 2672; x_wconf 90' lang='lat' dir='ltr'><strong>ad</strong></span> <span class='ocrx_word' id='word_1_217' title='bbox 2268 2620 2427 2673; x_wconf 83' lang='lat' dir='ltr'><strong>fidem</strong></span> <span class='ocrx_word' id='word_1_218' title='bbox 2474 2623 2710 2689; x_wconf 87' lang='lat' dir='ltr'><strong>suscepit</strong></span> 
     </span>
     <span class='ocr_line' id='line_1_22' title="bbox 213 2708 2707 2776; baseline 0 -17"><span class='ocrx_word' id='word_1_219' title='bbox 213 2738 284 2747; x_wconf 89' lang='lat'>—</span> <span class='ocrx_word' id='word_1_220' title='bbox 312 2714 368 2759; x_wconf 90' lang='lat' dir='ltr'><strong>et</strong></span> <span class='ocrx_word' id='word_1_221' title='bbox 403 2708 666 2761; x_wconf 83' lang='lat' dir='ltr'><strong>Gentibus</strong></span> <span class='ocrx_word' id='word_1_222' title='bbox 691 2738 757 2747; x_wconf 93' lang='lat'><strong>——</strong></span> <span class='ocrx_word' id='word_1_223' title='bbox 783 2726 916 2776; x_wconf 87' lang='lat' dir='ltr'><strong>quos</strong></span> <span class='ocrx_word' id='word_1_224' title='bbox 947 2726 1012 2761; x_wconf 82' lang='lat' dir='ltr'><strong>ex</strong></span> <span class='ocrx_word' id='word_1_225' title='bbox 1035 2710 1404 2761; x_wconf 87' lang='lat' dir='ltr'><strong>misericordia</strong></span> <span class='ocrx_word' id='word_1_226' title='bbox 1438 2710 1643 2776; x_wconf 86' lang='lat' dir='ltr'><strong>recepit</strong></span> <span class='ocrx_word' id='word_1_227' title='bbox 1669 2737 1735 2746; x_wconf 93' lang='lat'>—</span> <span class='ocrx_word' id='word_1_228' title='bbox 1760 2714 1821 2759; x_wconf 88' lang='lat' dir='ltr'><strong>ut</strong></span> <span class='ocrx_word' id='word_1_229' title='bbox 1845 2708 2037 2759; x_wconf 87' lang='lat' dir='ltr'><strong>divinis</strong></span> <span class='ocrx_word' id='word_1_230' title='bbox 2064 2709 2293 2761; x_wconf 85' lang='lat' dir='ltr'><strong>oraculis</strong></span> <span class='ocrx_word' id='word_1_231' title='bbox 2317 2708 2583 2775; x_wconf 88' lang='lat' dir='ltr'><strong>proditum</strong></span> <span class='ocrx_word' id='word_1_232' title='bbox 2611 2715 2707 2761; x_wconf 88' lang='lat' dir='ltr'><strong>est.</strong></span> 
     </span>
     <span class='ocr_line' id='line_1_23' title="bbox 211 2795 2709 2862; baseline 0 -15"><span class='ocrx_word' id='word_1_233' title='bbox 211 2798 304 2847; x_wconf 84' lang='lat' dir='ltr'><strong>Ex</strong></span> <span class='ocrx_word' id='word_1_234' title='bbox 329 2798 626 2847; x_wconf 84' lang='lat' dir='ltr'><strong>animorum</strong></span> <span class='ocrx_word' id='word_1_235' title='bbox 653 2812 918 2848; x_wconf 87' lang='lat' dir='ltr'><strong>consensu</strong></span> <span class='ocrx_word' id='word_1_236' title='bbox 944 2813 1053 2848; x_wconf 88' lang='lat' dir='ltr'><strong>non</strong></span> <span class='ocrx_word' id='word_1_237' title='bbox 1077 2797 1360 2848; x_wconf 85' lang='lat' dir='ltr'><strong>mediocris</strong></span> <span class='ocrx_word' id='word_1_238' title='bbox 1387 2799 1586 2847; x_wconf 88' lang='lat' dir='ltr'><strong>orietur</strong></span> <span class='ocrx_word' id='word_1_239' title='bbox 1610 2798 1717 2847; x_wconf 92' lang='lat' dir='ltr'><strong>Dei</strong></span> <span class='ocrx_word' id='word_1_240' title='bbox 1744 2797 2087 2861; x_wconf 90' lang='lat' dir='ltr'><strong>eiusdemque</strong></span> <span class='ocrx_word' id='word_1_241' title='bbox 2123 2796 2177 2847; x_wconf 82' lang='lat' dir='ltr'><strong>J.</strong></span> <span class='ocrx_word' id='word_1_242' title='bbox 2204 2795 2263 2847; x_wconf 86' lang='lat' dir='ltr'><strong>C.</strong></span> <span class='ocrx_word' id='word_1_243' title='bbox 2288 2797 2355 2846; x_wconf 95' lang='lat' dir='ltr'><strong>D.</strong></span> <span class='ocrx_word' id='word_1_244' title='bbox 2382 2797 2445 2847; x_wconf 86' lang='lat' dir='ltr'><strong>N.</strong></span> <span class='ocrx_word' id='word_1_245' title='bbox 2471 2798 2709 2862; x_wconf 84' lang='lat' dir='ltr'><strong>parentis</strong></span> 
     </span>
     <span class='ocr_line' id='line_1_24' title="bbox 211 2879 2708 2951; baseline 0.001 -18"><span class='ocrx_word' id='word_1_246' title='bbox 211 2884 406 2949; x_wconf 84' lang='lat' dir='ltr'><strong>gloria.</strong></span> <span class='ocrx_word' id='word_1_247' title='bbox 460 2882 542 2933; x_wconf 86' lang='lat' dir='ltr'><strong>Cf.</strong></span> <span class='ocrx_word' id='word_1_248' title='bbox 569 2884 829 2935; x_wconf 87' lang='lat' dir='ltr'><strong>formulae</strong></span> <span class='ocrx_word' id='word_1_249' title='bbox 856 2883 1068 2934; x_wconf 88' lang='lat' dir='ltr'><strong>dicendi</strong></span> <span class='ocrx_word' id='word_1_250' title='bbox 1105 2881 1162 2933; x_wconf 90' lang='grc' dir='ltr'><strong>Θ.</strong></span> <span class='ocrx_word' id='word_1_251' title='bbox 1191 2879 1233 2934; x_wconf 85' lang='grc' dir='ltr'><strong>ὁ.</strong></span> <span class='ocrx_word' id='word_1_252' title='bbox 1259 2900 1308 2935; x_wconf 87' lang='grc' dir='ltr'><strong>π.</strong></span> <span class='ocrx_word' id='word_1_253' title='bbox 1335 2881 1369 2933; x_wconf 84' lang='grc'><strong>1.</strong></span> <span class='ocrx_word' id='word_1_254' title='bbox 1396 2882 1482 2951; x_wconf 81' lang='grc' dir='ltr'><strong>Χρ.</strong></span> <span class='ocrx_word' id='word_1_255' title='bbox 1519 2885 1576 2934; x_wconf 91' lang='lat' dir='ltr'><strong>in</strong></span> <span class='ocrx_word' id='word_1_256' title='bbox 1613 2884 1679 2933; x_wconf 86' lang='lat' dir='ltr'><strong>N.</strong></span> <span class='ocrx_word' id='word_1_257' title='bbox 1704 2884 1766 2933; x_wconf 87' lang='grc' dir='ltr'><strong>Τ.</strong></span> <span class='ocrx_word' id='word_1_258' title='bbox 1792 2884 1936 2933; x_wconf 85' lang='lat' dir='ltr'><strong>brev.</strong></span> <span class='ocrx_word' id='word_1_259' title='bbox 1964 2882 2189 2949; x_wconf 84' lang='lat' dir='ltr'><strong>exposit.</strong></span> <span class='ocrx_word' id='word_1_260' title='bbox 2233 2882 2375 2933; x_wconf 83' lang='lat' dir='ltr'><strong>Gott.</strong></span> <span class='ocrx_word' id='word_1_261' title='bbox 2403 2884 2555 2934; x_wconf 85' lang='lat'><strong>1810.</strong></span> <span class='ocrx_word' id='word_1_262' title='bbox 2580 2901 2633 2951; x_wconf 90' lang='lat' dir='ltr'><strong>p.</strong></span> <span class='ocrx_word' id='word_1_263' title='bbox 2658 2886 2708 2936; x_wconf 84' lang='lat'><strong>8.</strong></span> 
     </span>
     <span class='ocr_line' id='line_1_25' title="bbox 211 2968 2707 3037; baseline 0.001 -18"><span class='ocrx_word' id='word_1_264' title='bbox 211 2970 258 3035; x_wconf 83' lang='lat'><strong>2)</strong></span> <span class='ocrx_word' id='word_1_265' title='bbox 303 2968 362 3019; x_wconf 90' lang='lat' dir='ltr'><strong>C.</strong></span> <span class='ocrx_word' id='word_1_266' title='bbox 403 2973 484 3033; x_wconf 78' lang='lat'><strong>15,</strong></span> <span class='ocrx_word' id='word_1_267' title='bbox 522 2973 603 3021; x_wconf 83' lang='lat'><strong>13.</strong></span> <span class='ocrx_word' id='word_1_268' title='bbox 651 2987 756 3037; x_wconf 88' lang='lat' dir='ltr'><strong>quo</strong></span> <span class='ocrx_word' id='word_1_269' title='bbox 799 2972 1056 3021; x_wconf 86' lang='lat' dir='ltr'><strong>Romanis</strong></span> <span class='ocrx_word' id='word_1_270' title='bbox 1093 2976 1338 3036; x_wconf 64' lang='lat' dir='ltr'><strong>exoptati</strong></span> <span class='ocrx_word' id='word_1_271' title='bbox 1391 2971 1526 3021; x_wconf 81' lang='lat' dir='ltr'><strong>faxit</strong></span> <span class='ocrx_word' id='word_1_272' title='bbox 1559 2971 1735 3033; x_wconf 88' lang='lat' dir='ltr'><strong>Deus,</strong></span> <span class='ocrx_word' id='word_1_273' title='bbox 1784 2971 1877 3035; x_wconf 90' lang='lat' dir='ltr'><strong>qui</strong></span> <span class='ocrx_word' id='word_1_274' title='bbox 1913 2970 2029 3035; x_wconf 87' lang='lat' dir='ltr'><strong>spei</strong></span> <span class='ocrx_word' id='word_1_275' title='bbox 2076 2974 2291 3021; x_wconf 88' lang='lat' dir='ltr'><strong>nostrae</strong></span> <span class='ocrx_word' id='word_1_276' title='bbox 2336 2970 2707 3021; x_wconf 79' lang='lat' dir='ltr'><strong>certitudinem</strong></span> 
     </span>
     <span class='ocr_line' id='line_1_26' title="bbox 213 3056 2707 3123; baseline 0.001 -16"><span class='ocrx_word' id='word_1_277' title='bbox 213 3056 470 3108; x_wconf 81' lang='lat' dir='ltr'><strong>cordibus</strong></span> <span class='ocrx_word' id='word_1_278' title='bbox 508 3059 704 3109; x_wconf 86' lang='lat' dir='ltr'><strong>nostris</strong></span> <span class='ocrx_word' id='word_1_279' title='bbox 741 3058 960 3120; x_wconf 83' lang='lat' dir='ltr'><strong>infudit,</strong></span> <span class='ocrx_word' id='word_1_280' title='bbox 1007 3063 1064 3109; x_wconf 85' lang='lat' dir='ltr'><strong>ut</strong></span> <span class='ocrx_word' id='word_1_281' title='bbox 1101 3058 1242 3107; x_wconf 86' lang='lat' dir='ltr'><strong>omni</strong></span> <span class='ocrx_word' id='word_1_282' title='bbox 1279 3057 1476 3123; x_wconf 81' lang='lat' dir='ltr'><strong>gaudio</strong></span> <span class='ocrx_word' id='word_1_283' title='bbox 1513 3058 1568 3107; x_wconf 93' lang='lat' dir='ltr'><strong>in</strong></span> <span class='ocrx_word' id='word_1_284' title='bbox 1606 3073 1703 3122; x_wconf 88' lang='lat' dir='ltr'><strong>spe</strong></span> <span class='ocrx_word' id='word_1_285' title='bbox 1739 3056 2152 3123; x_wconf 87' lang='lat' dir='ltr'><strong>consequendae</strong></span> <span class='ocrx_word' id='word_1_286' title='bbox 2189 3057 2378 3109; x_wconf 84' lang='lat' dir='ltr'><strong>salutis</strong></span> <span class='ocrx_word' id='word_1_287' title='bbox 2422 3058 2707 3109; x_wconf 85' lang='lat' dir='ltr'><strong>abundetis</strong></span> 
     </span>
     <span class='ocr_line' id='line_1_27' title="bbox 213 3143 2709 3211; baseline 0 -17"><span class='ocrx_word' id='word_1_288' title='bbox 213 3143 480 3195; x_wconf 85' lang='lat' dir='ltr'><strong>beneficio</strong></span> <span class='ocrx_word' id='word_1_289' title='bbox 528 3144 758 3211; x_wconf 87' lang='lat' dir='ltr'><strong>Spiritus</strong></span> <span class='ocrx_word' id='word_1_290' title='bbox 804 3144 858 3195; x_wconf 85' lang='lat' dir='ltr'><strong>S.</strong></span> <span class='ocrx_word' id='word_1_291' title='bbox 932 3146 974 3211; x_wconf 81' lang='grc'><strong>3)</strong></span> <span class='ocrx_word' id='word_1_292' title='bbox 1011 3144 1164 3206; x_wconf 82' lang='lat' dir='ltr'><strong>Quae</strong></span> <span class='ocrx_word' id='word_1_293' title='bbox 1210 3145 1458 3195; x_wconf 85' lang='lat' dir='ltr'><strong>eximium</strong></span> <span class='ocrx_word' id='word_1_294' title='bbox 1503 3144 1727 3209; x_wconf 87' lang='lat' dir='ltr'><strong>praebet</strong></span> <span class='ocrx_word' id='word_1_295' title='bbox 1772 3145 2041 3209; x_wconf 88' lang='lat' dir='ltr'><strong>specimen</strong></span> <span class='ocrx_word' id='word_1_296' title='bbox 2086 3145 2382 3210; x_wconf 89' lang='lat' dir='ltr'><strong>sapientiae</strong></span> <span class='ocrx_word' id='word_1_297' title='bbox 2429 3145 2709 3195; x_wconf 86' lang='lat' dir='ltr'><strong>Paulinae.</strong></span> 
     </span>
     <span class='ocr_line' id='line_1_28' title="bbox 213 3229 2711 3297; baseline 0 -16"><span class='ocrx_word' id='word_1_298' title='bbox 213 3232 258 3295; x_wconf 85' lang='lat'><strong>⁴)</strong></span> <span class='ocrx_word' id='word_1_299' title='bbox 303 3230 698 3282; x_wconf 81' lang='lat' dir='ltr'><strong>Commonstrat</strong></span> <span class='ocrx_word' id='word_1_300' title='bbox 733 3231 956 3283; x_wconf 82' lang='lat' dir='ltr'><strong>effectus</strong></span> <span class='ocrx_word' id='word_1_301' title='bbox 991 3232 1223 3283; x_wconf 87' lang='lat' dir='ltr'><strong>muneris</strong></span> <span class='ocrx_word' id='word_1_302' title='bbox 1259 3232 1344 3282; x_wconf 85' lang='lat' dir='ltr'><strong>sui</strong></span> <span class='ocrx_word' id='word_1_303' title='bbox 1379 3232 1520 3282; x_wconf 88' lang='lat' dir='ltr'><strong>inter</strong></span> <span class='ocrx_word' id='word_1_304' title='bbox 1556 3236 1769 3297; x_wconf 81' lang='lat' dir='ltr'><strong>gentes3</strong></span> <span class='ocrx_word' id='word_1_305' title='bbox 1810 3229 2068 3297; x_wconf 88' lang='lat' dir='ltr'><strong>quidquid</strong></span> <span class='ocrx_word' id='word_1_306' title='bbox 2105 3235 2341 3281; x_wconf 82' lang='lat' dir='ltr'><strong>attamen</strong></span> <span class='ocrx_word' id='word_1_307' title='bbox 2378 3246 2618 3282; x_wconf 87' lang='lat' dir='ltr'><strong>sermone</strong></span> <span class='ocrx_word' id='word_1_308' title='bbox 2656 3236 2711 3281; x_wconf 85' lang='lat' dir='ltr'><strong>et</strong></span> 
     </span>
     <span class='ocr_line' id='line_1_29' title="bbox 212 3316 2708 3385; baseline -0 -17"><span class='ocrx_word' id='word_1_309' title='bbox 212 3319 374 3368; x_wconf 85' lang='lat' dir='ltr'><strong>factis</strong></span> <span class='ocrx_word' id='word_1_310' title='bbox 429 3318 736 3385; x_wconf 81' lang='lat' dir='ltr'><strong>perfecerit,</strong></span> <span class='ocrx_word' id='word_1_311' title='bbox 792 3318 846 3367; x_wconf 87' lang='lat' dir='ltr'><strong>id</strong></span> <span class='ocrx_word' id='word_1_312' title='bbox 900 3334 996 3385; x_wconf 89' lang='lat' dir='ltr'><strong>per</strong></span> <span class='ocrx_word' id='word_1_313' title='bbox 1051 3317 1318 3369; x_wconf 87' lang='lat' dir='ltr'><strong>Christum</strong></span> <span class='ocrx_word' id='word_1_314' title='bbox 1372 3316 1617 3368; x_wconf 82' lang='lat' dir='ltr'><strong>effectum</strong></span> <span class='ocrx_word' id='word_1_315' title='bbox 1668 3333 1801 3368; x_wconf 89' lang='lat' dir='ltr'><strong>esse.</strong></span> <span class='ocrx_word' id='word_1_316' title='bbox 1874 3317 1915 3381; x_wconf 76' lang='lat'><strong>⁵)</strong></span> <span class='ocrx_word' id='word_1_317' title='bbox 1966 3318 2165 3367; x_wconf 87' lang='lat' dir='ltr'><strong>Postea</strong></span> <span class='ocrx_word' id='word_1_318' title='bbox 2207 3317 2300 3366; x_wconf 90' lang='lat' dir='ltr'><strong>ubi</strong></span> <span class='ocrx_word' id='word_1_319' title='bbox 2352 3318 2607 3368; x_wconf 86' lang='lat' dir='ltr'><strong>collectas</strong></span> <span class='ocrx_word' id='word_1_320' title='bbox 2652 3320 2708 3367; x_wconf 91' lang='lat' dir='ltr'><strong>in</strong></span> 
     </span>
     <span class='ocr_line' id='line_1_30' title="bbox 212 3404 2709 3471; baseline 0 -17"><span class='ocrx_word' id='word_1_321' title='bbox 212 3420 484 3471; x_wconf 86' lang='lat' dir='ltr'><strong>pauperes</strong></span> <span class='ocrx_word' id='word_1_322' title='bbox 521 3404 921 3457; x_wconf 85' lang='lat' dir='ltr'><strong>distribuendas</strong></span> <span class='ocrx_word' id='word_1_323' title='bbox 957 3405 1322 3471; x_wconf 75' lang='lat' dir='ltr'><strong>Jerosolymas</strong></span> <span class='ocrx_word' id='word_1_324' title='bbox 1367 3404 1659 3471; x_wconf 88' lang='lat' dir='ltr'><strong>pertulerit.</strong></span> <span class='ocrx_word' id='word_1_325' title='bbox 1719 3406 1895 3469; x_wconf 81' lang='lat' dir='ltr'><strong>Rogat</strong></span> <span class='ocrx_word' id='word_1_326' title='bbox 1931 3409 1991 3454; x_wconf 90' lang='lat' dir='ltr'><strong>ut</strong></span> <span class='ocrx_word' id='word_1_327' title='bbox 2025 3405 2107 3454; x_wconf 89' lang='lat' dir='ltr'><strong>sui</strong></span> <span class='ocrx_word' id='word_1_328' title='bbox 2153 3404 2357 3455; x_wconf 86' lang='lat' dir='ltr'><strong>itineris</strong></span> <span class='ocrx_word' id='word_1_329' title='bbox 2402 3419 2709 3457; x_wconf 87' lang='lat' dir='ltr'><strong>successum</strong></span> 
     </span>
     <span class='ocr_line' id='line_1_31' title="bbox 211 3491 2709 3558; baseline 0.001 -17"><span class='ocrx_word' id='word_1_330' title='bbox 211 3492 470 3557; x_wconf 84' lang='lat' dir='ltr'><strong>precibus</strong></span> <span class='ocrx_word' id='word_1_331' title='bbox 507 3492 626 3543; x_wconf 88' lang='lat' dir='ltr'><strong>Deo</strong></span> <span class='ocrx_word' id='word_1_332' title='bbox 665 3491 1050 3555; x_wconf 87' lang='lat' dir='ltr'><strong>commendent,</strong></span> <span class='ocrx_word' id='word_1_333' title='bbox 1089 3498 1142 3543; x_wconf 90' lang='lat' dir='ltr'><strong>et</strong></span> <span class='ocrx_word' id='word_1_334' title='bbox 1178 3492 1412 3543; x_wconf 84' lang='lat' dir='ltr'><strong>vicissim</strong></span> <span class='ocrx_word' id='word_1_335' title='bbox 1447 3492 1634 3543; x_wconf 86' lang='lat' dir='ltr'><strong>iisdem</strong></span> <span class='ocrx_word' id='word_1_336' title='bbox 1674 3506 1863 3558; x_wconf 86' lang='lat' dir='ltr'><strong>pacem</strong></span> <span class='ocrx_word' id='word_1_337' title='bbox 1898 3494 2163 3557; x_wconf 85' lang='lat' dir='ltr'><strong>precatur.</strong></span> <span class='ocrx_word' id='word_1_338' title='bbox 2204 3492 2285 3553; x_wconf 80' lang='lat'><strong>16,</strong></span> <span class='ocrx_word' id='word_1_339' title='bbox 2320 3494 2403 3542; x_wconf 83' lang='lat'><strong>33.</strong></span> <span class='ocrx_word' id='word_1_340' title='bbox 2453 3492 2709 3543; x_wconf 89' lang='lat' dir='ltr'><strong>Phoeben</strong></span> 
     </span>
     <span class='ocr_line' id='line_1_32' title="bbox 212 3578 2707 3645; baseline 0.002 -18"><span class='ocrx_word' id='word_1_341' title='bbox 212 3579 596 3641; x_wconf 73' lang='lat' dir='ltr'><strong>diaconissm,</strong></span> <span class='ocrx_word' id='word_1_342' title='bbox 637 3581 720 3629; x_wconf 88' lang='lat' dir='ltr'><strong>cui</strong></span> <span class='ocrx_word' id='word_1_343' title='bbox 756 3579 854 3629; x_wconf 87' lang='lat' dir='ltr'><strong>has</strong></span> <span class='ocrx_word' id='word_1_344' title='bbox 886 3579 1070 3630; x_wconf 86' lang='lat' dir='ltr'><strong>literas</strong></span> <span class='ocrx_word' id='word_1_345' title='bbox 1093 3579 1438 3645; x_wconf 87' lang='lat' dir='ltr'><strong>perferendas</strong></span> <span class='ocrx_word' id='word_1_346' title='bbox 1463 3578 1773 3641; x_wconf 87' lang='lat' dir='ltr'><strong>tradiderat,</strong></span> <span class='ocrx_word' id='word_1_347' title='bbox 1810 3580 2065 3629; x_wconf 84' lang='lat' dir='ltr'><strong>Romanis</strong></span> <span class='ocrx_word' id='word_1_348' title='bbox 2089 3580 2329 3645; x_wconf 86' lang='lat' dir='ltr'><strong>impense</strong></span> <span class='ocrx_word' id='word_1_349' title='bbox 2354 3580 2707 3631; x_wconf 86' lang='lat' dir='ltr'><strong>commendat.</strong></span> 
     </span>
     <span class='ocr_line' id='line_1_33' title="bbox 215 3665 2709 3732; baseline -0 -16"><span class='ocrx_word' id='word_1_350' title='bbox 215 3665 458 3716; x_wconf 86' lang='lat' dir='ltr'><strong>Salutari</strong></span> <span class='ocrx_word' id='word_1_351' title='bbox 484 3666 634 3716; x_wconf 89' lang='lat' dir='ltr'><strong>iubet</strong></span> <span class='ocrx_word' id='word_1_352' title='bbox 659 3668 874 3729; x_wconf 87' lang='lat' dir='ltr'><strong>amieos,</strong></span> <span class='ocrx_word' id='word_1_353' title='bbox 903 3667 995 3731; x_wconf 89' lang='lat' dir='ltr'><strong>qui</strong></span> <span class='ocrx_word' id='word_1_354' title='bbox 1019 3668 1220 3717; x_wconf 84' lang='lat' dir='ltr'><strong>Romae</strong></span> <span class='ocrx_word' id='word_1_355' title='bbox 1247 3666 1529 3731; x_wconf 80' lang='lat' dir='ltr'><strong>degebant,</strong></span> <span class='ocrx_word' id='word_1_356' title='bbox 1557 3666 1810 3716; x_wconf 87' lang='lat' dir='ltr'><strong>admonet</strong></span> <span class='ocrx_word' id='word_1_357' title='bbox 1832 3666 1899 3716; x_wconf 90' lang='lat' dir='ltr'><strong>de</strong></span> <span class='ocrx_word' id='word_1_358' title='bbox 1926 3666 2177 3717; x_wconf 83' lang='lat' dir='ltr'><strong>cavendis</strong></span> <span class='ocrx_word' id='word_1_359' title='bbox 2202 3666 2589 3727; x_wconf 87' lang='lat' dir='ltr'><strong>seductoribus,</strong></span> <span class='ocrx_word' id='word_1_360' title='bbox 2618 3668 2709 3732; x_wconf 86' lang='lat' dir='ltr'><strong>qui</strong></span> 
     </span>
     <span class='ocr_line' id='line_1_34' title="bbox 213 3752 2705 3819; baseline 0 -17"><span class='ocrx_word' id='word_1_361' title='bbox 213 3754 582 3803; x_wconf 84' lang='lat' dir='ltr'><strong>dissensiones</strong></span> <span class='ocrx_word' id='word_1_362' title='bbox 609 3760 664 3805; x_wconf 91' lang='lat' dir='ltr'><strong>et</strong></span> <span class='ocrx_word' id='word_1_363' title='bbox 687 3752 1010 3804; x_wconf 82' lang='lat' dir='ltr'><strong>offendicula</strong></span> <span class='ocrx_word' id='word_1_364' title='bbox 1031 3753 1251 3803; x_wconf 85' lang='lat' dir='ltr'><strong>faciunt.</strong></span> <span class='ocrx_word' id='word_1_365' title='bbox 1314 3752 1356 3819; x_wconf 70' lang='grc' dir='ltr'><strong>ὅ)</strong></span> <span class='ocrx_word' id='word_1_366' title='bbox 1384 3753 1674 3818; x_wconf 87' lang='lat' dir='ltr'><strong>Speeiatim</strong></span> <span class='ocrx_word' id='word_1_367' title='bbox 1710 3768 1745 3803; x_wconf 98' lang='lat' dir='ltr'><strong>a</strong></span> <span class='ocrx_word' id='word_1_368' title='bbox 1767 3752 2063 3816; x_wconf 85' lang='lat' dir='ltr'><strong>Timotheo,</strong></span> <span class='ocrx_word' id='word_1_369' title='bbox 2090 3758 2145 3803; x_wconf 92' lang='lat' dir='ltr'><strong>et</strong></span> <span class='ocrx_word' id='word_1_370' title='bbox 2179 3766 2215 3803; x_wconf 85' lang='lat' dir='ltr'><strong>a</strong></span> <span class='ocrx_word' id='word_1_371' title='bbox 2236 3753 2416 3803; x_wconf 87' lang='lat' dir='ltr'><strong>Tertio</strong></span> <span class='ocrx_word' id='word_1_372' title='bbox 2443 3752 2705 3817; x_wconf 87' lang='lat' dir='ltr'><strong>discipulo</strong></span> 
     </span>
     <span class='ocr_line' id='line_1_35' title="bbox 216 3835 2707 3906; baseline -0.001 -17"><span class='ocrx_word' id='word_1_373' title='bbox 216 3841 317 3905; x_wconf 88' lang='lat' dir='ltr'><strong>qui</strong></span> <span class='ocrx_word' id='word_1_374' title='bbox 344 3840 394 3889; x_wconf 88' lang='lat' dir='ltr'><strong>ei</strong></span> <span class='ocrx_word' id='word_1_375' title='bbox 419 3846 536 3890; x_wconf 88' lang='lat' dir='ltr'><strong>erat</strong></span> <span class='ocrx_word' id='word_1_376' title='bbox 559 3840 628 3889; x_wconf 85' lang='lat' dir='ltr'><strong>ad</strong></span> <span class='ocrx_word' id='word_1_377' title='bbox 651 3854 842 3891; x_wconf 87' lang='lat' dir='ltr'><strong>manus</strong></span> <span class='ocrx_word' id='word_1_378' title='bbox 863 3842 920 3890; x_wconf 89' lang='lat' dir='ltr'><strong>in</strong></span> <span class='ocrx_word' id='word_1_379' title='bbox 939 3840 1041 3889; x_wconf 86' lang='lat' dir='ltr'><strong>hac</strong></span> <span class='ocrx_word' id='word_1_380' title='bbox 1063 3839 1290 3906; x_wconf 87' lang='lat' dir='ltr'><strong>epistola</strong></span> <span class='ocrx_word' id='word_1_381' title='bbox 1315 3838 1600 3889; x_wconf 84' lang='lat' dir='ltr'><strong>exaranda.</strong></span> <span class='ocrx_word' id='word_1_382' title='bbox 1641 3840 1745 3901; x_wconf 81' lang='lat' dir='ltr'><strong>Qui</strong></span> <span class='ocrx_word' id='word_1_383' title='bbox 1763 3840 1949 3905; x_wconf 87' lang='lat' dir='ltr'><strong>utique</strong></span> <span class='ocrx_word' id='word_1_384' title='bbox 1974 3840 2122 3890; x_wconf 89' lang='lat' dir='ltr'><strong>iussu</strong></span> <span class='ocrx_word' id='word_1_385' title='bbox 2148 3838 2199 3889; x_wconf 89' lang='lat' dir='ltr'><strong>d.</strong></span> <span class='ocrx_word' id='word_1_386' title='bbox 2214 3838 2368 3889; x_wconf 88' lang='lat' dir='ltr'><strong>Pauli</strong></span> <span class='ocrx_word' id='word_1_387' title='bbox 2394 3835 2707 3889; x_wconf 75' lang='grc' dir='ltr'>θεοπνεύστου</span> 
     </span>
     <span class='ocr_line' id='line_1_36' title="bbox 211 3925 2709 3991; baseline -0.001 -16"><span class='ocrx_word' id='word_1_388' title='bbox 211 3941 436 3975; x_wconf 87' lang='lat' dir='ltr'><strong>manum</strong></span> <span class='ocrx_word' id='word_1_389' title='bbox 485 3926 568 3977; x_wconf 79' lang='lat' dir='ltr'><strong>his</strong></span> <span class='ocrx_word' id='word_1_390' title='bbox 613 3926 781 3977; x_wconf 86' lang='lat' dir='ltr'><strong>literis</strong></span> <span class='ocrx_word' id='word_1_391' title='bbox 828 3926 1206 3991; x_wconf 80' lang='lat' dir='ltr'><strong>consignandis</strong></span> <span class='ocrx_word' id='word_1_392' title='bbox 1253 3926 1504 3977; x_wconf 85' lang='lat' dir='ltr'><strong>admovit.</strong></span> <span class='ocrx_word' id='word_1_393' title='bbox 1565 3927 1668 3977; x_wconf 87' lang='lat' dir='ltr'><strong>Est</strong></span> <span class='ocrx_word' id='word_1_394' title='bbox 1714 3942 1841 3977; x_wconf 83' lang='lat' dir='ltr'><strong>vero</strong></span> <span class='ocrx_word' id='word_1_395' title='bbox 1878 3926 2087 3975; x_wconf 84' lang='lat' dir='ltr'><strong>Tertius</strong></span> <span class='ocrx_word' id='word_1_396' title='bbox 2136 3927 2217 3989; x_wconf 82' lang='lat'><strong>16,</strong></span> <span class='ocrx_word' id='word_1_397' title='bbox 2256 3928 2339 3975; x_wconf 92' lang='grc'><strong>22.</strong></span> <span class='ocrx_word' id='word_1_398' title='bbox 2386 3925 2606 3991; x_wconf 86' lang='lat' dir='ltr'><strong>perinde</strong></span> <span class='ocrx_word' id='word_1_399' title='bbox 2642 3938 2709 3974; x_wconf 89' lang='lat' dir='ltr'><strong>ac</strong></span> 
     </span>
     <span class='ocr_line' id='line_1_37' title="bbox 214 4010 2705 4078; baseline -0.001 -15"><span class='ocrx_word' id='word_1_400' title='bbox 214 4014 458 4075; x_wconf 81' lang='lat' dir='ltr'><strong>Quartus</strong></span> <span class='ocrx_word' id='word_1_401' title='bbox 495 4029 544 4063; x_wconf 77' lang='lat' dir='ltr'><strong>v.</strong></span> <span class='ocrx_word' id='word_1_402' title='bbox 571 4015 654 4063; x_wconf 83' lang='lat'><strong>23.</strong></span> <span class='ocrx_word' id='word_1_403' title='bbox 691 4029 886 4064; x_wconf 88' lang='lat' dir='ltr'><strong>nomen</strong></span> <span class='ocrx_word' id='word_1_404' title='bbox 922 4013 1164 4076; x_wconf 85' lang='lat' dir='ltr'><strong>latinum,</strong></span> <span class='ocrx_word' id='word_1_405' title='bbox 1201 4012 1342 4063; x_wconf 89' lang='lat' dir='ltr'><strong>unde</strong></span> <span class='ocrx_word' id='word_1_406' title='bbox 1367 4013 1528 4078; x_wconf 79' lang='lat' dir='ltr'><strong>Hugo</strong></span> <span class='ocrx_word' id='word_1_407' title='bbox 1556 4012 1790 4074; x_wconf 86' lang='lat' dir='ltr'><strong>Grotius,</strong></span> <span class='ocrx_word' id='word_1_408' title='bbox 1828 4018 2009 4063; x_wconf 88' lang='lat' dir='ltr'><strong>annot.</strong></span> <span class='ocrx_word' id='word_1_409' title='bbox 2044 4011 2112 4063; x_wconf 86' lang='lat' dir='ltr'><strong>ad</strong></span> <span class='ocrx_word' id='word_1_410' title='bbox 2148 4012 2197 4063; x_wconf 89' lang='lat' dir='ltr'><strong>h.</strong></span> <span class='ocrx_word' id='word_1_411' title='bbox 2233 4011 2265 4061; x_wconf 89' lang='lat'><strong>1.</strong></span> <span class='ocrx_word' id='word_1_412' title='bbox 2303 4027 2387 4075; x_wconf 90' lang='lat' dir='ltr'><strong>op.</strong></span> <span class='ocrx_word' id='word_1_413' title='bbox 2414 4010 2575 4061; x_wconf 85' lang='lat' dir='ltr'><strong>theol.</strong></span> <span class='ocrx_word' id='word_1_414' title='bbox 2608 4011 2705 4073; x_wconf 90' lang='lat'><strong>111,</strong></span> 
     </span>
     <span class='ocr_line' id='line_1_38' title="bbox 219 4097 2707 4166; baseline -0.001 -15"><span class='ocrx_word' id='word_1_415' title='bbox 219 4102 340 4151; x_wconf 71' lang='lat'><strong>764.</strong></span> <span class='ocrx_word' id='word_1_416' title='bbox 381 4099 527 4161; x_wconf 87' lang='lat' dir='ltr'><strong>dicit,</strong></span> <span class='ocrx_word' id='word_1_417' title='bbox 553 4104 834 4166; x_wconf 85' lang='lat' dir='ltr'><strong>utrumque</strong></span> <span class='ocrx_word' id='word_1_418' title='bbox 858 4100 1023 4151; x_wconf 83' lang='lat' dir='ltr'><strong>fuisse</strong></span> <span class='ocrx_word' id='word_1_419' title='bbox 1053 4101 1222 4150; x_wconf 85' lang='lat' dir='ltr'><strong>civem</strong></span> <span class='ocrx_word' id='word_1_420' title='bbox 1247 4100 1562 4163; x_wconf 84' lang='lat' dir='ltr'><strong>Romanum,</strong></span> <span class='ocrx_word' id='word_1_421' title='bbox 1588 4098 1685 4151; x_wconf 87' lang='lat' dir='ltr'><strong>sed</strong></span> <span class='ocrx_word' id='word_1_422' title='bbox 1710 4098 1952 4150; x_wconf 85' lang='lat' dir='ltr'><strong>Corinthi</strong></span> <span class='ocrx_word' id='word_1_423' title='bbox 1976 4097 2067 4147; x_wconf 88' lang='lat' dir='ltr'><strong>illo</strong></span> <span class='ocrx_word' id='word_1_424' title='bbox 2100 4102 2337 4163; x_wconf 87' lang='lat' dir='ltr'><strong>tempore</strong></span> <span class='ocrx_word' id='word_1_425' title='bbox 2362 4098 2707 4162; x_wconf 82' lang='lat' dir='ltr'><strong>negotiatum.</strong></span> 
     </span>
     <span class='ocr_line' id='line_1_39' title="bbox 215 4184 2705 4253; baseline 0 -18"><span class='ocrx_word' id='word_1_426' title='bbox 215 4186 300 4236; x_wconf 83' lang='lat' dir='ltr'><strong>cf.</strong></span> <span class='ocrx_word' id='word_1_427' title='bbox 329 4188 361 4235; x_wconf 91' lang='lat' dir='ltr'><strong>i.</strong></span> <span class='ocrx_word' id='word_1_428' title='bbox 388 4186 441 4236; x_wconf 83' lang='lat' dir='ltr'><strong>J.</strong></span> <span class='ocrx_word' id='word_1_429' title='bbox 465 4186 520 4237; x_wconf 84' lang='lat' dir='ltr'><strong>J.</strong></span> <span class='ocrx_word' id='word_1_430' title='bbox 544 4186 834 4251; x_wconf 84' lang='lat' dir='ltr'><strong>Rambach,</strong></span> <span class='ocrx_word' id='word_1_431' title='bbox 860 4187 1062 4239; x_wconf 87' lang='lat' dir='ltr'><strong>Introd.</strong></span> <span class='ocrx_word' id='word_1_432' title='bbox 1088 4186 1140 4237; x_wconf 91' lang='lat' dir='ltr'><strong>h.</strong></span> <span class='ocrx_word' id='word_1_433' title='bbox 1165 4186 1238 4237; x_wconf 84' lang='lat' dir='ltr'><strong>th.</strong></span> <span class='ocrx_word' id='word_1_434' title='bbox 1267 4188 1324 4237; x_wconf 91' lang='lat' dir='ltr'><strong>in</strong></span> <span class='ocrx_word' id='word_1_435' title='bbox 1348 4202 1431 4253; x_wconf 89' lang='lat' dir='ltr'><strong>ep.</strong></span> <span class='ocrx_word' id='word_1_436' title='bbox 1457 4188 1517 4237; x_wconf 89' lang='lat' dir='ltr'><strong>P.</strong></span> <span class='ocrx_word' id='word_1_437' title='bbox 1544 4187 1613 4237; x_wconf 91' lang='lat' dir='ltr'><strong>ad</strong></span> <span class='ocrx_word' id='word_1_438' title='bbox 1638 4188 1789 4237; x_wconf 85' lang='lat' dir='ltr'><strong>Rom.</strong></span> <span class='ocrx_word' id='word_1_439' title='bbox 1821 4186 1946 4237; x_wconf 87' lang='lat' dir='ltr'><strong>Hal.</strong></span> <span class='ocrx_word' id='word_1_440' title='bbox 1974 4186 2125 4236; x_wconf 79' lang='grc'><strong>1730.</strong></span> <span class='ocrx_word' id='word_1_441' title='bbox 2162 4202 2214 4251; x_wconf 90' lang='lat' dir='ltr'><strong>p.</strong></span> <span class='ocrx_word' id='word_1_442' title='bbox 2242 4186 2323 4235; x_wconf 80' lang='lat'><strong>14.</strong></span> <span class='ocrx_word' id='word_1_443' title='bbox 2349 4200 2391 4237; x_wconf 89' lang='lat' dir='ltr'><strong>s.</strong></span> <span class='ocrx_word' id='word_1_444' title='bbox 2438 4184 2705 4250; x_wconf 78' lang='lat' dir='ltr'><strong>Briegleb,</strong></span> 
     </span>
     <span class='ocr_line' id='line_1_40' title="bbox 215 4272 2705 4339; baseline -0.001 -16"><span class='ocrx_word' id='word_1_445' title='bbox 215 4274 268 4323; x_wconf 89' lang='lat' dir='ltr'><strong>d.</strong></span> <span class='ocrx_word' id='word_1_446' title='bbox 309 4288 452 4339; x_wconf 83' lang='lat' dir='ltr'><strong>quae</strong></span> <span class='ocrx_word' id='word_1_447' title='bbox 488 4274 726 4325; x_wconf 83' lang='lat' dir='ltr'><strong>Tertium</strong></span> <span class='ocrx_word' id='word_1_448' title='bbox 762 4274 992 4326; x_wconf 85' lang='lat' dir='ltr'><strong>scribam</strong></span> <span class='ocrx_word' id='word_1_449' title='bbox 1028 4274 1080 4324; x_wconf 91' lang='lat' dir='ltr'><strong>b.</strong></span> <span class='ocrx_word' id='word_1_450' title='bbox 1115 4274 1270 4325; x_wconf 88' lang='lat' dir='ltr'><strong>Pauli</strong></span> <span class='ocrx_word' id='word_1_451' title='bbox 1307 4275 1459 4323; x_wconf 88' lang='lat' dir='ltr'><strong>sistit.</strong></span> <span class='ocrx_word' id='word_1_452' title='bbox 1507 4274 1630 4323; x_wconf 83' lang='lat' dir='ltr'><strong>Jen.</strong></span> <span class='ocrx_word' id='word_1_453' title='bbox 1662 4274 1813 4323; x_wconf 76' lang='lat'><strong>1764.</strong></span> <span class='ocrx_word' id='word_1_454' title='bbox 1886 4272 1929 4335; x_wconf 85' lang='lat'><strong>⁷)</strong></span> <span class='ocrx_word' id='word_1_455' title='bbox 1968 4272 2195 4322; x_wconf 83' lang='lat' dir='ltr'><strong>Tantum</strong></span> <span class='ocrx_word' id='word_1_456' title='bbox 2244 4272 2529 4322; x_wconf 85' lang='lat' dir='ltr'><strong>veritatum</strong></span> <span class='ocrx_word' id='word_1_457' title='bbox 2564 4288 2705 4323; x_wconf 88' lang='lat' dir='ltr'><strong>eom-</strong></span> 
     </span>
     <span class='ocr_line' id='line_1_41' title="bbox 215 4358 2707 4427; baseline -0.001 -17"><span class='ocrx_word' id='word_1_458' title='bbox 215 4361 436 4426; x_wconf 82' lang='lat' dir='ltr'><strong>plexum</strong></span> <span class='ocrx_word' id='word_1_459' title='bbox 473 4359 523 4411; x_wconf 89' lang='lat' dir='ltr'><strong>d.</strong></span> <span class='ocrx_word' id='word_1_460' title='bbox 561 4361 762 4413; x_wconf 87' lang='lat' dir='ltr'><strong>Paulus</strong></span> <span class='ocrx_word' id='word_1_461' title='bbox 808 4361 924 4411; x_wconf 90' lang='lat' dir='ltr'><strong>sine</strong></span> <span class='ocrx_word' id='word_1_462' title='bbox 959 4360 1193 4427; x_wconf 82' lang='lat' dir='ltr'><strong>phaleris</strong></span> <span class='ocrx_word' id='word_1_463' title='bbox 1240 4360 1437 4411; x_wconf 84' lang='lat' dir='ltr'><strong>fucatis</strong></span> <span class='ocrx_word' id='word_1_464' title='bbox 1483 4359 1694 4425; x_wconf 87' lang='lat' dir='ltr'><strong>quidem</strong></span> <span class='ocrx_word' id='word_1_465' title='bbox 1732 4358 2069 4425; x_wconf 87' lang='lat' dir='ltr'><strong>eloquentiae</strong></span> <span class='ocrx_word' id='word_1_466' title='bbox 2107 4358 2400 4421; x_wconf 84' lang='lat' dir='ltr'><strong>humanae,</strong></span> <span class='ocrx_word' id='word_1_467' title='bbox 2438 4364 2497 4407; x_wconf 81' lang='lat' dir='ltr'><strong>at</strong></span> <span class='ocrx_word' id='word_1_468' title='bbox 2530 4358 2707 4409; x_wconf 81' lang='lat' dir='ltr'><strong>verbis</strong></span> 
     </span>
     <span class='ocr_line' id='line_1_42' title="bbox 217 4446 2707 4513; baseline 0 -17"><span class='ocrx_word' id='word_1_469' title='bbox 217 4462 252 4497; x_wconf 85' lang='lat' dir='ltr'><strong>a</strong></span> <span class='ocrx_word' id='word_1_470' title='bbox 301 4446 504 4513; x_wconf 87' lang='lat' dir='ltr'><strong>Spiritu</strong></span> <span class='ocrx_word' id='word_1_471' title='bbox 551 4446 604 4496; x_wconf 85' lang='lat' dir='ltr'><strong>S.</strong></span> <span class='ocrx_word' id='word_1_472' title='bbox 651 4448 1066 4499; x_wconf 86' lang='lat' dir='ltr'><strong>subministratis</strong></span> <span class='ocrx_word' id='word_1_473' title='bbox 1112 4453 1166 4498; x_wconf 90' lang='lat' dir='ltr'><strong>et</strong></span> <span class='ocrx_word' id='word_1_474' title='bbox 1201 4446 1400 4510; x_wconf 86' lang='lat' dir='ltr'><strong>subtili,</strong></span> <span class='ocrx_word' id='word_1_475' title='bbox 1439 4446 1584 4513; x_wconf 90' lang='lat' dir='ltr'><strong>quod</strong></span> <span class='ocrx_word' id='word_1_476' title='bbox 1629 4450 1886 4496; x_wconf 84' lang='lat' dir='ltr'><strong>tractatur</strong></span> <span class='ocrx_word' id='word_1_477' title='bbox 1934 4450 2271 4510; x_wconf 79' lang='lat' dir='ltr'><strong>argumento,</strong></span> <span class='ocrx_word' id='word_1_478' title='bbox 2317 4446 2707 4497; x_wconf 82' lang='lat' dir='ltr'><strong>convenientis-</strong></span> 
     </span>
     <span class='ocr_line' id='line_1_43' title="bbox 215 4524 2709 4601; baseline -0.001 -16"><span class='ocrx_word' id='word_1_479' title='bbox 215 4524 364 4585; x_wconf 74' lang='lat' dir='ltr'><strong>simis</strong></span> <span class='ocrx_word' id='word_1_480' title='bbox 417 4535 714 4600; x_wconf 88' lang='lat' dir='ltr'><strong>proposuit.</strong></span> <span class='ocrx_word' id='word_1_481' title='bbox 785 4532 828 4601; x_wconf 81' lang='grc'><strong>8)</strong></span> <span class='ocrx_word' id='word_1_482' title='bbox 874 4534 948 4585; x_wconf 87' lang='lat' dir='ltr'><strong>Ut</strong></span> <span class='ocrx_word' id='word_1_483' title='bbox 999 4534 1208 4585; x_wconf 81' lang='lat' dir='ltr'><strong>ferebat</strong></span> <span class='ocrx_word' id='word_1_484' title='bbox 1251 4533 1553 4599; x_wconf 84' lang='lat' dir='ltr'><strong>epistolaris</strong></span> <span class='ocrx_word' id='word_1_485' title='bbox 1601 4532 1871 4584; x_wconf 88' lang='lat' dir='ltr'><strong>scribendi</strong></span> <span class='ocrx_word' id='word_1_486' title='bbox 1917 4534 2071 4583; x_wconf 86' lang='lat' dir='ltr'><strong>ratio.</strong></span> <span class='ocrx_word' id='word_1_487' title='bbox 2129 4532 2420 4598; x_wconf 83' lang='lat' dir='ltr'><strong>Apostolus</strong></span> <span class='ocrx_word' id='word_1_488' title='bbox 2474 4531 2709 4583; x_wconf 88' lang='lat' dir='ltr'><strong>liberiori</strong></span> 
     </span>
     <span class='ocr_line' id='line_1_44' title="bbox 219 4617 2709 4687; baseline 0 -16"><span class='ocrx_word' id='word_1_489' title='bbox 219 4622 454 4687; x_wconf 86' lang='lat' dir='ltr'><strong>quadam</strong></span> <span class='ocrx_word' id='word_1_490' title='bbox 490 4622 698 4671; x_wconf 88' lang='lat' dir='ltr'><strong>ratione</strong></span> <span class='ocrx_word' id='word_1_491' title='bbox 734 4626 950 4671; x_wconf 89' lang='lat' dir='ltr'><strong>secutus</strong></span> <span class='ocrx_word' id='word_1_492' title='bbox 987 4625 1070 4671; x_wconf 89' lang='lat' dir='ltr'><strong>est</strong></span> <span class='ocrx_word' id='word_1_493' title='bbox 1103 4620 1250 4686; x_wconf 79' lang='lat' dir='ltr'><strong>leges</strong></span> <span class='ocrx_word' id='word_1_494' title='bbox 1285 4620 1639 4673; x_wconf 86' lang='lat' dir='ltr'><strong>Parallelismi</strong></span> <span class='ocrx_word' id='word_1_495' title='bbox 1676 4620 1727 4673; x_wconf 89' lang='lat' dir='ltr'><strong>d.</strong></span> <span class='ocrx_word' id='word_1_496' title='bbox 1753 4637 1804 4686; x_wconf 91' lang='lat' dir='ltr'><strong>q.</strong></span> <span class='ocrx_word' id='word_1_497' title='bbox 1830 4621 1865 4671; x_wconf 90' lang='lat' dir='ltr'><strong>i.</strong></span> <span class='ocrx_word' id='word_1_498' title='bbox 1902 4636 2090 4671; x_wconf 88' lang='lat' dir='ltr'><strong>comm.</strong></span> <span class='ocrx_word' id='word_1_499' title='bbox 2128 4619 2195 4672; x_wconf 91' lang='lat' dir='ltr'><strong>de</strong></span> <span class='ocrx_word' id='word_1_500' title='bbox 2232 4617 2285 4671; x_wconf 88' lang='lat' dir='ltr'><strong>S.</strong></span> <span class='ocrx_word' id='word_1_501' title='bbox 2317 4619 2371 4671; x_wconf 78' lang='lat' dir='ltr'><strong>S.</strong></span> <span class='ocrx_word' id='word_1_502' title='bbox 2408 4636 2454 4670; x_wconf 93' lang='lat' dir='ltr'><strong>e.</strong></span> <span class='ocrx_word' id='word_1_503' title='bbox 2490 4620 2709 4686; x_wconf 83' lang='lat' dir='ltr'><strong>interpr.</strong></span> 
     </span>
    </p>
   </div>
  </div>
 </body>
</html>
