3267 5259
524 377 652 443 376
1264 390 1379 433 nist.
1409 390 1515 433 sev.
1545 390 1632 433 (nv.
1663 390 1830 434 rasos.
1860 389 1915 433 ιι.
1940 402 2037 444 021».
2069 389 2270 444 psam.

524 571 678 629 tium
702 568 738 628 ¹.
781 569 865 629 Ut
885 570 1075 645 igitur
1097 570 1250 629 malo
1272 572 1460 630 obices
1479 578 1727 647 poneret
1748 572 2063 647 Apostolus
2086 573 2169 630 ad
2198 572 2465 631 fideles
2494 572 2869 645 Galatiae,
2902 580 3025 631 tam

525 676 640 733 cito
663 675 727 733 in
752 680 1152 734 transversum
1175 680 1349 747 actos,
1384 676 1771 752 epistolam
1800 677 2051 752 scripsit,
2084 696 2203 755 qua
2224 696 2319 735 eos
2342 678 2587 736 reducat
2608 678 2683 735 ad
2710 677 3024 754 pristinam

527 779 824 839 doctrinae
845 799 1020 837 sanae
1043 780 1351 839 rationem.
1383 780 1600 857 Ephesi
1625 782 1871 838 haerens
1900 780 2090 838 multa
2112 800 2439 859 magnaque
2462 782 2757 840 itinerum
2780 781 3027 841 consilia

525 883 721 941 animo
752 884 1042 958 agitabat,
1099 886 1401 960 proposuit
1443 884 1557 942 sibi
1589 904 1695 961 per
1722 885 2123 943 Macedoniam
2154 891 2214 943 et
2244 887 2535 943 Achaiam
2580 886 2673 945 ire
2720 885 3019 963 Jemsoly·

525 1007 666 1059 mas,
709 988 846 1046 inde
887 988 1165 1058 Romam3
1211 994 1388 1067 atque
1437 989 1578 1047 hinc
1609 989 1674 1047 in
1704 989 2059 1066 Hispaniam
2084 985 2129 1047 ².
2176 990 2493 1047 Praemisit
2536 996 2677 1048 ante
2722 1011 2786 1048 se
2830 991 3027 1049 'Pimo-

527 1094 728 1150 theum
759 1098 820 1150 et
845 1092 1124 1150 Erastum
1143 1090 1184 1162 3,
1219 1094 1342 1168 ipse
1371 1111 1512 1151 vero
1543 1095 1830 1151 remansit
1858 1095 1923 1150 in
1956 1093 2098 1151 Asia
2113 1091 2155 1164 4,
2204 1096 2269 1151 in
2300 1114 2418 1172 qua
2448 1114 2554 1170 per
2583 1097 2767 1153 urbes
2798 1095 3026 1171 Epheso

525 1196 1000 1255 circumjacentes
1052 1196 1445 1271 Evangelium
1497 1197 1902 1255 annunciavit.
1974 1198 2243 1255 Assiduis
2300 1196 2473 1255 Pauli
2520 1198 2830 1255 laboribus
2886 1198 3023 1255 fides

525 1301 817 1359 crescebat
845 1300 1434 1379 confirmabaturque.
1481 1301 1759 1359 Vertente
1790 1320 1943 1359 anno
1966 1301 2264 1378 Ephesum
2294 1302 2482 1359 redux
2514 1304 2587 1359 ad
2623 1308 2859 1379 tempus
2888 1304 3020 1361 sub-

525 1404 698 1475 stitit,
750 1405 855 1461 ubi
886 1404 1325 1463 memorabilem
1355 1406 1649 1464 commisit
1677 1424 1934 1482 pugnam
1954 1402 1997 1463 ⁵.
2058 1406 2288 1481 Epheso
2319 1405 2477 1464 circa
2512 1406 2769 1481 paschae
2800 1412 3025 1481 tempus

526 1509 803 1584 priores
859 1508 1035 1566 dabat
1091 1508 1173 1565 ad
1236 1508 1667 1567 Corinthios
1720 1509 2011 1568 literas.
2090 1510 2345 1567 Induxit
2387 1510 2453 1568 in
2497 1510 2779 1569 animum
2820 1511 3023 1569 doctor

526 1612 792 1687 gentium
861 1612 933 1669 ad
1001 1612 1380 1671 Pentecosten
1435 1632 1616 1691 usque
1688 1632 2027 1689 permanere
2094 1614 2345 1690 Ephesi,
2416 1614 2569 1692 quod
2636 1621 2843 1671 tamen
2906 1616 3027 1672 eius

527 1716 836 1774 eonsilium
887 1716 1096 1775 seditio
1163 1718 1236 1775 ab
1288 1717 1573 1793 improbis
1623 1718 1964 1775 hominibus
2016 1718 2275 1775 excitata
2327 1717 2601 1793 impediit
2621 1716 2666 1775 ὓ.
2754 1718 3023 1777 Cessante

527 1820 788 1879 tumultu
825 1820 1042 1879 Paulus
1079 1820 1449 1893 valefaciens,
1497 1841 1639 1900 quos
1676 1822 2081 1893 advocaverat,
2132 1820 2456 1897 discipulis,
2505 1820 2824 1880 Timotheo
2874 1823 3027 1899 apud

525 1980 768 2039 paesent,
805 1933 938 2023 fines
972 1974 1178 2040 imperii
1215 1975 1297 2023 sui
1335 1974 1689 2039 proferentes,
1730 1973 1798 2023 ab
1835 1973 2015 2025 Attalo
2053 1990 2178 2040 rege
2214 1959 2461 2039 Pergami
2498 1920 2747 2040 superati
2784 1976 2843 2023 in
2880 1990 3021 2024 mon-

527 2064 648 2109 tosa
693 2060 904 2125 quidem
951 2060 1046 2111 sed
1091 2060 1252 2110 fertili
1301 2062 1450 2110 iuxta
1493 2060 1677 2125 Halyn
1722 2060 1940 2111 fluvium
1987 2062 2201 2126 regione
2252 2074 2369 2111 sese
2418 2062 2699 2111 continere
2748 2064 3026 2126 coguntur.

527 2146 685 2197 Unde
721 2146 938 2210 factum,
974 2152 1035 2197 ut
1069 2154 1244 2197 terrae
1281 2152 1482 2197 tractus
1517 2148 1659 2197 inter
1694 2146 2011 2213 Sangarium
2035 2146 2523 2213 Thymbridemque
2550 2152 2603 2196 et
2628 2147 2819 2212 Halyn
2842 2148 3027 2197 fluvios

531 2234 612 2297 „G
625 2234 869 2284 alatia“
929 2234 1242 2301 adpelletur.
1304 2236 1376 2285 Et
1431 2236 1680 2301 quoniam
1738 2236 2009 2285 connubia
2041 2237 2325 2302 iungerent
2378 2250 2499 2285 cum
2556 2234 2787 2285 Graecis
2838 2234 3027 2285 incolis

529 2320 1102 2387 „Gallograecoru
1115 2326 1196 2371 m“
1238 2336 1430 2371 nomen
1467 2321 1709 2371 invaluit.
1748 2323 2081 2387 Quamquam
2120 2322 2189 2372 ab
2225 2321 2407 2371 Attalo
2434 2322 2652 2384 devicti,
2690 2327 2876 2371 tamen
2902 2322 3027 2371 belli

527 2407 744 2473 gerendi
782 2408 1074 2474 cupiditate
1111 2409 1338 2474 populos
1375 2406 1627 2458 finitimos
1664 2422 1861 2459 vexare
1896 2423 2007 2458 non
2043 2408 2356 2472 cessabant3
2394 2424 2569 2474 usque
2606 2408 2734 2458 dum
2764 2422 2801 2459 a
2824 2408 3023 2457 Manlio

527 2494 658 2545 Con.
687 2496 803 2545 188.
831 2510 878 2545 a.
907 2494 966 2545 C.
993 2496 1056 2545 N.
1095 2497 1280 2556 attriti,
1317 2496 1679 2546 Romanorum
1702 2502 1954 2561 parerent
1987 2496 2224 2561 imperio.
2274 2495 2479 2546 Rursus
2506 2510 2573 2546 eo
2598 2510 2739 2545 aevo
2766 2495 2839 2545 ad
2866 2494 3023 2545 Gala-

526 2582 654 2632 tiam
709 2581 972 2633 deductae
1025 2588 1151 2631 sunt
1205 2582 1472 2647 coloniae,
1533 2584 1590 2631 in
1626 2582 1709 2633 his
1747 2583 1907 2633 etiam
1941 2582 2271 2632 Judaeorum
2305 2582 2453 2632 haud
2488 2584 2718 2647 exiguus
2755 2597 3025 2632 numerus.

527 2668 610 2717 De
636 2667 843 2719 Galatis
869 2684 1160 2735 eorumque
1186 2670 1404 2735 origine,
1443 2670 1564 2731 situ,
1605 2675 1661 2718 et
1694 2669 1929 2719 moribus
1966 2670 2177 2719 interim
2214 2669 2371 2735 plura
2406 2669 2613 2719 dabant
2634 2675 2857 2734 praeter
2878 2676 3020 2719 vete-

526 2770 611 2805 res
639 2754 986 2821 Geographos
1012 2762 1066 2806 et
1089 2756 1434 2821 interpretes:
1473 2754 1536 2805 G.
1563 2754 1867 2817 Hoffmann,
1904 2753 2030 2805 diss.
2068 2754 2137 2804 de
2172 2754 2389 2805 Galatia
2412 2757 2652 2821 antiqua.
2692 2755 2846 2821 Lips.
2877 2757 3023 2805 1726.

529 2840 592 2891 G.
617 2840 947 2904 Wernsdorf,
985 2842 1050 2891 de
1077 2842 1282 2907 republ.
1311 2840 1623 2891 Galatarum
1649 2842 1683 2891 l.
1710 2858 1753 2892 s.
1788 2842 1913 2891 Nor.
1942 2843 2094 2892 1743.
2128 2841 2371 2903 Schulze,
2412 2842 2479 2891 de
2516 2842 2747 2893 Galatis.
2774 2842 3023 2893 Francos.

532 2930 680 2978 1756.
710 2929 755 2978 7.
793 2928 1036 2991 Hermes,
1062 2944 1240 2979 rerum
1265 2928 1370 2994 gal.
1396 2942 1540 2994 spec.
1567 2928 1715 2979 Vrat.
1744 2929 1895 2979 1822.
1931 2928 2285 2991 Diefenbach,
2312 2928 2520 2979 Celtica
2542 2928 2615 2978 11.
2642 2928 2845 2995 Stut-tg.
2875 2931 3024 2979 1839.

741 3014 776 3081 ²)
815 3014 933 3065 Gal.
973 3017 1020 3078 6,
1061 3017 1140 3065 12.
1199 3015 1333 3065 Cum
1369 3020 1548 3065 autem
1585 3016 1786 3069 scirent
1820 3015 2257 3081 pseudoapostoli
2293 3016 2521 3065 Paulum
2558 3017 2815 3067 omnibus
2848 3018 3023 3066 nervis

527 3103 827 3153 libertatem
861 3102 1146 3168 Evangelii
1182 3102 1530 3163 contendere,
1585 3098 1713 3153 to'tis
1752 3115 1881 3152 sane
1918 3102 2121 3153 viribus
2156 3103 2329 3167 ipsius
2366 3104 2679 3153 auctoritati
2722 3102 3021 3153 detractum

528 3190 695 3239 ibant.
755 3188 798 3249 2)
845 3190 963 3239 Act.
1000 3191 1082 3251 19,
1117 3191 1200 3239 21.
1245 3188 1316 3239 11.
1353 3188 1472 3239 Cor.
1512 3193 1558 3251 1,
1599 3191 1679 3239 15.
1723 3190 1805 3239 16.
1850 3188 1999 3238 Rom.
2038 3190 2121 3249 15,
2168 3190 2390 3239 24-28.
2453 3189 2495 3247 ³)
2546 3190 2623 3239 Ut
2670 3198 3023 3255 procurarent

535 3277 794 3327 collectas
832 3281 1079 3326 coetuum
1115 3274 1468 3326 Macedoniae
1504 3281 1559 3327 et
1593 3275 1846 3326 Achaiae.
1885 3274 1927 3339 ⁴)
1952 3274 2210 3340 Lydiaca.
2272 3276 2314 3340 ⁵)
2352 3275 2518 3325 Cuius
2543 3278 2789 3327 meminit
2824 3277 2868 3327 1.
2902 3276 3021 3326 Cor.

533 3366 614 3425 16,
641 3365 724 3413 32.
787 3362 829 3429 ⁶)
867 3362 1000 3414 Coll.
1026 3363 1068 3414 1.
1096 3363 1214 3413 Cor.
1245 3364 1325 3426 16,
1352 3364 1399 3413 8.
1448 3364 1695 3413 Daemon
1720 3368 1827 3413 tam
1863 3376 2175 3429 prosperam
2210 3364 2605 3429 superstitionis
2642 3368 2699 3413 et
2733 3364 3021 3430 impietatis

531 3449 924 3501 demolitionem
950 3450 1092 3501 haud
1128 3464 1336 3515 passus,
1373 3452 1705 3501 Demetrium
1741 3450 2101 3515 argentarium
2125 3451 2213 3499 cui
2244 3450 2506 3500 idolorum
2538 3450 2824 3501 caelatura
2860 3466 3017 3517 quae-

531 3542 714 3587 stuosa
738 3543 868 3599 erat,
894 3538 948 3586 in
974 3536 1201 3587 Paulum
1227 3538 1524 3587 commovit.
1551 3538 1614 3587 V.
1636 3554 1687 3603 p.
1708 3538 1827 3587 380.
1867 3535 2202 3587 clamoribus
2225 3537 2486 3586 Demetrii
2510 3536 2779 3587 artificum
2806 3537 3023 3603 oppleta

531 3624 760 3686 civitate,
799 3625 944 3674 cives
970 3624 1082 3674 fere
1105 3625 1158 3674 in
1185 3624 1418 3674 furorem
1441 3625 1552 3674 acti
1584 3626 1854 3673 irruerunt
1875 3625 1932 3673 in
1955 3623 2239 3685 theatrum,
2278 3640 2342 3674 eo
2380 3624 2710 3689 abripientes
2740 3623 2935 3675 Caium
2970 3630 3021 3673 et

528 3710 915 3775 Aristarchum,
961 3713 1137 3762 socios
1173 3712 1616 3777 peregrinationis
1655 3711 1835 3773 Pauli,
1880 3714 1941 3760 ut
1980 3708 2247 3776 sacrilegii
2292 3725 2412 3760 reos
2447 3711 2517 3760 ob
2559 3710 2771 3761 laesum
2809 3712 3017 3761 Dianae

530 3798 795 3863 Ephesiae
819 3814 1017 3847 numen
1043 3797 1358 3848 damnarent
1380 3797 1451 3847 ad
1475 3798 1694 3847 bestias.
1742 3797 1877 3847 Cum
1902 3802 2079 3847 autem
2105 3795 2307 3846 Paulus
2334 3798 2476 3846 exire
2502 3796 2681 3858 vellet,
2710 3804 2773 3848 ut
2798 3813 3019 3863 exaspe-

532 3891 676 3934 ratos
701 3883 891 3933 turbae
917 3884 1286 3935 tumultuantis
1312 3885 1517 3935 animos
1537 3872 1817 3949 mitigaret,
1842 3882 2165 3949 eosdemque
2188 3888 2335 3933 motu
2356 3885 2650 3949 composito
2670 3884 2740 3933 de
2760 3884 3017 3951 religione

531 3971 824 4022 christiana
859 3970 1132 4032 edoceret,
1171 3987 1279 4023 non
1315 3970 1486 4022 solum
1513 3973 1606 4037 qui
1631 3970 1856 4021 aderant
1892 3970 2137 4037 discipuli
2176 3970 2532 4031 disuaserunt,
2570 3970 2667 4020 sed
2704 3972 2871 4022 etiam
2908 3972 3017 4021 Asi·

533 4058 727 4109 archae
765 4057 984 4123 quidam
1018 4058 1263 4124 Apostoli
1297 4059 1551 4119 fautores,
1587 4058 1849 4108 miserunt
1884 4055 1953 4107 ad
1990 4072 2111 4113 eum
2148 4062 2571 4122 monueruntque
2598 4057 2745 4108 domi
2770 4074 2829 4107 se
2856 4059 3019 4108 conti·

531 4150 698 4207 neret,
735 4160 912 4210 neque
948 4142 1016 4193 ad
1053 4144 1310 4209 populum
1345 4144 1526 4194 furore
1562 4144 1821 4210 agitatum
1859 4143 2038 4193 exiret.
2100 4142 2457 4193 Vehementer
2496 4143 2639 4193 enim
2674 4144 3017 4195 metuendum

533 4247 650 4283 esse
687 4232 933 4293 aiebant,
989 4246 1058 4281 ne
1110 4232 1156 4280 si
1209 4231 1362 4297 plebs
1419 4246 1538 4281 eum
1591 4230 1965 4296 prehendisset
2016 4230 2087 4280 ad
2139 4230 2340 4281 bestias
2376 4230 2739 4280 damnaretur.
2800 4230 2869 4280 In
2921 4230 3019 4280 hoc

530 4318 762 4369 tumultu
809 4319 1142 4384 apparitores
1190 4318 1554 4384 produxerunt
1589 4317 1873 4383 quemdam
1920 4316 2281 4367 Alexandrum
2326 4316 2625 4378 Judaeum,
2674 4324 2739 4367 ut
2784 4316 3013 4367 furorem

532 4404 703 4470 plebis
741 4405 966 4455 sedaret.
1003 4405 1202 4455 Verum
1237 4405 1478 4455 seditiosi
1513 4419 1622 4455 non
1658 4408 1949 4470 potuerunt
1982 4403 2180 4466 induci,
2217 4408 2281 4454 ut
2312 4418 2433 4453 cum
2456 4402 2629 4453 verba
2652 4403 2837 4453 faeere
2860 4402 3021 4454 vellet

533 4490 793 4541 audirent.
829 4492 1008 4542 Tanta
1041 4508 1168 4543 vero
1205 4492 1307 4542 fuit
1341 4492 1516 4557 plebis
1550 4490 1928 4541 tumultuantis
1964 4490 2145 4541 rabies
2158 4528 2172 4553 ‚
2208 4496 2271 4540 ut
2302 4489 2649 4556 magistratus
2688 4492 2933 4541 oratione
2966 4494 3019 4539 et

534 4576 850 4625 auctoritate
887 4575 1097 4627 demum
1133 4578 1464 4643 aliquantum
1499 4579 1891 4643 reprimeretur.
