3267 5259
1020 411 1069 451 D.
1098 410 1281 452 Jonnnis
1305 410 1357 451 Δ.
1390 412 1583 451 extrema
1608 410 1704 451 fata
1731 410 1778 451 ct
1803 410 1981 461 scripta.
2608 395 2736 461 503

246 588 353 651 vis
400 596 499 651 est
543 585 625 651 de
671 584 915 651 mundo
965 586 1201 649 victrix
1224 588 1261 649 ¹.
1324 584 1517 649 Hanc
1568 584 1768 649 fidem
1815 584 1896 649 de
1945 585 2280 651 divinitate
2310 585 2395 650 D.
2427 585 2508 651 N.
2543 585 2604 650 J.
2641 586 2736 669 C„

250 722 425 785 quae
463 710 537 764 ut
566 698 739 764 salus
786 698 1155 764 obtineatur
1201 708 1300 763 est
1343 700 1736 780 necessaria,
1783 697 2022 783 probat
2065 697 2302 783 triplici
2345 700 2734 763 testimonio,

248 812 297 877 J
300 836 449 877 esus
482 814 589 899 qui
620 814 801 877 venit
828 822 901 877 ut
932 821 1104 876 esset
1128 810 1447 893 Salvator,
1480 812 1661 876 venit
1691 834 1823 875 non
1853 810 2176 896 baptismo
2210 820 2496 893 tantum;
2525 810 2642 875 sed
2674 812 2736 875 vi

258 925 715 1010 regenerandi,
756 918 827 989 ei‘
845 948 965 1011 per
995 926 1325 1009 sanguinis
1358 926 1453 989 sui
1487 926 1790 989 meritum
1825 924 2152 989 attributa.
2217 922 2470 1003 Quibus
2501 924 2739 989 adiecit

252 1038 569 1124 Spiritum
617 1036 703 1119 S„
753 1039 861 1123 qui
908 1037 1320 1121 testificatur3
1370 1039 1678 1123 quoniam
1719 1037 2126 1101 Deus-homo
2185 1036 2494 1120 Christus,
2545 1039 2736 1101 etiam

250 1150 615 1215 secundum
668 1150 1018 1215 humanam
1066 1160 1382 1233 naturam,
1431 1152 1776 1215 veritatem
1819 1150 2138 1235 loquitur,
2188 1174 2338 1214 011111
2385 1172 2454 1213 se
2501 1149 2736 1213 Filium

249 1264 383 1328 Dei
430 1264 587 1329 dicit
631 1263 715 1328 ob
762 1266 1125 1328 unionem
1172 1262 1676 1349 personalem
1724 1286 1872 1327 cum
1905 1262 2179 1327 Verb0.·
2210 1263 2378 1327 Nam
2417 1272 2548 1327 tres
2587 1272 2736 1327 sunt

254 1376 522 1462 quidem
570 1378 678 1461 qui
728 1378 1081 1441 existentes
1122 1379 1189 1441 in
1223 1377 1407 1441 coelo
1455 1378 1896 1441 testimonium
1943 1376 2129 1439 dant:
2176 1376 2393 1457 Pater,
2442 1376 2734 1440 Verbum

254 1501 323 1554 et
362 1489 640 1575 Spiritus
674 1489 775 1573 S.;
826 1500 890 1553 et
934 1489 998 1553 hi
1045 1499 1177 1553 tres
1222 1490 1664 1571 testificantes,
1710 1512 1910 1553 unam
1955 1488 2201 1553 habent
2247 1490 2526 1571 ἐνέργειαν
2570 1488 2736 1553 illius

252 1604 637 1684 testimonii,
684 1603 751 1665 in
797 1605 1025 1667 animis
1070 1604 1305 1667 nostris
1352 1602 1826 1688 productivam.
1897 1602 2067 1665 Nam
2112 1603 2308 1665 unica
2355 1612 2421 1665 et
2463 1602 2739 1667 indivisa

250 1717 341 1781 ad
389 1725 577 1781 extra-
623 1714 688 1781 S.
738 1715 803 1780 S.
852 1715 1183 1779 Trinitatis
1230 1718 1523 1801 operatio
1573 1725 1690 1779 est.
1755 1714 1888 1779 Sed
1937 1724 2002 1778 et
2046 1714 2154 1778 alii
2198 1724 2328 1779 tres
2373 1725 2525 1779 sunt
2569 1716 2735 1779 simi-

251 1830 429 1912 liter,
481 1832 588 1914 qui
636 1830 991 1893 existentes
1038 1830 1103 1892 in
1148 1840 1325 1893 terra
1367 1828 1526 1893 illud
1570 1830 1786 1913 ipsum
1832 1830 2270 1891 testimonium
2317 1827 2600 1892 reddunt
2657 1828 2738 1893 de

254 1943 493 2008 eodem
507 1942 591 2007 D.
612 1941 690 2006 N.
708 1941 769 2007 J.
790 1941 1066 2025 Christo,
1088 1940 1365 2028 Spiritus
1384 1942 1449 2006 S.
1474 1952 1547 2006 ut
1564 1964 1763 2007 causa
1787 1941 2166 2005 formalis:
2199 1940 2396 2026 Aqua
2411 1940 2735 2026 baptismi,

250 2068 327 2121 ut
374 2078 573 2120 causa
616 2046 1263 2137 instrumentalis3
1312 2065 1507 2141 atque
1540 2053 1822 2139 Sanguis
1869 2054 2124 2137 Christi,
2171 2064 2244 2118 ut
2275 2076 2474 2118 causa
2517 2055 2736 2119 meri-

251 2170 457 2233 toria
502 2178 761 2233 nostrae
806 2168 1296 2233 iustificationis
1364 2167 1550 2247 Quae
1584 2169 1707 2231 tria
1736 2170 1802 2230 in
1833 2178 2008 2231 terra
2039 2177 2207 2231 sunt.
2269 2166 2558 2229 Tametsi
2589 2175 2740 2230 sunt

251 2284 377 2345 tria
406 2281 945 2363 materialiter,
979 2291 1201 2345 tamen
1230 2305 1432 2345 unum
1463 2291 1611 2345 sunt
1651 2280 2120 2363 formaliter3
2171 2281 2323 2365 quia
2352 2281 2450 2343 vis
2483 2281 2736 2361 ἐνέργεια

251 2393 341 2459 ad
387 2396 823 2459 testimonium
872 2394 1160 2458 dandum
1209 2396 1577 2476 coniuncta,
1626 2395 1820 2458 unica
1864 2395 2058 2457 trium
2105 2404 2202 2457 est
2237 2405 2302 2457 et
2333 2392 2675 2477 singularis
2694 2396 2736 2455 3.

252 2680 369 2728 nati
406 2682 532 2728 sunt
565 2692 661 2743 per
699 2677 1069 2743 adoptionem,
1118 2676 1317 2727 idcirco
1364 2682 1612 2727 tenentur
1655 2678 1870 2727 Patrem
1917 2691 2071 2727 suum
2118 2690 2298 2726 amare
2334 2676 2532 2739 Deum;
2580 2682 2740 2742 atque

253 2771 647 2829 consequenter
683 2764 819 2826 illos,
872 2780 1005 2829 quos
1042 2763 1273 2813 viderint
1319 2764 1505 2813 eodem
1550 2764 1710 2813 Patre
1759 2770 1941 2826 natos3
1999 2763 2132 2814 tales
2179 2769 2302 2814 sunt
2349 2765 2442 2829 qui
2477 2769 2740 2813 vocantur

250 2853 461 2914 fratres,
500 2852 661 2917 igitur
697 2851 911 2901 amandi
947 2851 1153 2901 fratres.
1200 2852 1385 2915 Neque
1423 2850 1525 2899 hoc
1562 2850 1776 2901 difficile
1811 2850 1936 2901 filiis
1973 2851 2094 2900 Dei.

468 2940 504 3002 ¹)
528 2939 775 2988 Convicit
791 2939 902 2989 suis
922 2938 1291 2988 credibilitatis
1310 2939 1515 2987 munita
1532 2938 1811 3003 praesidiis
1833 2937 1980 2999 fides,
2001 2954 2184 2987 verum
2207 2954 2324 2989 esse
2345 2937 2488 3003 quod
2509 2938 2737 2989 mundus

252 3026 457 3076 iudicat
491 3025 837 3091 impossibile,
874 3031 983 3074 tam
1018 3026 1074 3075 in
1110 3026 1430 3091 praeceptis,
1470 3040 1631 3090 quam
1655 3025 1712 3073 in
1737 3025 2016 3088 mysteriis.
2044 3026 2092 3086 5,
2123 3014 2272 3075 1—5.
2322 3022 2362 3090 2)
2397 3026 2580 3089 Digna
2615 3030 2740 3075 sunt

255 3127 397 3178 quae
442 3112 529 3162 hic
574 3111 949 3161 adscribantur
994 3112 1161 3162 verba
1196 3126 1238 3161 s.
1276 3112 1568 3173 Ambrosii,
1608 3111 1674 3161 de
1722 3111 1922 3177 Spiritu
1961 3111 2014 3160 S.
2052 3112 2084 3161 1.
2123 3112 2230 3174 ΠΙ,
2273 3114 2352 3161 10.
2391 3128 2442 3161 11.
2482 3114 2563 3163 68.
2601 3114 2658 3161 in
2695 3112 2737 3161 Ι.

253 3200 452 3249 Joann.
490 3202 541 3261 5,
580 3201 626 3247 6.
668 3201 713 3248 7.
752 3200 1183 3249 commentantis:
1225 3199 1395 3259 „Audi
1434 3199 1701 3264 quomodo
1740 3204 1928 3249 testes:
1968 3198 2196 3263 Spiritus
2233 3203 2464 3249 mentem
2500 3205 2737 3262 renovat,

255 3302 399 3351 aqua
435 3286 647 3352 proficit
682 3286 751 3335 ad
788 3286 1075 3347 lavacrum,
1124 3288 1343 3351 sanguis
1380 3292 1593 3352 spectat
1628 3286 1699 3336 ad
1735 3287 1978 3351 pretium.
2036 3286 2263 3351 Spiritus
2310 3286 2450 3335 enim
2498 3303 2596 3337 nos
2644 3303 2740 3351 per

254 3374 599 3439 adoptionem
636 3373 773 3423 filios
808 3374 913 3422 Dei
949 3373 1093 3435 fecit,
1141 3375 1281 3423 sacri
1326 3374 1489 3422 fontis
1535 3374 1682 3423 unda
1729 3388 1828 3422 nos
1877 3372 2062 3435 abluit,
2109 3373 2328 3437 sanguis
2374 3374 2591 3423 Domini
2640 3391 2737 3425 nos

256 3460 493 3510 redemit.
538 3460 775 3510 Alterum
809 3462 972 3526 igitur
1006 3460 1291 3522 invisibile,
1330 3460 1556 3509 alterum
1594 3459 1804 3509 visibile
1841 3462 2202 3510 testimonium
2240 3468 2575 3510 sacramento
2612 3479 2736 3510 con-

259 3550 532 3612 sequimur
576 3546 815 3613 spiritali,
864 3548 957 3612 qui
1002 3549 1217 3612 spiritus
1264 3549 1617 3597 testimonium
1665 3547 1840 3597 reddit
1891 3548 2100 3613 spiritui
2145 3552 2338 3597 nostro.
2377 3548 2528 3598 Rom.
2568 3552 2615 3609 8,
2658 3552 2737 3598 16.

258 3636 375 3684 Etsi
414 3636 469 3683 in
506 3640 731 3699 utroque
770 3634 1045 3699 plenitudo
1084 3636 1155 3685 sit
1189 3636 1523 3695 sacramenti,
1564 3634 1836 3684 distinctio
1873 3640 2051 3683 tamen
2089 3636 2322 3684 muneris
2347 3641 2453 3699 est3
2495 3652 2619 3699 ergo
2649 3636 2739 3685 ubi

258 3722 527 3773 distinctio
552 3727 649 3773 ‘est
682 3722 930 3784 muneris,
977 3738 1085 3771 non
1131 3728 1213 3773 est
1247 3724 1433 3786 utique
1479 3721 1868 3771 testificationis
1905 3722 2256 3786 aequalitas-⁵.
2293 3723 2362 3784 11,
2401 3724 2518 3772 678.
2568 3723 2740 3772 Multa

256 3824 427 3874 eaque
483 3808 913 3873 praeclarissima
965 3809 1067 3859 hac
1116 3808 1181 3859 de
1230 3825 1286 3859 re
1336 3810 1677 3858 inveniuntur
1725 3810 1782 3857 in
1825 3809 2184 3870 Bessarionis‚
2224 3814 2356 3857 orat.
2396 3810 2568 3874 dogm.
2606 3828 2652 3859 c.
2689 3812 2736 3862 8.

257 3896 405 3961 apud
445 3896 781 3945 Harduinum
818 3896 909 3957 lx,
949 3899 1066 3959 361„
1105 3913 1177 3960 s.;
1223 3912 1361 3961 quae
1406 3911 1533 3945 vero
1582 3895 1779 3945 addere
1827 3902 2044 3961 propter
2089 3898 2386 3961 angustiam
2434 3898 2738 3962 scriptionis

256 3982 401 4032 haud
456 3997 723 4048 quaquam
774 3987 854 4031 est
907 3984 1187 4048 integrum.
1243 3983 1373 4048 Legi
1414 3982 1478 4032 de
1526 3982 1607 4032 his
1653 3999 1762 4032 non
1815 3997 1992 4049 pauca
2045 3990 2270 4047 possunt
2315 3985 2472 4033 etiarn
2519 3985 2572 4032 in
2611 3984 2737 4033 dissi.

256 4070 430 4135 dogm.
468 4070 529 4119 A.
569 4069 776 4131 Scholz,
815 4069 881 4119 de
916 4070 1307 4120 inhabitatione
1346 4070 1575 4135 Spiritus
1614 4070 1814 4120 Sancti.
1850 4070 2083 4119 Wirceb.
2127 4072 2275 4120 1856.
2315 4088 2365 4135 p.
2393 4072 2476 4120 32.
2501 4085 2542 4119 s.
2601 4071 2642 4134 ³)
2681 4071 2736 4119 Si

256 4157 615 4207 testimonium
651 4158 812 4221 igitur
848 4156 1117 4207 hominum
1155 4158 1445 4223 accipimus
1484 4158 1559 4205 ait
1594 4157 1906 4222 Apostolus,
1957 4159 2012 4207 in
2051 4156 2208 4207 rebus
2245 4158 2425 4221 magni
2461 4159 2736 4220 momenti;

255 4260 351 4293 cur
386 4245 743 4294 testimonium
784 4244 889 4293 Dei
925 4244 1101 4293 Patris
1138 4244 1205 4293 de
1241 4244 1379 4293 Filio
1418 4260 1515 4294 suo
1552 4260 1662 4295 non
1700 4245 2056 4309 recipiamus?
2103 4244 2246 4309 quod
2292 4246 2462 4293 maius
2511 4250 2592 4293 est
2627 4250 2736 4293 tum

255 4333 515 4381 ratione
554 4345 880 4396 personae
918 4332 1257 4393 testantis,
1296 4337 1404 4381 tum
1442 4333 1646 4381 ratione
1687 4332 1948 4381 obiecti.
1987 4332 2086 4391 Qui
2127 4332 2294 4379 credit
2319 4332 2372 4379 in
2397 4330 2590 4379 Filium
2615 4332 2734 4393 Dei,

252 4418 423 4469 credit
458 4418 761 4468 testimonio
800 4418 915 4479 Dei,
956 4434 1111 4483 quem
1148 4420 1205 4467 in
1240 4433 1299 4467 se
1335 4417 1642 4483 loquentem
1682 4418 1846 4467 audit.
1885 4419 1989 4479 Qui
2028 4434 2134 4467 non
2173 4418 2342 4467 credit
2367 4418 2521 4479 Filio,
2561 4419 2736 4469 Deum

254 4507 427 4571 ipsum
464 4505 593 4555 dicit
630 4504 957 4555 mendacem.
993 4505 1075 4553 De
1100 4504 1239 4555 Filio
1278 4511 1455 4555 autem
1494 4520 1591 4555 suo
1628 4504 1732 4554 hoc
1769 4504 2080 4555 testificatus
2120 4510 2202 4554 est
2226 4506 2400 4565 Pater,
2441 4506 2582 4569 quod
2620 4507 2737 4555 eius

254 4593 454 4643 meritis
506 4592 761 4643 obveniat
813 4591 969 4641 nobis
1016 4592 1129 4641 vita
1183 4597 1418 4641 aeterna.
1474 4592 1610 4641 Nam
1655 4591 1826 4641 Filius
1871 4606 2021 4641 suam
2069 4590 2246 4641 dando
2285 4592 2462 4653 vitam,
2503 4592 2647 4641 dedit
2685 4598 2739 4642 et
