<?xml version="1.0" encoding="UTF-8"?>
<!DOCTYPE html PUBLIC "-//W3C//DTD XHTML 1.0 Transitional//EN"
    "http://www.w3.org/TR/xhtml1/DTD/xhtml1-transitional.dtd">
<html xmlns="http://www.w3.org/1999/xhtml" xml:lang="en" lang="en">
 <head>
  <title>
</title>
<meta http-equiv="Content-Type" content="text/html;charset=utf-8" />
  <meta name='ocr-system' content='tesseract 3.04.00' />
  <meta name='ocr-capabilities' content='ocr_page ocr_carea ocr_par ocr_line ocrx_word'/>
</head>
<body>
  <div class='ocr_page' id='page_1' title='image "./historiarevelat00unkngoog_0568.png"; bbox 0 0 3267 5259; ppageno 0'>
   <div class='ocr_carea' id='block_1_1' title="bbox 525 292 2252 357">
    <p class='ocr_par' dir='ltr' id='par_1_1' title="bbox 525 292 2252 357">
     <span class='ocr_line' id='line_1_1' title="bbox 525 292 2252 357; baseline -0.001 -12"><span class='ocrx_word' id='word_1_1' title='bbox 525 292 657 357; x_wconf 82' lang='grc'><strong>440</strong></span> <span class='ocrx_word' id='word_1_2' title='bbox 1250 304 1365 344; x_wconf 73' lang='lat' dir='ltr'><strong>nist.</strong></span> <span class='ocrx_word' id='word_1_3' title='bbox 1396 304 1502 344; x_wconf 79' lang='lat' dir='ltr'><strong>Rev.</strong></span> <span class='ocrx_word' id='word_1_4' title='bbox 1531 304 1621 344; x_wconf 81' lang='lat' dir='ltr'><strong>div.</strong></span> <span class='ocrx_word' id='word_1_5' title='bbox 1653 302 1819 344; x_wconf 80' lang='lat' dir='ltr'><strong>Period.</strong></span> <span class='ocrx_word' id='word_1_6' title='bbox 1855 302 1909 343; x_wconf 85' lang='lat'><strong>11.</strong></span> <span class='ocrx_word' id='word_1_7' title='bbox 1929 314 2026 353; x_wconf 80' lang='lat' dir='ltr'><strong>cap.</strong></span> <span class='ocrx_word' id='word_1_8' title='bbox 2057 301 2252 353; x_wconf 76' lang='lat' dir='ltr'><strong>primum.</strong></span> 
     </span>
    </p>
   </div>
   <div class='ocr_carea' id='block_1_2' title="bbox 527 478 3012 896">
    <p class='ocr_par' dir='ltr' id='par_1_2' title="bbox 527 478 3012 896">
     <span class='ocr_line' id='line_1_2' title="bbox 736 478 3004 545; baseline 0 -14"><span class='ocrx_word' id='word_1_9' title='bbox 736 480 873 531; x_wconf 87' lang='lat' dir='ltr'><strong>Sunt</strong></span> <span class='ocrx_word' id='word_1_10' title='bbox 909 485 965 530; x_wconf 89' lang='lat' dir='ltr'><strong>et</strong></span> <span class='ocrx_word' id='word_1_11' title='bbox 996 482 1097 531; x_wconf 81' lang='lat' dir='ltr'><strong>viri</strong></span> <span class='ocrx_word' id='word_1_12' title='bbox 1135 481 1299 542; x_wconf 88' lang='lat' dir='ltr'><strong>docti,</strong></span> <span class='ocrx_word' id='word_1_13' title='bbox 1338 482 1431 545; x_wconf 89' lang='lat' dir='ltr'><strong>qui</strong></span> <span class='ocrx_word' id='word_1_14' title='bbox 1468 480 1609 529; x_wconf 88' lang='lat' dir='ltr'><strong>hanc</strong></span> <span class='ocrx_word' id='word_1_15' title='bbox 1648 478 1931 543; x_wconf 87' lang='lat' dir='ltr'><strong>epistolam</strong></span> <span class='ocrx_word' id='word_1_16' title='bbox 1955 478 2282 530; x_wconf 74' lang='lat' dir='ltr'><strong>Laodicenis</strong></span> <span class='ocrx_word' id='word_1_17' title='bbox 2317 481 2654 545; x_wconf 87' lang='lat' dir='ltr'><strong>potissimum</strong></span> <span class='ocrx_word' id='word_1_18' title='bbox 2679 481 3004 543; x_wconf 83' lang='lat' dir='ltr'><strong>destinatam,</strong></span> 
     </span>
     <span class='ocr_line' id='line_1_3' title="bbox 528 568 3008 634; baseline -0.001 -15"><span class='ocrx_word' id='word_1_19' title='bbox 528 572 659 634; x_wconf 89' lang='lat' dir='ltr'><strong>quin</strong></span> <span class='ocrx_word' id='word_1_20' title='bbox 686 571 853 633; x_wconf 88' lang='lat' dir='ltr'><strong>etqui</strong></span> <span class='ocrx_word' id='word_1_21' title='bbox 882 568 1279 618; x_wconf 76' lang='lat' dir='ltr'><strong>Laodicenis</strong></span> <span class='ocrx_word' id='word_1_22' title='bbox 1324 568 1680 631; x_wconf 76' lang='lat' dir='ltr'><strong>speciatim</strong></span> <span class='ocrx_word' id='word_1_23' title='bbox 1714 568 2108 631; x_wconf 74' lang='lat' dir='ltr'><strong>inscriptam</strong></span> <span class='ocrx_word' id='word_1_24' title='bbox 2147 582 2267 617; x_wconf 84' lang='lat' dir='ltr'><strong>esse</strong></span> <span class='ocrx_word' id='word_1_25' title='bbox 2303 569 2614 632; x_wconf 72' lang='lat' dir='ltr'><strong>opinantur:</strong></span> <span class='ocrx_word' id='word_1_26' title='bbox 2656 568 2921 631; x_wconf 79' lang='lat' dir='ltr'><strong>Usserius,</strong></span> <span class='ocrx_word' id='word_1_27' title='bbox 2947 570 3008 617; x_wconf 84' lang='lat' dir='ltr'><strong>de</strong></span> 
     </span>
     <span class='ocr_line' id='line_1_4' title="bbox 530 653 3007 722; baseline 0 -17"><span class='ocrx_word' id='word_1_28' title='bbox 530 659 684 722; x_wconf 88' lang='lat' dir='ltr'><strong>epist.</strong></span> <span class='ocrx_word' id='word_1_29' title='bbox 722 656 789 705; x_wconf 81' lang='lat' dir='ltr'><strong>nd</strong></span> <span class='ocrx_word' id='word_1_30' title='bbox 834 655 1058 706; x_wconf 87' lang='lat' dir='ltr'><strong>Laodic.</strong></span> <span class='ocrx_word' id='word_1_31' title='bbox 1097 656 1245 717; x_wconf 63' lang='lat' dir='ltr'><strong>diss„</strong></span> <span class='ocrx_word' id='word_1_32' title='bbox 1284 656 1337 703; x_wconf 87' lang='lat' dir='ltr'><strong>in</strong></span> <span class='ocrx_word' id='word_1_33' title='bbox 1376 654 1517 703; x_wconf 85' lang='lat' dir='ltr'><strong>Hist.</strong></span> <span class='ocrx_word' id='word_1_34' title='bbox 1556 653 1731 719; x_wconf 80' lang='lat' dir='ltr'><strong>dogm.</strong></span> <span class='ocrx_word' id='word_1_35' title='bbox 1771 653 1836 703; x_wconf 91' lang='lat' dir='ltr'><strong>de</strong></span> <span class='ocrx_word' id='word_1_36' title='bbox 1875 653 2064 718; x_wconf 88' lang='lat' dir='ltr'><strong>Script.</strong></span> <span class='ocrx_word' id='word_1_37' title='bbox 2105 669 2150 703; x_wconf 89' lang='lat' dir='ltr'><strong>c.</strong></span> <span class='ocrx_word' id='word_1_38' title='bbox 2191 670 2232 705; x_wconf 88' lang='lat' dir='ltr'><strong>s.</strong></span> <span class='ocrx_word' id='word_1_39' title='bbox 2261 670 2310 704; x_wconf 80' lang='lat' dir='ltr'><strong>v.</strong></span> <span class='ocrx_word' id='word_1_40' title='bbox 2348 654 2520 704; x_wconf 89' lang='lat' dir='ltr'><strong>Lond.</strong></span> <span class='ocrx_word' id='word_1_41' title='bbox 2551 657 2707 705; x_wconf 88' lang='grc'><strong>1690.</strong></span> <span class='ocrx_word' id='word_1_42' title='bbox 2743 671 2792 719; x_wconf 87' lang='lat' dir='ltr'><strong>p.</strong></span> <span class='ocrx_word' id='word_1_43' title='bbox 2829 659 2946 707; x_wconf 83' lang='lat'><strong>300.</strong></span> <span class='ocrx_word' id='word_1_44' title='bbox 2969 672 3007 705; x_wconf 90' lang='lat' dir='ltr'><strong>s.</strong></span> 
     </span>
     <span class='ocr_line' id='line_1_5' title="bbox 527 740 3012 809; baseline -0.001 -15"><span class='ocrx_word' id='word_1_45' title='bbox 527 744 582 794; x_wconf 90' lang='lat' dir='ltr'><strong>J.</strong></span> <span class='ocrx_word' id='word_1_46' title='bbox 618 743 839 805; x_wconf 76' lang='lat' dir='ltr'><strong>Minius,</strong></span> <span class='ocrx_word' id='word_1_47' title='bbox 878 742 1083 809; x_wconf 80' lang='lat' dir='ltr'><strong>proleg.</strong></span> <span class='ocrx_word' id='word_1_48' title='bbox 1120 744 1185 794; x_wconf 81' lang='lat' dir='ltr'><strong>N.</strong></span> <span class='ocrx_word' id='word_1_49' title='bbox 1218 742 1280 792; x_wconf 88' lang='grc' dir='ltr'><strong>Τ.</strong></span> <span class='ocrx_word' id='word_1_50' title='bbox 1318 740 1402 793; x_wconf 89' lang='lat' dir='ltr'><strong>ed.</strong></span> <span class='ocrx_word' id='word_1_51' title='bbox 1432 742 1646 791; x_wconf 80' lang='lat' dir='ltr'><strong>Kiister.</strong></span> <span class='ocrx_word' id='word_1_52' title='bbox 1677 756 1730 805; x_wconf 89' lang='lat' dir='ltr'><strong>p.</strong></span> <span class='ocrx_word' id='word_1_53' title='bbox 1763 743 1810 791; x_wconf 91' lang='lat'><strong>8.</strong></span> <span class='ocrx_word' id='word_1_54' title='bbox 1838 757 1882 791; x_wconf 87' lang='lat' dir='ltr'><strong>s.</strong></span> <span class='ocrx_word' id='word_1_55' title='bbox 1919 757 1971 806; x_wconf 90' lang='lat' dir='ltr'><strong>p.</strong></span> <span class='ocrx_word' id='word_1_56' title='bbox 1996 743 2075 794; x_wconf 88' lang='grc'><strong>77.</strong></span> <span class='ocrx_word' id='word_1_57' title='bbox 2103 758 2145 791; x_wconf 88' lang='lat' dir='ltr'><strong>s.</strong></span> <span class='ocrx_word' id='word_1_58' title='bbox 2171 742 2434 807; x_wconf 77' lang='lat' dir='ltr'><strong>Vitringa,</strong></span> <span class='ocrx_word' id='word_1_59' title='bbox 2461 742 2588 791; x_wconf 87' lang='lat' dir='ltr'><strong>diss.</strong></span> <span class='ocrx_word' id='word_1_60' title='bbox 2613 760 2656 793; x_wconf 89' lang='lat' dir='ltr'><strong>s.</strong></span> <span class='ocrx_word' id='word_1_61' title='bbox 2677 743 2760 793; x_wconf 85' lang='lat' dir='ltr'><strong>ed.</strong></span> <span class='ocrx_word' id='word_1_62' title='bbox 2783 744 3012 793; x_wconf 85' lang='lat' dir='ltr'><strong>Venema</strong></span> 
     </span>
     <span class='ocr_line' id='line_1_6' title="bbox 528 827 3012 896; baseline -0 -16"><span class='ocrx_word' id='word_1_63' title='bbox 528 831 757 896; x_wconf 84' lang='lat' dir='ltr'><strong>Franeq.</strong></span> <span class='ocrx_word' id='word_1_64' title='bbox 798 833 951 882; x_wconf 81' lang='grc'><strong>1731.</strong></span> <span class='ocrx_word' id='word_1_65' title='bbox 988 846 1040 895; x_wconf 88' lang='lat' dir='ltr'><strong>p.</strong></span> <span class='ocrx_word' id='word_1_66' title='bbox 1084 832 1202 880; x_wconf 81' lang='lat'><strong>247.</strong></span> <span class='ocrx_word' id='word_1_67' title='bbox 1235 830 1289 880; x_wconf 84' lang='lat' dir='ltr'><strong>J.</strong></span> <span class='ocrx_word' id='word_1_68' title='bbox 1326 828 1396 879; x_wconf 77' lang='lat' dir='ltr'><strong>M.</strong></span> <span class='ocrx_word' id='word_1_69' title='bbox 1435 827 1704 889; x_wconf 80' lang='lat' dir='ltr'><strong>Wuerffel,</strong></span> <span class='ocrx_word' id='word_1_70' title='bbox 1749 830 1903 894; x_wconf 89' lang='lat' dir='ltr'><strong>epist.</strong></span> <span class='ocrx_word' id='word_1_71' title='bbox 1943 844 2008 879; x_wconf 82' lang='lat' dir='ltr'><strong>ex</strong></span> <span class='ocrx_word' id='word_1_72' title='bbox 2047 829 2322 879; x_wconf 86' lang='lat' dir='ltr'><strong>Laodicea</strong></span> <span class='ocrx_word' id='word_1_73' title='bbox 2360 831 2415 880; x_wconf 89' lang='lat' dir='ltr'><strong>in</strong></span> <span class='ocrx_word' id='word_1_74' title='bbox 2457 830 2685 895; x_wconf 79' lang='lat' dir='ltr'><strong>Encycl.</strong></span> <span class='ocrx_word' id='word_1_75' title='bbox 2719 829 2790 881; x_wconf 88' lang='lat' dir='ltr'><strong>ad</strong></span> <span class='ocrx_word' id='word_1_76' title='bbox 2827 830 3012 895; x_wconf 79' lang='lat' dir='ltr'><strong>Ephes.</strong></span> 
     </span>
    </p>
   </div>
   <div class='ocr_carea' id='block_1_3' title="bbox 450 916 3011 987">
    <p class='ocr_par' dir='ltr' id='par_1_3' title="bbox 450 916 3011 987">
     <span class='ocr_line' id='line_1_7' title="bbox 450 916 3011 987; baseline 0 -20"><span class='ocrx_word' id='word_1_77' title='bbox 450 978 457 987; x_wconf 92' lang='lat'><strong>.</strong></span> <span class='ocrx_word' id='word_1_78' title='bbox 531 918 831 968; x_wconf 81' lang='lat' dir='ltr'><strong>adservata.</strong></span> <span class='ocrx_word' id='word_1_79' title='bbox 859 917 971 967; x_wconf 87' lang='lat' dir='ltr'><strong>Erl.</strong></span> <span class='ocrx_word' id='word_1_80' title='bbox 998 920 1148 967; x_wconf 84' lang='grc'><strong>1751.</strong></span> <span class='ocrx_word' id='word_1_81' title='bbox 1190 916 1251 967; x_wconf 83' lang='lat' dir='ltr'><strong>G.</strong></span> <span class='ocrx_word' id='word_1_82' title='bbox 1280 916 1467 980; x_wconf 80' lang='lat' dir='ltr'><strong>Paley,</strong></span> <span class='ocrx_word' id='word_1_83' title='bbox 1490 916 1657 967; x_wconf 89' lang='lat' dir='ltr'><strong>horae</strong></span> <span class='ocrx_word' id='word_1_84' title='bbox 1676 916 1955 979; x_wconf 74' lang='lat' dir='ltr'><strong>Paulinae,</strong></span> <span class='ocrx_word' id='word_1_85' title='bbox 1984 916 2066 967; x_wconf 88' lang='lat' dir='ltr'><strong>ed.</strong></span> <span class='ocrx_word' id='word_1_86' title='bbox 2093 917 2304 967; x_wconf 87' lang='lat' dir='ltr'><strong>Henke.</strong></span> <span class='ocrx_word' id='word_1_87' title='bbox 2324 917 2550 967; x_wconf 87' lang='lat' dir='ltr'><strong>Helmst.</strong></span> <span class='ocrx_word' id='word_1_88' title='bbox 2581 918 2733 967; x_wconf 82' lang='grc'><strong>1797.</strong></span> <span class='ocrx_word' id='word_1_89' title='bbox 2759 933 2810 982; x_wconf 86' lang='lat' dir='ltr'><strong>p.</strong></span> <span class='ocrx_word' id='word_1_90' title='bbox 2837 920 2952 966; x_wconf 75' lang='lat'><strong>214.</strong></span> <span class='ocrx_word' id='word_1_91' title='bbox 2972 934 3011 967; x_wconf 84' lang='lat' dir='ltr'><strong>s.</strong></span> 
     </span>
    </p>
   </div>
   <div class='ocr_carea' id='block_1_4' title="bbox 528 1003 3010 1419">
    <p class='ocr_par' dir='ltr' id='par_1_4' title="bbox 528 1003 3010 1419">
     <span class='ocr_line' id='line_1_8' title="bbox 528 1003 3010 1069; baseline -0.001 -14"><span class='ocrx_word' id='word_1_92' title='bbox 528 1006 579 1055; x_wconf 89' lang='lat' dir='ltr'><strong>J.</strong></span> <span class='ocrx_word' id='word_1_93' title='bbox 607 1006 661 1055; x_wconf 89' lang='lat' dir='ltr'><strong>J.</strong></span> <span class='ocrx_word' id='word_1_94' title='bbox 690 1006 953 1067; x_wconf 79' lang='lat' dir='ltr'><strong>wetsten,</strong></span> <span class='ocrx_word' id='word_1_95' title='bbox 980 1004 1045 1059; x_wconf 80' lang='lat' dir='ltr'><strong>N.</strong></span> <span class='ocrx_word' id='word_1_96' title='bbox 1070 1005 1134 1056; x_wconf 88' lang='grc' dir='ltr'><strong>Τ.</strong></span> <span class='ocrx_word' id='word_1_97' title='bbox 1158 1004 1327 1054; x_wconf 83' lang='lat' dir='ltr'><strong>Amst.</strong></span> <span class='ocrx_word' id='word_1_98' title='bbox 1358 1006 1507 1055; x_wconf 79' lang='lat'><strong>1752.</strong></span> <span class='ocrx_word' id='word_1_99' title='bbox 1534 1004 1605 1066; x_wconf 91' lang='grc' dir='ltr'><strong>ΙΙ,</strong></span> <span class='ocrx_word' id='word_1_100' title='bbox 1645 1004 1763 1055; x_wconf 81' lang='lat'><strong>238.</strong></span> <span class='ocrx_word' id='word_1_101' title='bbox 1801 1003 2166 1066; x_wconf 83' lang='lat' dir='ltr'><strong>Holzhausen,</strong></span> <span class='ocrx_word' id='word_1_102' title='bbox 2207 1004 2292 1054; x_wconf 82' lang='lat' dir='ltr'><strong>Bt.</strong></span> <span class='ocrx_word' id='word_1_103' title='bbox 2329 1004 2379 1054; x_wconf 84' lang='lat' dir='ltr'><strong>d.</strong></span> <span class='ocrx_word' id='word_1_104' title='bbox 2405 1005 2502 1069; x_wconf 81' lang='lat' dir='ltr'><strong>Ap.</strong></span> <span class='ocrx_word' id='word_1_105' title='bbox 2523 1005 2586 1054; x_wconf 92' lang='lat' dir='ltr'><strong>P.</strong></span> <span class='ocrx_word' id='word_1_106' title='bbox 2611 1020 2682 1055; x_wconf 89' lang='lat' dir='ltr'><strong>an</strong></span> <span class='ocrx_word' id='word_1_107' title='bbox 2709 1004 2798 1054; x_wconf 87' lang='lat' dir='ltr'><strong>die</strong></span> <span class='ocrx_word' id='word_1_108' title='bbox 2820 1004 3010 1069; x_wconf 84' lang='lat' dir='ltr'><strong>Ephes.</strong></span> 
     </span>
     <span class='ocr_line' id='line_1_9' title="bbox 531 1090 3008 1158; baseline 0 -17"><span class='ocrx_word' id='word_1_109' title='bbox 531 1093 712 1142; x_wconf 86' lang='lat' dir='ltr'><strong>Hann.</strong></span> <span class='ocrx_word' id='word_1_110' title='bbox 764 1094 912 1143; x_wconf 88' lang='grc'><strong>1833.</strong></span> <span class='ocrx_word' id='word_1_111' title='bbox 965 1109 1016 1157; x_wconf 90' lang='lat' dir='ltr'><strong>p.</strong></span> <span class='ocrx_word' id='word_1_112' title='bbox 1059 1094 1139 1141; x_wconf 89' lang='lat'><strong>13.</strong></span> <span class='ocrx_word' id='word_1_113' title='bbox 1178 1108 1221 1141; x_wconf 91' lang='lat' dir='ltr'><strong>s.</strong></span> <span class='ocrx_word' id='word_1_114' title='bbox 1274 1092 1573 1157; x_wconf 83' lang='lat' dir='ltr'><strong>Raebiger,</strong></span> <span class='ocrx_word' id='word_1_115' title='bbox 1612 1090 1977 1156; x_wconf 79' lang='lat' dir='ltr'><strong>Christologia</strong></span> <span class='ocrx_word' id='word_1_116' title='bbox 2029 1090 2253 1142; x_wconf 83' lang='lat' dir='ltr'><strong>Paulina</strong></span> <span class='ocrx_word' id='word_1_117' title='bbox 2301 1092 2368 1154; x_wconf 89' lang='grc' dir='ltr'><strong>ΙΙ,</strong></span> <span class='ocrx_word' id='word_1_118' title='bbox 2407 1092 2490 1142; x_wconf 83' lang='grc'><strong>48.</strong></span> <span class='ocrx_word' id='word_1_119' title='bbox 2528 1092 2589 1141; x_wconf 79' lang='lat' dir='ltr'><strong>R.</strong></span> <span class='ocrx_word' id='word_1_120' title='bbox 2643 1092 2837 1158; x_wconf 77' lang='lat' dir='ltr'><strong>Anger,</strong></span> <span class='ocrx_word' id='word_1_121' title='bbox 2877 1096 2925 1141; x_wconf 84' lang='lat' dir='ltr'><strong>ii.</strong></span> <span class='ocrx_word' id='word_1_122' title='bbox 2963 1092 3008 1141; x_wconf 91' lang='lat' dir='ltr'><strong>d.</strong></span> 
     </span>
     <span class='ocr_line' id='line_1_10' title="bbox 534 1178 3008 1245; baseline 0 -16"><span class='ocrx_word' id='word_1_123' title='bbox 534 1179 1025 1230; x_wconf 83' lang='lat' dir='ltr'><strong>Laodicenerbrief.</strong></span> <span class='ocrx_word' id='word_1_124' title='bbox 1075 1180 1259 1244; x_wconf 84' lang='lat' dir='ltr'><strong>Leipz.</strong></span> <span class='ocrx_word' id='word_1_125' title='bbox 1309 1180 1459 1231; x_wconf 83' lang='lat'><strong>1843.</strong></span> <span class='ocrx_word' id='word_1_126' title='bbox 1516 1195 1566 1244; x_wconf 87' lang='lat' dir='ltr'><strong>p.</strong></span> <span class='ocrx_word' id='word_1_127' title='bbox 1618 1180 1735 1229; x_wconf 82' lang='grc'><strong>126.</strong></span> <span class='ocrx_word' id='word_1_128' title='bbox 1783 1194 1827 1228; x_wconf 87' lang='lat' dir='ltr'><strong>s.</strong></span> <span class='ocrx_word' id='word_1_129' title='bbox 1883 1178 2080 1242; x_wconf 68' lang='lat' dir='ltr'><strong>Black,</strong></span> <span class='ocrx_word' id='word_1_130' title='bbox 2133 1178 2276 1229; x_wconf 89' lang='lat' dir='ltr'><strong>Einl.</strong></span> <span class='ocrx_word' id='word_1_131' title='bbox 2315 1180 2373 1229; x_wconf 89' lang='lat' dir='ltr'><strong>in</strong></span> <span class='ocrx_word' id='word_1_132' title='bbox 2423 1179 2472 1230; x_wconf 89' lang='lat' dir='ltr'><strong>d.</strong></span> <span class='ocrx_word' id='word_1_133' title='bbox 2509 1179 2575 1230; x_wconf 79' lang='lat' dir='ltr'><strong>N.</strong></span> <span class='ocrx_word' id='word_1_134' title='bbox 2613 1179 2676 1229; x_wconf 89' lang='grc' dir='ltr'><strong>Τ.</strong></span> <span class='ocrx_word' id='word_1_135' title='bbox 2726 1196 2777 1245; x_wconf 91' lang='lat' dir='ltr'><strong>p.</strong></span> <span class='ocrx_word' id='word_1_136' title='bbox 2815 1181 2932 1229; x_wconf 79' lang='lat'><strong>457.</strong></span> <span class='ocrx_word' id='word_1_137' title='bbox 2967 1196 3008 1229; x_wconf 88' lang='lat' dir='ltr'><strong>s.</strong></span> 
     </span>
     <span class='ocr_line' id='line_1_11' title="bbox 532 1265 3002 1332; baseline 0 -17"><span class='ocrx_word' id='word_1_138' title='bbox 532 1268 653 1317; x_wconf 87' lang='lat' dir='ltr'><strong>Hoc</strong></span> <span class='ocrx_word' id='word_1_139' title='bbox 690 1266 907 1332; x_wconf 88' lang='lat' dir='ltr'><strong>quidem</strong></span> <span class='ocrx_word' id='word_1_140' title='bbox 946 1268 1045 1317; x_wconf 91' lang='lat' dir='ltr'><strong>sub</strong></span> <span class='ocrx_word' id='word_1_141' title='bbox 1084 1266 1243 1317; x_wconf 88' lang='lat' dir='ltr'><strong>titulo</strong></span> <span class='ocrx_word' id='word_1_142' title='bbox 1270 1266 1457 1316; x_wconf 88' lang='lat' dir='ltr'><strong>dicunt</strong></span> <span class='ocrx_word' id='word_1_143' title='bbox 1490 1265 1761 1317; x_wconf 81' lang='lat' dir='ltr'><strong>exstitisse</strong></span> <span class='ocrx_word' id='word_1_144' title='bbox 1799 1268 1852 1315; x_wconf 89' lang='lat' dir='ltr'><strong>in</strong></span> <span class='ocrx_word' id='word_1_145' title='bbox 1893 1265 2206 1332; x_wconf 80' lang='lat' dir='ltr'><strong>catalogo</strong></span> <span class='ocrx_word' id='word_1_146' title='bbox 2245 1266 2298 1317; x_wconf 91' lang='lat' dir='ltr'><strong>S.</strong></span> <span class='ocrx_word' id='word_1_147' title='bbox 2327 1266 2380 1317; x_wconf 87' lang='lat' dir='ltr'><strong>S.</strong></span> <span class='ocrx_word' id='word_1_148' title='bbox 2417 1267 2663 1316; x_wconf 79' lang='lat' dir='ltr'><strong>Marcio</strong></span> <span class='ocrx_word' id='word_1_149' title='bbox 2681 1267 2814 1331; x_wconf 88' lang='lat' dir='ltr'><strong>nis;</strong></span> <span class='ocrx_word' id='word_1_150' title='bbox 2850 1272 3002 1331; x_wconf 84' lang='lat' dir='ltr'><strong>atque</strong></span> 
     </span>
     <span class='ocr_line' id='line_1_12' title="bbox 531 1352 3002 1419; baseline 0 -16"><span class='ocrx_word' id='word_1_151' title='bbox 531 1354 671 1404; x_wconf 87' lang='lat' dir='ltr'><strong>hanc</strong></span> <span class='ocrx_word' id='word_1_152' title='bbox 708 1368 826 1403; x_wconf 88' lang='lat' dir='ltr'><strong>esse</strong></span> <span class='ocrx_word' id='word_1_153' title='bbox 876 1352 1024 1405; x_wconf 87' lang='lat' dir='ltr'><strong>illam</strong></span> <span class='ocrx_word' id='word_1_154' title='bbox 1062 1355 1254 1419; x_wconf 90' lang='lat' dir='ltr'><strong>ipsam,</strong></span> <span class='ocrx_word' id='word_1_155' title='bbox 1292 1355 1444 1403; x_wconf 87' lang='lat' dir='ltr'><strong>cuius</strong></span> <span class='ocrx_word' id='word_1_156' title='bbox 1490 1370 1533 1403; x_wconf 92' lang='lat' dir='ltr'><strong>s.</strong></span> <span class='ocrx_word' id='word_1_157' title='bbox 1569 1352 1788 1416; x_wconf 82' lang='lat' dir='ltr'><strong>Paulus,</strong></span> <span class='ocrx_word' id='word_1_158' title='bbox 1831 1352 2039 1404; x_wconf 84' lang='lat' dir='ltr'><strong>Coloss.</strong></span> <span class='ocrx_word' id='word_1_159' title='bbox 2073 1355 2122 1415; x_wconf 83' lang='lat'><strong>4,</strong></span> <span class='ocrx_word' id='word_1_160' title='bbox 2163 1355 2244 1407; x_wconf 77' lang='lat'><strong>16.</strong></span> <span class='ocrx_word' id='word_1_161' title='bbox 2283 1355 2596 1404; x_wconf 87' lang='lat' dir='ltr'><strong>meminerit.</strong></span> <span class='ocrx_word' id='word_1_162' title='bbox 2649 1354 2802 1416; x_wconf 84' lang='lat' dir='ltr'><strong>Quae</strong></span> <span class='ocrx_word' id='word_1_163' title='bbox 2838 1360 3002 1404; x_wconf 83' lang='lat' dir='ltr'><strong>autem</strong></span> 
     </span>
    </p>
   </div>
   <div class='ocr_carea' id='block_1_5' title="bbox 420 1441 3000 1507">
    <p class='ocr_par' dir='ltr' id='par_1_5' title="bbox 420 1441 3000 1507">
     <span class='ocr_line' id='line_1_13' title="bbox 420 1441 3000 1507; baseline 0.001 -17"><span class='ocrx_word' id='word_1_164' title='bbox 420 1459 428 1467; x_wconf 92' lang='lat'><strong>·</strong></span> <span class='ocrx_word' id='word_1_165' title='bbox 536 1442 627 1491; x_wconf 89' lang='lat' dir='ltr'><strong>isti</strong></span> <span class='ocrx_word' id='word_1_166' title='bbox 664 1443 767 1491; x_wconf 84' lang='lat' dir='ltr'><strong>viri</strong></span> <span class='ocrx_word' id='word_1_167' title='bbox 803 1441 1101 1492; x_wconf 83' lang='lat' dir='ltr'><strong>attulerunt</strong></span> <span class='ocrx_word' id='word_1_168' title='bbox 1133 1447 1451 1507; x_wconf 86' lang='lat' dir='ltr'><strong>argumenta</strong></span> <span class='ocrx_word' id='word_1_169' title='bbox 1492 1442 1548 1491; x_wconf 91' lang='lat' dir='ltr'><strong>in</strong></span> <span class='ocrx_word' id='word_1_170' title='bbox 1584 1446 1865 1505; x_wconf 83' lang='lat' dir='ltr'><strong>utramque</strong></span> <span class='ocrx_word' id='word_1_171' title='bbox 1903 1442 2238 1506; x_wconf 75' lang='lat' dir='ltr'><strong>quaestionis</strong></span> <span class='ocrx_word' id='word_1_172' title='bbox 2283 1444 2441 1493; x_wconf 89' lang='lat' dir='ltr'><strong>istius</strong></span> <span class='ocrx_word' id='word_1_173' title='bbox 2478 1448 2698 1507; x_wconf 85' lang='lat' dir='ltr'><strong>partem,</strong></span> <span class='ocrx_word' id='word_1_174' title='bbox 2739 1443 2868 1493; x_wconf 81' lang='lat' dir='ltr'><strong>talia</strong></span> <span class='ocrx_word' id='word_1_175' title='bbox 2901 1459 3000 1493; x_wconf 89' lang='lat' dir='ltr'><strong>non</strong></span> 
     </span>
    </p>
   </div>
   <div class='ocr_carea' id='block_1_6' title="bbox 532 1527 3014 2380">
    <p class='ocr_par' dir='ltr' id='par_1_6' title="bbox 532 1527 3014 2380">
     <span class='ocr_line' id='line_1_14' title="bbox 533 1527 2997 1595; baseline 0.001 -18"><span class='ocrx_word' id='word_1_176' title='bbox 533 1534 659 1578; x_wconf 89' lang='lat' dir='ltr'><strong>sunt</strong></span> <span class='ocrx_word' id='word_1_177' title='bbox 704 1530 824 1579; x_wconf 83' lang='lat' dir='ltr'><strong>visa</strong></span> <span class='ocrx_word' id='word_1_178' title='bbox 872 1527 1168 1594; x_wconf 85' lang='lat' dir='ltr'><strong>plerisque,</strong></span> <span class='ocrx_word' id='word_1_179' title='bbox 1216 1535 1276 1579; x_wconf 91' lang='lat' dir='ltr'><strong>ut</strong></span> <span class='ocrx_word' id='word_1_180' title='bbox 1319 1544 1598 1579; x_wconf 73' lang='lat' dir='ltr'><strong>assensum</strong></span> <span class='ocrx_word' id='word_1_181' title='bbox 1645 1529 1946 1594; x_wconf 82' lang='lat' dir='ltr'><strong>impetrent.</strong></span> <span class='ocrx_word' id='word_1_182' title='bbox 1993 1530 2339 1593; x_wconf 82' lang='lat' dir='ltr'><strong>Liinemann,</strong></span> <span class='ocrx_word' id='word_1_183' title='bbox 2381 1529 2445 1579; x_wconf 89' lang='lat' dir='ltr'><strong>de</strong></span> <span class='ocrx_word' id='word_1_184' title='bbox 2483 1546 2566 1595; x_wconf 88' lang='lat' dir='ltr'><strong>ep.</strong></span> <span class='ocrx_word' id='word_1_185' title='bbox 2605 1531 2664 1581; x_wconf 89' lang='lat' dir='ltr'><strong>P.</strong></span> <span class='ocrx_word' id='word_1_186' title='bbox 2705 1530 2775 1579; x_wconf 87' lang='lat' dir='ltr'><strong>ad</strong></span> <span class='ocrx_word' id='word_1_187' title='bbox 2812 1530 2997 1594; x_wconf 82' lang='lat' dir='ltr'><strong>Ephes.</strong></span> 
     </span>
     <span class='ocr_line' id='line_1_15' title="bbox 535 1614 3006 1683; baseline -0 -17"><span class='ocrx_word' id='word_1_188' title='bbox 535 1632 585 1681; x_wconf 91' lang='lat' dir='ltr'><strong>p.</strong></span> <span class='ocrx_word' id='word_1_189' title='bbox 624 1618 707 1666; x_wconf 83' lang='grc'><strong>46.</strong></span> <span class='ocrx_word' id='word_1_190' title='bbox 747 1632 789 1666; x_wconf 87' lang='lat' dir='ltr'><strong>s.</strong></span> <span class='ocrx_word' id='word_1_191' title='bbox 828 1621 881 1665; x_wconf 91' lang='lat' dir='ltr'><strong>et</strong></span> <span class='ocrx_word' id='word_1_192' title='bbox 919 1617 1184 1683; x_wconf 81' lang='lat' dir='ltr'><strong>Wiggers,</strong></span> <span class='ocrx_word' id='word_1_193' title='bbox 1222 1616 1281 1666; x_wconf 86' lang='lat' dir='ltr'><strong>in</strong></span> <span class='ocrx_word' id='word_1_194' title='bbox 1316 1631 1441 1667; x_wconf 88' lang='lat' dir='ltr'><strong>ann.</strong></span> <span class='ocrx_word' id='word_1_195' title='bbox 1478 1614 1630 1667; x_wconf 82' lang='lat' dir='ltr'><strong>Stud.</strong></span> <span class='ocrx_word' id='word_1_196' title='bbox 1670 1631 1720 1665; x_wconf 90' lang='lat' dir='ltr'><strong>u.</strong></span> <span class='ocrx_word' id='word_1_197' title='bbox 1759 1616 1896 1666; x_wconf 85' lang='lat' dir='ltr'><strong>Krit.</strong></span> <span class='ocrx_word' id='word_1_198' title='bbox 1946 1618 2094 1665; x_wconf 82' lang='lat'><strong>1841.</strong></span> <span class='ocrx_word' id='word_1_199' title='bbox 2133 1632 2184 1681; x_wconf 93' lang='lat' dir='ltr'><strong>p.</strong></span> <span class='ocrx_word' id='word_1_200' title='bbox 2221 1618 2341 1666; x_wconf 78' lang='lat'><strong>412.</strong></span> <span class='ocrx_word' id='word_1_201' title='bbox 2387 1616 2528 1667; x_wconf 85' lang='lat' dir='ltr'><strong>hanc</strong></span> <span class='ocrx_word' id='word_1_202' title='bbox 2575 1616 2858 1683; x_wconf 85' lang='lat' dir='ltr'><strong>epistolam</strong></span> <span class='ocrx_word' id='word_1_203' title='bbox 2893 1632 3006 1667; x_wconf 88' lang='lat' dir='ltr'><strong>con·</strong></span> 
     </span>
     <span class='ocr_line' id='line_1_16' title="bbox 538 1702 3006 1769; baseline -0.001 -16"><span class='ocrx_word' id='word_1_204' title='bbox 538 1702 790 1753; x_wconf 85' lang='lat' dir='ltr'><strong>tendunt:</strong></span> <span class='ocrx_word' id='word_1_205' title='bbox 828 1720 935 1754; x_wconf 89' lang='lat' dir='ltr'><strong>non</strong></span> <span class='ocrx_word' id='word_1_206' title='bbox 967 1704 1039 1754; x_wconf 88' lang='lat' dir='ltr'><strong>ad</strong></span> <span class='ocrx_word' id='word_1_207' title='bbox 1074 1704 1243 1755; x_wconf 87' lang='lat' dir='ltr'><strong>solam</strong></span> <span class='ocrx_word' id='word_1_208' title='bbox 1280 1705 1582 1754; x_wconf 80' lang='lat' dir='ltr'><strong>Ecclesiam</strong></span> <span class='ocrx_word' id='word_1_209' title='bbox 1620 1703 1888 1769; x_wconf 75' lang='lat' dir='ltr'><strong>ephesiam</strong></span> <span class='ocrx_word' id='word_1_210' title='bbox 1937 1704 2135 1765; x_wconf 89' lang='lat' dir='ltr'><strong>datam,</strong></span> <span class='ocrx_word' id='word_1_211' title='bbox 2181 1703 2280 1754; x_wconf 84' lang='lat' dir='ltr'><strong>sed</strong></span> <span class='ocrx_word' id='word_1_212' title='bbox 2325 1708 2380 1753; x_wconf 90' lang='lat' dir='ltr'><strong>et</strong></span> <span class='ocrx_word' id='word_1_213' title='bbox 2414 1703 2484 1754; x_wconf 86' lang='lat' dir='ltr'><strong>ad</strong></span> <span class='ocrx_word' id='word_1_214' title='bbox 2533 1704 2671 1754; x_wconf 86' lang='lat' dir='ltr'><strong>alias</strong></span> <span class='ocrx_word' id='word_1_215' title='bbox 2719 1719 2860 1769; x_wconf 86' lang='lat' dir='ltr'><strong>quae</strong></span> <span class='ocrx_word' id='word_1_216' title='bbox 2893 1704 3006 1752; x_wconf 87' lang='lat' dir='ltr'><strong>huie</strong></span> 
     </span>
     <span class='ocr_line' id='line_1_17' title="bbox 533 1790 3006 1855; baseline -0 -15"><span class='ocrx_word' id='word_1_217' title='bbox 533 1792 809 1841; x_wconf 73' lang='lat' dir='ltr'><strong>vicinitate</strong></span> <span class='ocrx_word' id='word_1_218' title='bbox 862 1790 1101 1842; x_wconf 87' lang='lat' dir='ltr'><strong>locorum</strong></span> <span class='ocrx_word' id='word_1_219' title='bbox 1152 1797 1206 1841; x_wconf 89' lang='lat' dir='ltr'><strong>et</strong></span> <span class='ocrx_word' id='word_1_220' title='bbox 1259 1793 1583 1842; x_wconf 80' lang='lat' dir='ltr'><strong>necessitate</strong></span> <span class='ocrx_word' id='word_1_221' title='bbox 1639 1790 1854 1842; x_wconf 83' lang='lat' dir='ltr'><strong>fuerant</strong></span> <span class='ocrx_word' id='word_1_222' title='bbox 1907 1793 2245 1843; x_wconf 85' lang='lat' dir='ltr'><strong>coniunctae.</strong></span> <span class='ocrx_word' id='word_1_223' title='bbox 2321 1791 2474 1842; x_wconf 86' lang='lat' dir='ltr'><strong>Haec</strong></span> <span class='ocrx_word' id='word_1_224' title='bbox 2527 1794 2801 1842; x_wconf 86' lang='lat' dir='ltr'><strong>sententia</strong></span> <span class='ocrx_word' id='word_1_225' title='bbox 2847 1806 3006 1855; x_wconf 86' lang='lat' dir='ltr'><strong>neque</strong></span> 
     </span>
     <span class='ocr_line' id='line_1_18' title="bbox 532 1877 3005 1945; baseline -0.001 -18"><span class='ocrx_word' id='word_1_226' title='bbox 532 1880 861 1942; x_wconf 76' lang='lat' dir='ltr'><strong>argumentis</strong></span> <span class='ocrx_word' id='word_1_227' title='bbox 897 1879 1121 1929; x_wconf 86' lang='lat' dir='ltr'><strong>internis</strong></span> <span class='ocrx_word' id='word_1_228' title='bbox 1166 1894 1343 1945; x_wconf 90' lang='lat' dir='ltr'><strong>neque</strong></span> <span class='ocrx_word' id='word_1_229' title='bbox 1392 1880 1625 1929; x_wconf 85' lang='lat' dir='ltr'><strong>externis</strong></span> <span class='ocrx_word' id='word_1_230' title='bbox 1673 1878 1888 1944; x_wconf 80' lang='lat' dir='ltr'><strong>gaudet.</strong></span> <span class='ocrx_word' id='word_1_231' title='bbox 1937 1879 2152 1929; x_wconf 83' lang='lat' dir='ltr'><strong>Etenim</strong></span> <span class='ocrx_word' id='word_1_232' title='bbox 2201 1878 2431 1945; x_wconf 79' lang='lat' dir='ltr'><strong>cogitari</strong></span> <span class='ocrx_word' id='word_1_233' title='bbox 2479 1880 2668 1943; x_wconf 89' lang='lat' dir='ltr'><strong>nequit</strong></span> <span class='ocrx_word' id='word_1_234' title='bbox 2701 1877 3005 1944; x_wconf 80' lang='lat' dir='ltr'><strong>Apostolum</strong></span> 
     </span>
     <span class='ocr_line' id='line_1_19' title="bbox 533 1950 3012 2033; baseline -0.001 -18"><span class='ocrx_word' id='word_1_235' title='bbox 533 1964 692 2015; x_wconf 87' lang='lat' dir='ltr'><strong>simul</strong></span> <span class='ocrx_word' id='word_1_236' title='bbox 733 1970 897 2031; x_wconf 89' lang='lat' dir='ltr'><strong>atque</strong></span> <span class='ocrx_word' id='word_1_237' title='bbox 932 1967 1005 2017; x_wconf 87' lang='lat' dir='ltr'><strong>ad</strong></span> <span class='ocrx_word' id='word_1_238' title='bbox 1050 1966 1232 2033; x_wconf 88' lang='lat' dir='ltr'><strong>plures</strong></span> <span class='ocrx_word' id='word_1_239' title='bbox 1278 1968 1511 2033; x_wconf 82' lang='lat' dir='ltr'><strong>scripsit,</strong></span> <span class='ocrx_word' id='word_1_240' title='bbox 1560 1965 1846 2017; x_wconf 88' lang='lat' dir='ltr'><strong>consilium</strong></span> <span class='ocrx_word' id='word_1_241' title='bbox 1894 1982 2048 2016; x_wconf 87' lang='lat' dir='ltr'><strong>suum</strong></span> <span class='ocrx_word' id='word_1_242' title='bbox 2093 1966 2393 2017; x_wconf 86' lang='lat' dir='ltr'><strong>reticuisse.</strong></span> <span class='ocrx_word' id='word_1_243' title='bbox 2441 1966 2594 2027; x_wconf 83' lang='lat' dir='ltr'><strong>Quae</strong></span> <span class='ocrx_word' id='word_1_244' title='bbox 2631 1980 2756 2015; x_wconf 88' lang='lat' dir='ltr'><strong>cum</strong></span> <span class='ocrx_word' id='word_1_245' title='bbox 2803 1950 2878 2015; x_wconf 81' lang='lat' dir='ltr'><strong>ita</strong></span> <span class='ocrx_word' id='word_1_246' title='bbox 2911 1967 3012 2013; x_wconf 81' lang='lat' dir='ltr'><strong>sint</strong></span> 
     </span>
     <span class='ocr_line' id='line_1_20' title="bbox 535 2052 3010 2120; baseline -0.001 -17"><span class='ocrx_word' id='word_1_247' title='bbox 535 2068 707 2103; x_wconf 84' lang='lat' dir='ltr'><strong>rerum</strong></span> <span class='ocrx_word' id='word_1_248' title='bbox 744 2056 1068 2105; x_wconf 86' lang='lat' dir='ltr'><strong>necessitate</strong></span> <span class='ocrx_word' id='word_1_249' title='bbox 1105 2056 1295 2115; x_wconf 87' lang='lat' dir='ltr'><strong>coacti,</strong></span> <span class='ocrx_word' id='word_1_250' title='bbox 1334 2070 1547 2120; x_wconf 84' lang='lat' dir='ltr'><strong>neque</strong></span> <span class='ocrx_word' id='word_1_251' title='bbox 1582 2052 1982 2115; x_wconf 85' lang='lat' dir='ltr'><strong>circulares,</strong></span> <span class='ocrx_word' id='word_1_252' title='bbox 2033 2068 2248 2118; x_wconf 87' lang='lat' dir='ltr'><strong>neque</strong></span> <span class='ocrx_word' id='word_1_253' title='bbox 2285 2052 2364 2103; x_wconf 87' lang='lat' dir='ltr'><strong>ad</strong></span> <span class='ocrx_word' id='word_1_254' title='bbox 2400 2052 2830 2103; x_wconf 81' lang='lat' dir='ltr'><strong>Laodicenos</strong></span> <span class='ocrx_word' id='word_1_255' title='bbox 2867 2052 3010 2101; x_wconf 83' lang='lat' dir='ltr'><strong>datas</strong></span> 
     </span>
     <span class='ocr_line' id='line_1_21' title="bbox 533 2140 3012 2207; baseline 0 -18"><span class='ocrx_word' id='word_1_256' title='bbox 533 2140 733 2201; x_wconf 87' lang='lat' dir='ltr'><strong>literas,</strong></span> <span class='ocrx_word' id='word_1_257' title='bbox 772 2142 868 2191; x_wconf 87' lang='lat' dir='ltr'><strong>sed</strong></span> <span class='ocrx_word' id='word_1_258' title='bbox 916 2142 987 2191; x_wconf 87' lang='lat' dir='ltr'><strong>ad</strong></span> <span class='ocrx_word' id='word_1_259' title='bbox 1023 2141 1367 2207; x_wconf 83' lang='lat' dir='ltr'><strong>Ephesios</strong></span> <span class='ocrx_word' id='word_1_260' title='bbox 1405 2142 1676 2192; x_wconf 82' lang='lat' dir='ltr'><strong>fateantur</strong></span> <span class='ocrx_word' id='word_1_261' title='bbox 1713 2145 1938 2207; x_wconf 87' lang='lat' dir='ltr'><strong>oportet.</strong></span> <span class='ocrx_word' id='word_1_262' title='bbox 1989 2141 2230 2191; x_wconf 83' lang='lat' dir='ltr'><strong>Scientia</strong></span> <span class='ocrx_word' id='word_1_263' title='bbox 2265 2144 2384 2206; x_wconf 87' lang='lat' dir='ltr'><strong>ipsa</strong></span> <span class='ocrx_word' id='word_1_264' title='bbox 2421 2140 2586 2200; x_wconf 87' lang='lat' dir='ltr'><strong>iubet,</strong></span> <span class='ocrx_word' id='word_1_265' title='bbox 2621 2146 2683 2191; x_wconf 83' lang='lat' dir='ltr'><strong>ut</strong></span> <span class='ocrx_word' id='word_1_266' title='bbox 2721 2142 2822 2189; x_wconf 75' lang='lat' dir='ltr'><strong>viri</strong></span> <span class='ocrx_word' id='word_1_267' title='bbox 2859 2140 3012 2189; x_wconf 83' lang='lat' dir='ltr'><strong>unde-</strong></span> 
     </span>
     <span class='ocr_line' id='line_1_22' title="bbox 536 2228 3014 2295; baseline 0 -19"><span class='ocrx_word' id='word_1_268' title='bbox 536 2243 763 2292; x_wconf 87' lang='lat' dir='ltr'><strong>cumque</strong></span> <span class='ocrx_word' id='word_1_269' title='bbox 813 2228 1109 2279; x_wconf 87' lang='lat' dir='ltr'><strong>doctissimi</strong></span> <span class='ocrx_word' id='word_1_270' title='bbox 1158 2231 1213 2279; x_wconf 90' lang='lat' dir='ltr'><strong>in</strong></span> <span class='ocrx_word' id='word_1_271' title='bbox 1262 2231 1581 2280; x_wconf 85' lang='lat' dir='ltr'><strong>contrariam</strong></span> <span class='ocrx_word' id='word_1_272' title='bbox 1634 2230 1944 2295; x_wconf 88' lang='lat' dir='ltr'><strong>opinionem</strong></span> <span class='ocrx_word' id='word_1_273' title='bbox 1999 2244 2106 2280; x_wconf 89' lang='lat' dir='ltr'><strong>non</strong></span> <span class='ocrx_word' id='word_1_274' title='bbox 2158 2230 2513 2291; x_wconf 83' lang='lat' dir='ltr'><strong>coniecturas,</strong></span> <span class='ocrx_word' id='word_1_275' title='bbox 2563 2228 2661 2278; x_wconf 84' lang='lat' dir='ltr'><strong>sed</strong></span> <span class='ocrx_word' id='word_1_276' title='bbox 2711 2232 3014 2293; x_wconf 76' lang='lat' dir='ltr'><strong>argumenta</strong></span> 
     </span>
     <span class='ocr_line' id='line_1_23' title="bbox 538 2316 1450 2380; baseline 0.002 -15"><span class='ocrx_word' id='word_1_277' title='bbox 538 2330 676 2380; x_wconf 87' lang='lat' dir='ltr'><strong>quae</strong></span> <span class='ocrx_word' id='word_1_278' title='bbox 720 2332 828 2367; x_wconf 87' lang='lat' dir='ltr'><strong>rem</strong></span> <span class='ocrx_word' id='word_1_279' title='bbox 865 2316 1155 2368; x_wconf 88' lang='lat' dir='ltr'><strong>conficiant</strong></span> <span class='ocrx_word' id='word_1_280' title='bbox 1188 2316 1450 2369; x_wconf 81' lang='lat' dir='ltr'><strong>adferant.</strong></span> 
     </span>
    </p>
   </div>
   <div class='ocr_carea' id='block_1_7' title="bbox 995 2592 2562 2680">
    <p class='ocr_par' dir='ltr' id='par_1_7' title="bbox 995 2592 2562 2680">
     <span class='ocr_line' id='line_1_24' title="bbox 995 2592 2562 2680; baseline 0 -23"><span class='ocrx_word' id='word_1_281' title='bbox 995 2598 1034 2675; x_wconf 69' lang='grc' dir='ltr'>ξ</span> <span class='ocrx_word' id='word_1_282' title='bbox 1081 2593 1183 2661; x_wconf 83' lang='grc'><strong>87.</strong></span> <span class='ocrx_word' id='word_1_283' title='bbox 1232 2594 1319 2659; x_wconf 90' lang='lat' dir='ltr'><strong>In</strong></span> <span class='ocrx_word' id='word_1_284' title='bbox 1364 2593 1806 2680; x_wconf 87' lang='lat' dir='ltr'><strong>Epistolam</strong></span> <span class='ocrx_word' id='word_1_285' title='bbox 1851 2593 1948 2658; x_wconf 86' lang='lat' dir='ltr'><strong>ad</strong></span> <span class='ocrx_word' id='word_1_286' title='bbox 1985 2592 2562 2680; x_wconf 87' lang='lat' dir='ltr'><strong>Philippenses.</strong></span> 
     </span>
    </p>
   </div>
   <div class='ocr_carea' id='block_1_8' title="bbox 542 2784 3013 3550">
    <p class='ocr_par' dir='ltr' id='par_1_8' title="bbox 542 2784 3013 3550">
     <span class='ocr_line' id='line_1_25' title="bbox 745 2784 3012 2872; baseline -0.001 -23"><span class='ocrx_word' id='word_1_287' title='bbox 745 2784 1103 2871; x_wconf 88' lang='lat' dir='ltr'><strong>Postquam</strong></span> <span class='ocrx_word' id='word_1_288' title='bbox 1148 2786 1357 2872; x_wconf 89' lang='lat' dir='ltr'><strong>primo</strong></span> <span class='ocrx_word' id='word_1_289' title='bbox 1406 2786 1621 2851; x_wconf 86' lang='lat' dir='ltr'><strong>statim</strong></span> <span class='ocrx_word' id='word_1_290' title='bbox 1669 2786 2060 2871; x_wconf 85' lang='lat' dir='ltr'><strong>captivitatis</strong></span> <span class='ocrx_word' id='word_1_291' title='bbox 2105 2785 2441 2849; x_wconf 86' lang='lat' dir='ltr'><strong>Romanae</strong></span> <span class='ocrx_word' id='word_1_292' title='bbox 2489 2806 2662 2849; x_wconf 88' lang='lat' dir='ltr'><strong>anno</strong></span> <span class='ocrx_word' id='word_1_293' title='bbox 2713 2788 3012 2849; x_wconf 87' lang='lat' dir='ltr'><strong>nuncium</strong></span> 
     </span>
     <span class='ocr_line' id='line_1_26' title="bbox 542 2898 3013 2985; baseline -0 -24"><span class='ocrx_word' id='word_1_294' title='bbox 542 2899 625 2961; x_wconf 90' lang='lat' dir='ltr'><strong>de</strong></span> <span class='ocrx_word' id='word_1_295' title='bbox 670 2898 946 2963; x_wconf 88' lang='lat' dir='ltr'><strong>vinculis</strong></span> <span class='ocrx_word' id='word_1_296' title='bbox 977 2898 1278 2984; x_wconf 87' lang='lat' dir='ltr'><strong>Apostoli</strong></span> <span class='ocrx_word' id='word_1_297' title='bbox 1325 2898 1409 2962; x_wconf 88' lang='lat' dir='ltr'><strong>ad</strong></span> <span class='ocrx_word' id='word_1_298' title='bbox 1458 2898 1943 2985; x_wconf 80' lang='lat' dir='ltr'><strong>Philippenses3</strong></span> <span class='ocrx_word' id='word_1_299' title='bbox 1992 2898 2073 2962; x_wconf 86' lang='lat' dir='ltr'><strong>ab</strong></span> <span class='ocrx_word' id='word_1_300' title='bbox 2122 2898 2220 2962; x_wconf 90' lang='lat' dir='ltr'><strong>his</strong></span> <span class='ocrx_word' id='word_1_301' title='bbox 2251 2921 2408 2963; x_wconf 89' lang='lat' dir='ltr'><strong>vero</strong></span> <span class='ocrx_word' id='word_1_302' title='bbox 2458 2900 2749 2963; x_wconf 86' lang='lat' dir='ltr'><strong>caritatis</strong></span> <span class='ocrx_word' id='word_1_303' title='bbox 2795 2920 3013 2961; x_wconf 88' lang='lat' dir='ltr'><strong>munus</strong></span> 
     </span>
     <span class='ocr_line' id='line_1_27' title="bbox 548 3008 3011 3098; baseline -0.002 -22"><span class='ocrx_word' id='word_1_304' title='bbox 548 3010 791 3076; x_wconf 87' lang='lat' dir='ltr'><strong>Urbem</strong></span> <span class='ocrx_word' id='word_1_305' title='bbox 815 3013 1195 3097; x_wconf 87' lang='lat' dir='ltr'><strong>pertigerat:</strong></span> <span class='ocrx_word' id='word_1_306' title='bbox 1222 3011 1535 3077; x_wconf 85' lang='lat' dir='ltr'><strong>Paulinae</strong></span> <span class='ocrx_word' id='word_1_307' title='bbox 1560 3011 1786 3076; x_wconf 88' lang='lat' dir='ltr'><strong>literae</strong></span> <span class='ocrx_word' id='word_1_308' title='bbox 1811 3035 1930 3098; x_wconf 90' lang='lat' dir='ltr'><strong>per</strong></span> <span class='ocrx_word' id='word_1_309' title='bbox 1953 3010 2472 3098; x_wconf 88' lang='lat' dir='ltr'><strong>Epaphroditum</strong></span> <span class='ocrx_word' id='word_1_310' title='bbox 2497 3008 3011 3097; x_wconf 85' lang='lat' dir='ltr'><strong>Philippensibus</strong></span> 
     </span>
     <span class='ocr_line' id='line_1_28' title="bbox 542 3123 3010 3211; baseline -0.001 -23"><span class='ocrx_word' id='word_1_311' title='bbox 542 3126 776 3189; x_wconf 87' lang='lat' dir='ltr'><strong>missae</strong></span> <span class='ocrx_word' id='word_1_312' title='bbox 823 3124 1104 3189; x_wconf 88' lang='lat' dir='ltr'><strong>fuerunt.</strong></span> <span class='ocrx_word' id='word_1_313' title='bbox 1151 3126 1520 3191; x_wconf 87' lang='lat' dir='ltr'><strong>Praemissa</strong></span> <span class='ocrx_word' id='word_1_314' title='bbox 1565 3124 1973 3208; x_wconf 87' lang='lat' dir='ltr'><strong>salutatione,</strong></span> <span class='ocrx_word' id='word_1_315' title='bbox 2037 3123 2502 3211; x_wconf 85' lang='lat' dir='ltr'><strong>declaratoque</strong></span> <span class='ocrx_word' id='word_1_316' title='bbox 2549 3126 3010 3210; x_wconf 87' lang='lat' dir='ltr'><strong>impensissimo</strong></span> 
     </span>
     <span class='ocr_line' id='line_1_29' title="bbox 544 3237 3010 3326; baseline -0.001 -25"><span class='ocrx_word' id='word_1_317' title='bbox 544 3260 660 3302; x_wconf 89' lang='lat' dir='ltr'><strong>suo</strong></span> <span class='ocrx_word' id='word_1_318' title='bbox 696 3262 852 3324; x_wconf 86' lang='lat' dir='ltr'><strong>erga</strong></span> <span class='ocrx_word' id='word_1_319' title='bbox 882 3238 1339 3326; x_wconf 87' lang='lat' dir='ltr'><strong>Philippenses</strong></span> <span class='ocrx_word' id='word_1_320' title='bbox 1364 3262 1586 3304; x_wconf 88' lang='lat' dir='ltr'><strong>amore</strong></span> <span class='ocrx_word' id='word_1_321' title='bbox 1609 3244 1656 3301; x_wconf 87' lang='lat'><strong>¹:</strong></span> <span class='ocrx_word' id='word_1_322' title='bbox 1693 3239 1960 3305; x_wconf 88' lang='lat' dir='ltr'><strong>eosdem</strong></span> <span class='ocrx_word' id='word_1_323' title='bbox 1991 3237 2248 3320; x_wconf 84' lang='lat' dir='ltr'><strong>edocet,</strong></span> <span class='ocrx_word' id='word_1_324' title='bbox 2279 3238 2542 3303; x_wconf 78' lang='lat' dir='ltr'><strong>vincula</strong></span> <span class='ocrx_word' id='word_1_325' title='bbox 2576 3260 2746 3324; x_wconf 89' lang='lat' dir='ltr'><strong>quae</strong></span> <span class='ocrx_word' id='word_1_326' title='bbox 2781 3238 3010 3302; x_wconf 86' lang='lat' dir='ltr'><strong>Romae</strong></span> 
     </span>
     <span class='ocr_line' id='line_1_30' title="bbox 544 3349 3008 3439; baseline 0 -26"><span class='ocrx_word' id='word_1_327' title='bbox 544 3361 805 3435; x_wconf 84' lang='lat' dir='ltr'><strong>gereret</strong></span> <span class='ocrx_word' id='word_1_328' title='bbox 862 3352 1227 3437; x_wconf 89' lang='lat' dir='ltr'><strong>Evangelio</strong></span> <span class='ocrx_word' id='word_1_329' title='bbox 1290 3352 1433 3438; x_wconf 87' lang='lat' dir='ltr'><strong>plus</strong></span> <span class='ocrx_word' id='word_1_330' title='bbox 1493 3351 1828 3439; x_wconf 88' lang='lat' dir='ltr'><strong>prodesse,</strong></span> <span class='ocrx_word' id='word_1_331' title='bbox 1891 3373 2086 3437; x_wconf 89' lang='lat' dir='ltr'><strong>quam</strong></span> <span class='ocrx_word' id='word_1_332' title='bbox 2157 3349 2420 3435; x_wconf 81' lang='lat' dir='ltr'><strong>obesse3</strong></span> <span class='ocrx_word' id='word_1_333' title='bbox 2491 3361 2558 3415; x_wconf 91' lang='lat' dir='ltr'><strong>et</strong></span> <span class='ocrx_word' id='word_1_334' title='bbox 2627 3372 3008 3437; x_wconf 87' lang='lat' dir='ltr'><strong>quamquam</strong></span> 
     </span>
     <span class='ocr_line' id='line_1_31' title="bbox 544 3463 3010 3550; baseline -0.001 -23"><span class='ocrx_word' id='word_1_335' title='bbox 544 3463 665 3527; x_wconf 87' lang='lat' dir='ltr'><strong>sibi</strong></span> <span class='ocrx_word' id='word_1_336' title='bbox 712 3464 996 3550; x_wconf 87' lang='lat' dir='ltr'><strong>optabile</strong></span> <span class='ocrx_word' id='word_1_337' title='bbox 1040 3465 1358 3548; x_wconf 86' lang='lat' dir='ltr'><strong>videatur,</strong></span> <span class='ocrx_word' id='word_1_338' title='bbox 1406 3475 1477 3530; x_wconf 89' lang='lat' dir='ltr'><strong>ut</strong></span> <span class='ocrx_word' id='word_1_339' title='bbox 1520 3464 1859 3530; x_wconf 89' lang='lat' dir='ltr'><strong>moriendo</strong></span> <span class='ocrx_word' id='word_1_340' title='bbox 1893 3487 2049 3529; x_wconf 83' lang='lat' dir='ltr'><strong>mox</strong></span> <span class='ocrx_word' id='word_1_341' title='bbox 2095 3464 2180 3528; x_wconf 88' lang='lat' dir='ltr'><strong>ad</strong></span> <span class='ocrx_word' id='word_1_342' title='bbox 2215 3464 2540 3529; x_wconf 84' lang='lat' dir='ltr'><strong>Christum</strong></span> <span class='ocrx_word' id='word_1_343' title='bbox 2585 3465 2828 3548; x_wconf 84' lang='lat' dir='ltr'><strong>veniat,</strong></span> <span class='ocrx_word' id='word_1_344' title='bbox 2873 3486 3010 3528; x_wconf 89' lang='lat' dir='ltr'><strong>con-</strong></span> 
     </span>
    </p>
   </div>
   <div class='ocr_carea' id='block_1_9' title="bbox 543 3576 3129 3665">
    <p class='ocr_par' dir='ltr' id='par_1_9' title="bbox 543 3576 3129 3665">
     <span class='ocr_line' id='line_1_32' title="bbox 543 3576 3129 3665; baseline -0.002 -24"><span class='ocrx_word' id='word_1_345' title='bbox 543 3576 687 3642; x_wconf 85' lang='lat' dir='ltr'><strong>fidit</strong></span> <span class='ocrx_word' id='word_1_346' title='bbox 750 3586 971 3642; x_wconf 89' lang='lat' dir='ltr'><strong>tamen</strong></span> <span class='ocrx_word' id='word_1_347' title='bbox 1035 3577 1206 3660; x_wconf 89' lang='lat' dir='ltr'><strong>fore,</strong></span> <span class='ocrx_word' id='word_1_348' title='bbox 1277 3588 1347 3642; x_wconf 87' lang='lat' dir='ltr'><strong>ut</strong></span> <span class='ocrx_word' id='word_1_349' title='bbox 1407 3588 1676 3665; x_wconf 88' lang='lat' dir='ltr'><strong>propter</strong></span> <span class='ocrx_word' id='word_1_350' title='bbox 1741 3601 1880 3643; x_wconf 88' lang='lat' dir='ltr'><strong>rem</strong></span> <span class='ocrx_word' id='word_1_351' title='bbox 1951 3576 2366 3642; x_wconf 86' lang='lat' dir='ltr'><strong>christianam</strong></span> <span class='ocrx_word' id='word_1_352' title='bbox 2437 3576 2732 3663; x_wconf 89' lang='lat' dir='ltr'><strong>periculo</strong></span> <span class='ocrx_word' id='word_1_353' title='bbox 2801 3576 3012 3662; x_wconf 87' lang='lat' dir='ltr'><strong>capitis</strong></span> <span class='ocrx_word' id='word_1_354' title='bbox 3122 3620 3129 3625; x_wconf 87' lang='lat'>-</span> 
     </span>
    </p>
   </div>
   <div class='ocr_carea' id='block_1_10' title="bbox 546 3687 3014 4343">
    <p class='ocr_par' dir='ltr' id='par_1_10' title="bbox 546 3687 3014 4343">
     <span class='ocr_line' id='line_1_33' title="bbox 546 3687 3012 3778; baseline -0.001 -25"><span class='ocrx_word' id='word_1_355' title='bbox 546 3691 873 3776; x_wconf 83' lang='lat' dir='ltr'><strong>eripiatur,</strong></span> <span class='ocrx_word' id='word_1_356' title='bbox 934 3692 1299 3778; x_wconf 87' lang='lat' dir='ltr'><strong>iterumque</strong></span> <span class='ocrx_word' id='word_1_357' title='bbox 1368 3690 1892 3778; x_wconf 87' lang='lat' dir='ltr'><strong>Philippensibus</strong></span> <span class='ocrx_word' id='word_1_358' title='bbox 1956 3689 2325 3755; x_wconf 67' lang='lat' dir='ltr'><strong>reddam-2.</strong></span> <span class='ocrx_word' id='word_1_359' title='bbox 2386 3689 2650 3755; x_wconf 89' lang='lat' dir='ltr'><strong>Deinde</strong></span> <span class='ocrx_word' id='word_1_360' title='bbox 2711 3689 2884 3755; x_wconf 82' lang='lat' dir='ltr'><strong>flexa</strong></span> <span class='ocrx_word' id='word_1_361' title='bbox 2937 3687 3012 3751; x_wconf 88' lang='lat' dir='ltr'><strong>ad</strong></span> 
     </span>
     <span class='ocr_line' id='line_1_34' title="bbox 547 3802 3014 3888; baseline -0.001 -21"><span class='ocrx_word' id='word_1_362' title='bbox 547 3802 1061 3867; x_wconf 82' lang='lat' dir='ltr'><strong>cohortationem</strong></span> <span class='ocrx_word' id='word_1_363' title='bbox 1132 3806 1423 3870; x_wconf 86' lang='lat' dir='ltr'><strong>oratione</strong></span> <span class='ocrx_word' id='word_1_364' title='bbox 1481 3804 1714 3879; x_wconf 78' lang='lat' dir='ltr'><strong>verbis</strong></span> <span class='ocrx_word' id='word_1_365' title='bbox 1771 3802 1855 3868; x_wconf 90' lang='lat' dir='ltr'><strong>ad</strong></span> <span class='ocrx_word' id='word_1_366' title='bbox 1915 3803 2313 3869; x_wconf 90' lang='lat' dir='ltr'><strong>movendum</strong></span> <span class='ocrx_word' id='word_1_367' title='bbox 2381 3803 2729 3888; x_wconf 84' lang='lat' dir='ltr'><strong>aptissimis</strong></span> <span class='ocrx_word' id='word_1_368' title='bbox 2789 3812 3014 3882; x_wconf 82' lang='lat' dir='ltr'><strong>monet,</strong></span> 
     </span>
     <span class='ocr_line' id='line_1_35' title="bbox 547 3914 3013 3983; baseline -0 -3"><span class='ocrx_word' id='word_1_369' title='bbox 547 3916 835 3982; x_wconf 84' lang='lat' dir='ltr'><strong>adinstar</strong></span> <span class='ocrx_word' id='word_1_370' title='bbox 881 3919 977 3981; x_wconf 87' lang='lat' dir='ltr'><strong>sui</strong></span> <span class='ocrx_word' id='word_1_371' title='bbox 1025 3917 1278 3983; x_wconf 87' lang='lat' dir='ltr'><strong>fortiter</strong></span> <span class='ocrx_word' id='word_1_372' title='bbox 1322 3920 1389 3982; x_wconf 91' lang='lat' dir='ltr'><strong>in</strong></span> <span class='ocrx_word' id='word_1_373' title='bbox 1432 3918 1561 3983; x_wconf 82' lang='lat' dir='ltr'><strong>fide</strong></span> <span class='ocrx_word' id='word_1_374' title='bbox 1609 3916 1913 3982; x_wconf 88' lang='lat' dir='ltr'><strong>standum</strong></span> <span class='ocrx_word' id='word_1_375' title='bbox 1959 3940 2102 3981; x_wconf 87' lang='lat' dir='ltr'><strong>esse</strong></span> <span class='ocrx_word' id='word_1_376' title='bbox 2118 3920 2160 3979; x_wconf 85' lang='lat'><strong>3.</strong></span> <span class='ocrx_word' id='word_1_377' title='bbox 2208 3916 2377 3981; x_wconf 89' lang='lat' dir='ltr'><strong>Tum</strong></span> <span class='ocrx_word' id='word_1_378' title='bbox 2422 3915 2720 3981; x_wconf 87' lang='lat' dir='ltr'><strong>hortatur</strong></span> <span class='ocrx_word' id='word_1_379' title='bbox 2763 3914 2848 3980; x_wconf 89' lang='lat' dir='ltr'><strong>ad</strong></span> <span class='ocrx_word' id='word_1_380' title='bbox 2878 3938 3013 3979; x_wconf 89' lang='lat' dir='ltr'><strong>con-</strong></span> 
     </span>
     <span class='ocr_line' id='line_1_36' title="bbox 550 4030 3012 4116; baseline -0.001 -22"><span class='ocrx_word' id='word_1_381' title='bbox 550 4030 860 4112; x_wconf 88' lang='lat' dir='ltr'><strong>cordiam,</strong></span> <span class='ocrx_word' id='word_1_382' title='bbox 932 4032 1215 4096; x_wconf 85' lang='lat' dir='ltr'><strong>caritatis</strong></span> <span class='ocrx_word' id='word_1_383' title='bbox 1290 4040 1557 4096; x_wconf 86' lang='lat' dir='ltr'><strong>mutuae</strong></span> <span class='ocrx_word' id='word_1_384' title='bbox 1632 4030 2036 4116; x_wconf 84' lang='lat' dir='ltr'><strong>aliarumque</strong></span> <span class='ocrx_word' id='word_1_385' title='bbox 2111 4031 2418 4094; x_wconf 86' lang='lat' dir='ltr'><strong>virtutum</strong></span> <span class='ocrx_word' id='word_1_386' title='bbox 2487 4039 2764 4093; x_wconf 84' lang='lat' dir='ltr'><strong>matrem</strong></span> <span class='ocrx_word' id='word_1_387' title='bbox 2834 4040 3012 4115; x_wconf 87' lang='lat' dir='ltr'><strong>atque</strong></span> 
     </span>
     <span class='ocr_line' id='line_1_37' title="bbox 549 4141 3008 4229; baseline -0.002 -22"><span class='ocrx_word' id='word_1_388' title='bbox 549 4147 894 4228; x_wconf 82' lang='lat' dir='ltr'><strong>nutricem3</strong></span> <span class='ocrx_word' id='word_1_389' title='bbox 926 4144 1163 4208; x_wconf 90' lang='lat' dir='ltr'><strong>deinde</strong></span> <span class='ocrx_word' id='word_1_390' title='bbox 1199 4145 1387 4229; x_wconf 85' lang='lat' dir='ltr'><strong>erigit</strong></span> <span class='ocrx_word' id='word_1_391' title='bbox 1418 4154 1669 4209; x_wconf 87' lang='lat' dir='ltr'><strong>mentes</strong></span> <span class='ocrx_word' id='word_1_392' title='bbox 1696 4146 1982 4208; x_wconf 88' lang='lat' dir='ltr'><strong>omnium</strong></span> <span class='ocrx_word' id='word_1_393' title='bbox 2008 4142 2094 4207; x_wconf 88' lang='lat' dir='ltr'><strong>ad</strong></span> <span class='ocrx_word' id='word_1_394' title='bbox 2115 4142 2359 4207; x_wconf 88' lang='lat' dir='ltr'><strong>illustre</strong></span> <span class='ocrx_word' id='word_1_395' title='bbox 2387 4142 2765 4228; x_wconf 83' lang='lat' dir='ltr'><strong>exemplum</strong></span> <span class='ocrx_word' id='word_1_396' title='bbox 2791 4141 3008 4207; x_wconf 88' lang='lat' dir='ltr'><strong>Christi</strong></span> 
     </span>
     <span class='ocr_line' id='line_1_38' title="bbox 550 4254 3014 4343; baseline -0.002 -22"><span class='ocrx_word' id='word_1_397' title='bbox 550 4256 729 4339; x_wconf 88' lang='lat' dir='ltr'><strong>Jesu,</strong></span> <span class='ocrx_word' id='word_1_398' title='bbox 778 4257 887 4343; x_wconf 89' lang='lat' dir='ltr'><strong>qui</strong></span> <span class='ocrx_word' id='word_1_399' title='bbox 936 4280 1083 4322; x_wconf 89' lang='lat' dir='ltr'><strong>cum</strong></span> <span class='ocrx_word' id='word_1_400' title='bbox 1128 4258 1196 4322; x_wconf 90' lang='lat' dir='ltr'><strong>in</strong></span> <span class='ocrx_word' id='word_1_401' title='bbox 1242 4257 1455 4322; x_wconf 88' lang='lat' dir='ltr'><strong>forma</strong></span> <span class='ocrx_word' id='word_1_402' title='bbox 1498 4258 1629 4322; x_wconf 88' lang='lat' dir='ltr'><strong>Dei</strong></span> <span class='ocrx_word' id='word_1_403' title='bbox 1677 4269 1868 4340; x_wconf 88' lang='lat' dir='ltr'><strong>esset,</strong></span> <span class='ocrx_word' id='word_1_404' title='bbox 1916 4258 2014 4322; x_wconf 89' lang='lat' dir='ltr'><strong>sui</strong></span> <span class='ocrx_word' id='word_1_405' title='bbox 2057 4256 2258 4322; x_wconf 86' lang='lat' dir='ltr'><strong>veluti</strong></span> <span class='ocrx_word' id='word_1_406' title='bbox 2305 4254 2562 4339; x_wconf 88' lang='lat' dir='ltr'><strong>oblitus,</strong></span> <span class='ocrx_word' id='word_1_407' title='bbox 2611 4258 3014 4343; x_wconf 87' lang='lat' dir='ltr'><strong>semetipsum</strong></span> 
     </span>
    </p>
   </div>
   <div class='ocr_carea' id='block_1_11' title="bbox 550 4417 962 4428">
    <p class='ocr_par' dir='ltr' id='par_1_11' title="bbox 550 4417 962 4428">
     <span class='ocr_line' id='line_1_39' title="bbox 550 4417 962 4428; baseline 0 831"><span class='ocrx_word' id='word_1_408' title='bbox 550 4417 962 4428; x_wconf 95' lang='lat' dir='ltr'><strong> </strong></span> 
     </span>
    </p>
   </div>
   <div class='ocr_carea' id='block_1_12' title="bbox 763 4496 1984 4562">
    <p class='ocr_par' dir='ltr' id='par_1_12' title="bbox 763 4496 1984 4562">
     <span class='ocr_line' id='line_1_40' title="bbox 763 4496 1984 4562; baseline 0.001 -18"><span class='ocrx_word' id='word_1_409' title='bbox 763 4496 800 4559; x_wconf 83' lang='lat'><strong>¹)</strong></span> <span class='ocrx_word' id='word_1_410' title='bbox 844 4498 1103 4557; x_wconf 89' lang='lat'><strong>1,1-11.</strong></span> <span class='ocrx_word' id='word_1_411' title='bbox 1166 4496 1207 4561; x_wconf 75' lang='grc'><strong>2)</strong></span> <span class='ocrx_word' id='word_1_412' title='bbox 1250 4497 1545 4559; x_wconf 79' lang='lat'><strong>1,12—26.</strong></span> <span class='ocrx_word' id='word_1_413' title='bbox 1608 4496 1648 4562; x_wconf 80' lang='lat'><strong>³)</strong></span> <span class='ocrx_word' id='word_1_414' title='bbox 1693 4499 1737 4559; x_wconf 87' lang='lat'><strong>1,</strong></span> <span class='ocrx_word' id='word_1_415' title='bbox 1765 4497 1984 4547; x_wconf 78' lang='lat'><strong>27-30.</strong></span> 
     </span>
    </p>
   </div>
   <div class='ocr_carea' id='block_1_13' title="bbox 3194 84 3200 4133">
    <p class='ocr_par' dir='ltr' id='par_1_13' title="bbox 3194 84 3200 4133">
     <span class='ocr_line' id='line_1_41' title="bbox 3194 84 3200 4133; baseline 0 0"><span class='ocrx_word' id='word_1_416' title='bbox 3194 84 3200 4133; x_wconf 95' lang='lat' dir='ltr'><strong> </strong></span> 
     </span>
    </p>
   </div>
  </div>
 </body>
</html>
