3267 5259
1017 1487 1989 1606 ΠΡΟΘΕΩΡΙΑ

1480 1700 1548 1750 ΙΝ

627 1823 1093 1900 HISTORIAM
1141 1823 1747 1901 REVELATIONIS
1792 1826 2154 1901 DIVINAE
2198 1826 2257 1901 N
2259 1825 2399 1901 OVI

1235 1981 1779 2058 TESTAMENTI.

255 2273 700 2338 Annotatio
746 2273 1233 2358 praeposita,
1283 2295 1429 2359 qua
1474 2271 1564 2336 de
1593 2272 2000 2338 Historiae
2033 2273 2234 2338 Novi
2266 2272 2749 2338 Testamenti

640 2385 977 2468 obiecto,
1023 2387 1334 2450 ratione
1382 2396 1458 2451 et
1501 2385 1869 2472 partibus
1916 2385 2384 2473 disputatur.

485 2579 534 2640 1.
598 2577 833 2640 Ewum
877 2599 1032 2662 quae
1073 2576 1400 2640 narranda
1443 2587 1588 2640 sunt
1618 2578 1980 2662 propositio·
2056 2575 2162 2642 Ab
2211 2575 2481 2641 exordio
2528 2576 2752 2641 mundi

263 2691 595 2772 homines,
659 2711 822 2774 quos
883 2689 1102 2776 lapsus
1154 2689 1344 2754 Adae
1404 2711 1552 2753 reos
1619 2688 1898 2770 fecerat,
1962 2691 2233 2753 miseriis
2301 2689 2567 2755 obnoxii
2628 2689 2753 2754 hac

263 2826 406 2866 una
473 2825 587 2888 spe
661 2801 1158 2884 recreabantur,
1237 2824 1432 2887 quam
1500 2803 1788 2866 maxima
1851 2800 2157 2866 bonitatis
2225 2825 2379 2867 suae
2454 2802 2751 2888 largitate

271 2915 463 2980 Deus
496 2912 799 2979 dederat:
839 2914 1126 2978 futurum
1159 2913 1390 3001 culpae
1423 2915 1911 3001 Reparatorem.
1958 2913 2373 2979 Multifariam
2407 2914 2750 3001 multisque

269 3027 488 3092 modis
533 3027 919 3112 significavit
961 3027 1174 3110 Deus,
1232 3049 1398 3113 quae
1445 3026 1794 3113 aliquando
1844 3037 1984 3092 erat
2028 3027 2350 3093 facturus:
2398 3031 2750 3114 promissis,

269 3141 501 3226 figuris
558 3150 624 3204 et
665 3141 837 3226 typis
885 3142 1206 3226 expressit
1260 3162 1453 3226 opus
1515 3140 2116 3205 Redemtionis¹.
2192 3141 2332 3206 Nec
2391 3143 2579 3205 unius
2642 3151 2753 3206 aut

271 3253 541 3317 alterius
572 3253 940 3339 Prophetae
973 3275 1272 3318 sermone
1306 3254 1728 3336 annuntiavit,
1763 3276 1929 3340 quae
1960 3255 2321 3318 novissimis
2351 3252 2753 3340 temporibus

271 3367 498 3430 futura
544 3377 762 3449 erant3
818 3365 933 3430 sed
982 3369 1156 3431 omni
1202 3368 1413 3431 avito
1461 3367 1824 3431 instituto
1872 3367 2131 3431 Veteris
2175 3365 2521 3448 Foederis,
2569 3367 2752 3451 quasi

273 3479 585 3543 vaticinio
631 3479 710 3542 in
757 3479 1166 3565 operibus
1211 3482 1514 3566 posito.
1577 3479 1875 3545 Tandem
1913 3480 2179 3545 advenit
2218 3478 2549 3566 plenitudo
2594 3489 2753 3543 tem-

271 3593 474 3678 poris,
509 3614 639 3678 qua
660 3591 845 3656 Deus
875 3594 1126 3656 mittere
1159 3592 1450 3658 decrevit
1481 3615 1566 3658 ex
1596 3616 1663 3657 se
1696 3595 2005 3678 genitum,
2038 3614 2326 3678 suaeque
2358 3592 2753 3657 substantiae

273 3705 534 3788 Filium,
570 3706 924 3770 candorem
953 3705 1114 3770 lucis
1146 3716 1451 3771 aeternae
1471 3707 1526 3790 2;
1572 3706 1793 3771 lumen
1821 3729 2051 3770 verum
2083 3705 2163 3770 de
2194 3705 2433 3769 lumine
2456 3708 2505 3788 ³3
2553 3703 2755 3768 solem

271 3821 556 3884 iustitiae
579 3823 622 3882 ⁴.
699 3817 899 3883 Cuius
958 3841 1106 3884 cum
1151 3821 1280 3883 iam
1342 3818 1817 3905 crepusculum,
1878 3818 2229 3883 abundanti
2292 3817 2540 3882 calamo
2604 3815 2755 3880 licet

271 3930 588 4018 impolito,
619 3933 686 3995 in
715 3931 1005 3996 Historia
1027 3931 1463 3996 Revelationis
1494 3931 1775 3996 Divinae
1800 3932 2057 3996 Veteris
2081 3930 2481 3996 Testamenti
2513 3929 2752 3994 descri-

275 4047 634 4132 pserimus3
698 4042 874 4131 quod
935 4045 1255 4131 reliquum
1301 4056 1397 4109 est
1455 4047 1669 4130 ipsum
1733 4046 2055 4136 orientemx
2099 4043 2349 4110 solem⁵
2417 4064 2623 4129 usque
2671 4040 2758 4105 ad

279 4160 730 4223 ascensionem
783 4166 1184 4242 spectemus3
1237 4159 1276 4221 i.
1319 4179 1376 4222 e.
1425 4156 1622 4222 Novi
1675 4167 1977 4244 respectu
2030 4159 2216 4242 primi
2268 4165 2334 4220 et
2375 4155 2757 4237 Veterisss,

279 4270 685 4336 Testamenti
728 4292 884 4334 vere
931 4270 1213 4335 coeleste
1261 4269 1603 4335 exordium
1651 4281 1715 4335 et
1760 4291 2019 4334 cursum
2076 4267 2278 4334 oculis
2324 4267 2756 4332 subiiciamus.

282 4384 386 4449 Ab
433 4385 575 4469 ipso
623 4384 819 4468 igitur
865 4382 1099 4448 Christi
1140 4382 1551 4448 Redemtoris
1595 4382 1815 4448 Nostri
1861 4383 2146 4447 adventu
2192 4392 2401 4446 sumto
2449 4383 2759 4445 narratio-

493 4631 532 4694 ¹)
571 4630 737 4681 Hebr.
765 4634 811 4693 1,
841 4633 885 4680 1.
912 4646 953 4681 s.
1015 4630 1057 4696 ²)
1097 4630 1220 4697 Sap.
1249 4631 1296 4694 7,
1323 4631 1406 4680 26.
1468 4630 1510 4695 ²)
1548 4629 1744 4680 Joann.
1772 4632 1819 4692 1,
1850 4631 1895 4680 7.
1922 4631 1971 4680 8.
2032 4629 2074 4696 ⁴)
2110 4628 2235 4679 Mal.
2260 4629 2310 4692 4,
2336 4631 2385 4678 2.
2434 4629 2565 4677 Luc.
2595 4631 2641 4689 1,
2678 4629 2758 4676 78.

285 4718 326 4784 ⁵)
365 4719 530 4784 Apoc.
561 4721 605 4782 1,
636 4720 715 4768 16.
789 4717 828 4784 Β)
867 4718 938 4768 Π.
965 4717 1087 4768 Cor.
1114 4719 1162 4780 3,
1200 4719 1279 4768 14.
1328 4717 1494 4767 Hebr.
1521 4717 1569 4780 8,
1598 4719 1680 4768 13.

387 4811 600 4860 Danko.
627 4809 744 4852 mat.
775 4810 1073 4853 Revolttionis
1100 4809 1287 4852 divinae.
1319 4809 1376 4852 11.
2128 4834 2138 4842 ·
2421 4815 2457 4850 a
