3267 5259
526 407 700 458 XLIV
1351 422 1596 474 Apparatus
1623 420 1841 464 nistorico
1859 445 1908 452 -—
1928 422 2177 464 Chronicus.

735 607 833 661 32.
879 605 1191 675 Fapeditur
1221 605 1468 676 quaestio
1501 605 1567 658 de
1597 610 1831 676 tempore
1860 603 2183 659 Dominicae
2212 605 2679 660 Praedicationis.
2728 601 3025 660 Omnium

525 707 956 785 simplicissima
1005 709 1160 766 ratio
1209 712 1315 779 est,
1369 710 1419 765 si
1459 726 1534 765 ex
1583 707 1729 783 ipsis
1758 706 2212 765 circumstantiis
2262 707 2648 804 histolriarum
2698 706 3023 781 Evangelii

526 813 946 887 investigetur:
989 831 1137 892 qnae
1177 808 1474 869 ἀκολουθία
1503 831 1702 870 rerum
1744 812 1818 869 ad
1848 813 2161 870 veritatem
2202 831 2381 889 quam
2424 811 2697 887 proxime
2742 813 3025 870 accedere

525 919 817 976 videatur.
848 917 1088 976 Certum
1120 919 1306 990 igitur
1327 919 1430 989 est,
1465 920 1593 992 post
1623 917 1979 992 baptismum
2008 935 2117 992 per
2144 917 2535 993 quadraginta
2562 916 2687 974 dies
2712 915 3025 974 Christum

525 1125 892 1176 recentissima
913 1124 1016 1175 hoc
1042 1124 1108 1174 de
1133 1124 1252 1174 loco
1291 1124 1470 1189 opinio
1498 1123 1795 1187 Wieseleri,
1835 1121 2029 1174 Chron.
2056 1121 2283 1190 Synops.
2320 1140 2373 1189 p.
2402 1125 2517 1174 196.
2544 1139 2586 1174 s.
2624 1137 2861 1190 quocum
2892 1123 3027 1174 facit

527 1211 585 1263 C.
611 1211 979 1274 Tischendorf,
1019 1210 1145 1276 Syn.
1171 1227 1253 1260 ev,
1288 1227 1340 1275 p.
1367 1208 1506 1259 XVI.
1533 1226 1576 1260 s.
1623 1210 1699 1259 Hi
1736 1209 1999 1260 duumviri
2037 1211 2323 1276 opinantur
2359 1227 2405 1260 c.
2440 1209 2475 1260 1.
2500 1227 2543 1262 s.
2569 1210 2755 1262 Lucae
2789 1211 3025 1262 indicari

525 1314 784 1362 annum,
831 1314 953 1364 quo
991 1298 1286 1348 Joannes
1322 1297 1635 1363 Baptista
1681 1297 1915 1348 missus
1953 1299 2041 1346 sit
2085 1298 2150 1346 in
2188 1313 2545 1364 carcerem3
2601 1300 2801 1364 quippe
2840 1313 2876 1348 a
2912 1313 3023 1365 quo

526 1391 764 1451 tempore
803 1401 870 1436 ea
903 1384 1152 1450 publicae
1188 1384 1325 1434 Jesu
1361 1385 1501 1434 vitae
1550 1399 1674 1450 pars
1711 1385 1999 1450 inceperit,
2050 1399 2207 1450 quam
2244 1385 2355 1435 fere
2393 1385 2563 1435 solam
2600 1390 2653 1434 et
2700 1402 2741 1436 s.
2768 1402 2811 1435 s.
2837 1384 3023 1436 Lucas

526 1477 579 1522 et
613 1472 913 1522 Matthaeus
960 1487 1079 1520 cum
1115 1471 1296 1521 Marco
1339 1470 1651 1536 Evangeliis
1699 1472 1809 1522 suis
1854 1471 2200 1521 tradiderunt.
2261 1471 2373 1536 Age
2422 1472 2701 1522 videamus
2750 1472 3021 1538 quaedam

524 1565 835 1626 argumenta
859 1561 985 1610 novi
1010 1560 1463 1625 interpretamenti
1487 1587 1542 1596 --
1569 1574 1747 1625 neque
1773 1560 1913 1609 enim
1936 1564 2097 1608 vacat
2121 1559 2301 1609 omnia
2322 1561 2575 1625 prosequi
2596 1587 2665 1596 ——
2690 1565 2747 1609 et
2782 1557 3025 1610 sufficiet

524 1654 583 1698 ut
633 1648 974 1699 ostendamus
1021 1647 1156 1697 illud
1204 1649 1420 1696 omnino
1471 1648 1526 1694 in
1561 1647 1867 1712 praecipuis
1917 1648 2029 1696 suis
2078 1647 2319 1712 partibus
2366 1646 2637 1697 vacillare.
2697 1646 3028 1714 Supponunt

523 1736 747 1800 primum
775 1751 956 1786 eorum
985 1750 1122 1800 quae
1160 1734 1292 1784 Luc.
1319 1737 1367 1794 3,
1399 1735 1583 1784 1—20.
1611 1733 1859 1798 leguntur
1883 1738 2047 1800 caput
2074 1749 2191 1790 esse
2216 1733 2365 1796 illud,
2396 1733 2539 1799 quod
2566 1735 2814 1784 extremis
2841 1735 3022 1784 verbis

522 1822 773 1872 traditur:
813 1819 1086 1872 κατέκλεισε
1120 1815 1202 1871 τὸν
1240 1817 1468 1884 Ἰωάννην
1506 1817 1554 1870 ἐν
1590 1821 1649 1891 τῇ
1688 1818 1909 1889 <pulsum
1945 1821 2164 1871 inclusit
2188 1851 2247 1858 —-
2279 1837 2352 1870 sc.
2386 1821 2629 1871 Herodes
2656 1849 2721 1856 —
2748 1821 3021 1871 Joannem

521 1911 579 1960 in
615 1923 845 1959 carcere.
885 1909 937 1960 S.
963 1909 1183 1970 Lucam,
1221 1909 1534 1958 continuant
1564 1907 1743 1971 iidem,
1780 1913 1842 1957 ut
1866 1915 2221 1975 praepararet,
2261 1907 2404 1973 quod
2444 1906 2526 1957 vel
2554 1910 2783 1958 maxime
2820 1908 3021 1958 referre

522 1997 712 2047 vellet:
776 1996 1043 2047 Joanuem
1091 1998 1158 2046 ab
1207 1995 1423 2046 Herode
1470 2001 1684 2060 captum
1722 2011 1866 2059 esse3
1914 2011 1979 2046 ea
2014 1998 2347 2062 potissimum
2385 2011 2415 2044 e
2451 1995 2686 2046 fontibus
2730 1997 2842 2046 suis
2887 1995 3017 2046 hau·

523 2085 673 2146 sisse,
723 2099 862 2149 quae
903 2090 1070 2134 totam
1109 2085 1222 2134 eius
1261 2083 1452 2149 agendi
1489 2089 1543 2133 et
1579 2083 1806 2133 docendi
1851 2083 2113 2134 rationem
2149 2085 2345 2148 optime
2381 2083 2687 2148 pingerent,
2736 2088 2791 2132 et
2827 2083 2876 2133 si
2912 2099 3019 2134 nou

522 2172 680 2222 unice
705 2170 774 2221 ad
798 2169 1042 2221 ultimum
1067 2171 1481 2236 praedicationis
1519 2177 1727 2236 tempus
1764 2171 2097 2236 spectabant.
2156 2169 2377 2220 Accedit
2402 2169 2545 2235 quod
2576 2169 2717 2220 idem
2755 2169 2807 2219 d.
2834 2170 3015 2221 Lucas

520 2258 636 2308 Act.
679 2260 768 2321 13,
806 2259 890 2308 25.
935 2257 1164 2308 eundem
1208 2256 1501 2318 Joannem,
1554 2273 1676 2307 cum
1713 2257 1955 2322 impleret
2002 2273 2213 2322 cursum
2250 2272 2403 2307 suum
2440 2258 2497 2306 in
2532 2256 2747 2306 modum
2786 2256 3015 2308 similem

522 2351 683 2410 atque
728 2345 830 2395 Ev.
873 2347 922 2409 3,
969 2346 1049 2395 16.
1101 2343 1336 2394 locutum
1391 2345 1534 2394 facit.
1608 2344 1855 2410 Denique
1903 2350 1962 2394 ut
2007 2344 2429 2394 demonstrarent
2480 2359 2631 2394 suam
2680 2346 3016 2408 sententiam,

522 2430 812 2481 affirmant:
868 2431 1211 2483 consuevisse
1258 2449 1299 2481 s.
1334 2432 1538 2482 Lucam
1589 2447 1622 2480 a
1668 2430 1817 2480 finita
1870 2431 2097 2480 Joannis
2152 2430 2551 2496 praedicatione
2600 2432 2767 2497 ipsius
2824 2430 3017 2482 Christi

523 2519 756 2569 divinum
801 2519 1146 2569 ministerium
1191 2511 1248 2567 τὸ
1297 2516 1526 2586 κήρυγμα
1561 2514 1722 2582 Ἰησοῦ
1760 2516 1845 2586 Χρ.
1894 2524 2163 2584 repetere,
2212 2517 2431 2568 laudato
2480 2518 2599 2567 loco
2635 2517 2751 2568 Aet.
2793 2519 2879 2582 10,
2916 2521 3018 2581 37.,

522 2620 752 2671 quocum
797 2607 1126 2672 coniungunt
1163 2608 1209 2668 1,
1248 2607 1331 2655 22.
1379 2607 1470 2667 13,
1509 2607 1592 2655 24.
1668 2606 1851 2656 Vanas
1900 2611 1955 2654 et
2000 2604 2176 2655 futiles
2224 2620 2342 2655 esse
2386 2603 2485 2655 has
2532 2620 2719 2656 omnes
2761 2607 3017 2666 rationes,

519 2693 710 2758 liquet3
747 2695 794 2744 si
829 2693 1068 2758 quidem:
1106 2707 1154 2743 a.
1193 2697 1432 2758 apertum
1470 2697 1567 2754 est,
1605 2690 1739 2742 haec
1774 2707 1873 2742 suo
1898 2692 2017 2742 loco
2044 2707 2151 2742 non
2178 2693 2415 2742 enarrari
2440 2707 2477 2742 a
2500 2691 2554 2742 S.
2574 2692 2744 2743 Luca.
2772 2693 3017 2744 ,Etenim

519 2781 683 2830 vitam
708 2795 916 2830 omnem
953 2797 994 2830 s.
1015 2780 1050 2831 J
1055 2781 1242 2830 oannis
1269 2780 1329 2830 Β.
1356 2787 1412 2830 et
1445 2780 1673 2844 sing-ula,
1712 2795 1851 2845 quae
1876 2779 2189 2830 acciderunt
2212 2780 2277 2842 ei,
2316 2795 2424 2830 non
2450 2777 2535 2828 hic
2560 2781 2814 2846 proponit
2836 2779 3017 2830 Evan-

521 2866 738 2932 gelista3
785 2867 880 2918 sed
926 2866 1170 2932 desig-nat
1218 2882 1338 2916 eum
1373 2882 1456 2929 re,
1504 2881 1645 2932 quae
1690 2866 1815 2916 huic
1856 2865 1977 2916 loco
2016 2865 2192 2917 affinis
2230 2871 2359 2916 erat.
2420 2866 2632 2916 Placuit
2660 2866 2741 2916 illi
2776 2866 3020 2918 indicare

520 2954 678 3018 hunc,
718 2955 808 3020 qui
844 2955 922 3004 sic
957 2953 1270 3005 hortabatur
1305 2953 1578 3020 populum,
1617 2959 1671 3004 et
1706 2954 1949 3003 nuntium
1988 2953 2245 3004 afferebat
2286 2954 2558 3019 proximae
2594 2953 2800 3016 salutis,
2840 2956 3017 3020 ipsum

521 3057 666 3102 esse,
713 3041 804 3106 qui
842 3045 896 3090 et
938 3047 1129 3106 postea
1173 3039 1444 3091 Herodem
1487 3041 1808 3092 tetrarcham
1856 3039 2038 3091 eadem
2087 3039 2357 3102 libertate,
2407 3054 2515 3106 qua
2558 3047 2687 3090 tunc
2732 3041 3023 3107 baptizans

519 3129 784 3189 utebatur,
831 3127 996 3178 libere
1045 3130 1221 3192 arguit
1267 3129 1570 3194 nuptiarum
1615 3128 1921 3200 illicitarum
1970 3142 2091 3176 cum
2141 3126 2449 3178 Herodiade
2497 3143 2662 3178 uxore
2698 3125 2879 3178 fratris
2916 3130 3024 3180 sui.

519 3215 677 3265 Unde
724 3221 778 3264 et
809 3215 1030 3265 incurrit
1071 3217 1128 3264 in
1175 3215 1354 3266 odium
1399 3215 1614 3267 illorum
1664 3220 1718 3266 et
1760 3230 1975 3265 carcere
2012 3214 2297 3266 conclusus
2335 3215 2453 3265 fuit.
2511 3217 2563 3264 b.
2598 3215 2767 3265 Extra
2802 3221 3021 3268 contro·

519 3304 746 3353 versiam
783 3307 865 3354 est
897 3302 1094 3353 Joann.
1133 3305 1182 3364 3,
1223 3305 1269 3352 1.
1307 3319 1348 3352 s.
1397 3303 1518 3354 coll.
1558 3305 1606 3366 2,
1648 3305 1887 3365 11-13.,
1926 3302 2130 3353 doceri:
2167 3302 2356 3352 Jesum
2394 3301 2661 3352 Christum
2698 3302 3022 3367 praedicare

521 3397 574 3440 et
607 3389 866 3440 miracula
911 3389 1088 3440 faeere
1137 3391 1345 3456 cepisse
1393 3395 1518 3440 ante
1552 3389 1685 3440 illud
1719 3396 1946 3456 tempus,
1996 3405 2101 3455 quo
2136 3389 2379 3440 Joannes
2414 3389 2478 3438 B.
2516 3389 2710 3440 missus
2746 3389 2925 3440 fuerat
2958 3392 3019 3441 in

520 3491 786 3527 carcerem
833 3477 903 3528 ab
940 3477 1171 3527 Herode.
1233 3475 1544 3527 Collocutus
1593 3491 1713 3526 cum
1758 3477 2049 3526 Nicodemo
2087 3491 2187 3526 sua
2234 3475 2478 3526 doctrina
2512 3475 2769 3541 plurimos
2804 3479 3019 3529 imbuit.

520 3565 624 3616 Tot
659 3564 906 3631 discipuli
943 3565 1012 3615 ad
1051 3580 1170 3614 eum
1209 3565 1484 3630 agg-regati
1521 3568 1691 3626 erant,
1738 3569 1799 3615 ut
1834 3568 2291 3614 commoverentur
2318 3563 2613 3624 Pharisaei,
2652 3563 2797 3629 quod
2834 3562 3021 3630 plures

521 3651 812 3718 discipulos
859 3651 1082 3702 haberet
1123 3665 1282 3717 quam
1330 3648 1572 3701 Joannes
1622 3650 1685 3700 B.
1722 3649 1919 3700 Joann.
1958 3651 2017 3712 3,
2054 3651 2139 3700 26.
2210 3649 2441 3716 Liquido
2486 3655 2665 3700 autem
2710 3650 3019 3716 explicandi

519 3739 712 3790 rationi
757 3738 1096 3804 supradictae
1140 3737 1452 3788 adversatur
1508 3753 1552 3787 s.
1599 3735 1781 3786 Lucas
1826 3752 1872 3788 c.
1922 3738 1977 3786 in
2014 3737 2163 3788 Acn’s
2198 3737 2385 3802 Apost.
2426 3739 2507 3800 10,
2546 3739 2630 3787 37.
2680 3736 2801 3790 coll.
2843 3741 2891 3800 1,
2930 3741 3019 3790 21.

519 3841 769 3876 narrans:
808 3827 985 3878 statim
1022 3840 1057 3875 a
1089 3825 1354 3890 baptismo
1378 3825 1665 3875 Dominum
1701 3823 2061 3890 praedicasse,
2100 3830 2153 3874 et
2182 3829 2426 3890 patrasse
2462 3823 2693 3890 plurima
2726 3823 3017 3888 miracula3

520 3914 712 3979 quibus
731 3912 1032 3964 interfuisse
1052 3913 1333 3978 oportebat
1349 3911 1464 3974 hos,
1491 3926 1715 3977 quorum
1734 3927 1764 3962 e
1783 3926 2001 3962 numero
2022 3911 2249 3962 decebat
2264 3910 2577 3976 Apostolum
2604 3909 2837 3977 aliquem
2856 3926 3013 3963 assu-

519 4016 679 4052 mere.
726 4001 792 4050 V.
816 4001 884 4050 H.
910 3999 974 4050 R.
999 4000 1068 4050 D.
1092 3999 1158 4050 N.
1183 4000 1246 4049 Τ.
1276 4016 1328 4065 p.
1355 4001 1474 4048 317.
1523 3999 1645 4049 Non
1682 4013 1807 4064 ergo
1840 3997 1989 4050 siluit
2010 3999 2273 4050 Dominus
2299 4012 2333 4048 a
2356 3999 2623 4064 baptismo
2648 3998 2717 4048 ad
2742 4013 3019 4050 carcerem

519 4088 901 4139 Herodianum.
960 4087 1148 4138 Restat
1183 4086 1234 4136 d.
1269 4091 1334 4136 ut
1373 4086 1735 4152 expendamus
1778 4099 1851 4137 an
1886 4102 1929 4136 s.
1954 4101 1997 4136 s.
2022 4085 2323 4136 Matthaeus
2359 4086 2410 4148 4,
2451 4087 2671 4136 12—17.
2710 4090 2765 4135 et
2796 4085 3016 4138 Marcus

523 4177 568 4237 1,
597 4177 678 4224 14.
716 4173 1020 4225 aden-nante
1057 4188 1166 4223 non
1191 4177 1434 4238 coeptam
1461 4187 1494 4224 a
1515 4173 1749 4224 Domino
1774 4173 2244 4224 annunciationem
2268 4171 2571 4238 Evangelii,
2596 4173 2701 4224 nisi
2726 4179 3015 4239 postquam

520 4262 624 4312 iam
660 4261 884 4312 traditus
921 4266 1036 4310 erat
1069 4259 1106 4310 J
1108 4252 1348 4310 oannes‘?
1411 4261 1534 4311 Non
1579 4259 1717 4310 alter
1764 4259 1915 4310 locus
1962 4265 2059 4322 est,
2108 4275 2265 4326 quem
2312 4260 2407 4326 qui
2451 4263 2643 4310 texunt
2686 4259 3015 4312 Harmonia

520 4348 858 4413 evangelicas
894 4347 1294 4412 diligentissime
1333 4354 1582 4398 excutere
1629 4347 1843 4398 debent.
1870 4375 1936 4384 -—
1964 4347 2121 4408 Quod
2164 4351 2400 4398 attamen
2447 4347 2625 4397 faeere
2660 4346 3017 4412 neglexerunt

519 4434 582 4484 B.
608 4432 786 4496 Gams,
810 4435 866 4484 in
891 4433 926 4484 1.
952 4434 1194 4484 Joannes
1232 4434 1326 4484 der
1359 4435 1562 4486 Tfiufer
1593 4435 1667 4484 im
1705 4433 2078 4500 Geffingnisse.
2114 4433 2252 4484 Tfib.
2278 4434 2431 4484 1863.
2478 4434 2541 4484 Ρ.
2566 4432 2793 4499 Schegg,
2830 4435 3013 4484 Evan-

521 4520 716 4586 gelium
753 4520 892 4570 nach
927 4519 1202 4571 Matthiius
1238 4521 1328 4572 ub.
1352 4537 1406 4572 ιι.
1437 4521 1570 4572 erkl.
1605 4520 1821 4571 Mflnch.
1852 4522 2001 4572 1856.
2039 4519 2082 4582 1,
2111 4523 2229 4571 116.
2255 4538 2344 4585 -3
2384 4521 2513 4586 quia
2547 4521 2616 4571 ab
2652 4519 2757 4571 hoc
2794 4521 3011 4571 exordio

518 4607 716 4676 pendet
760 4607 1058 4660 distributio
1097 4621 1357 4661 annorum
1391 4607 1671 4661 ministerii
1707 4606 1919 4671 Christi,
1966 4607 2037 4659 de
2074 4621 2183 4680 qua
2214 4623 2337 4660 mox
2374 4623 2427 4660 n.
2464 4609 2547 4658 33.
2585 4623 2638 4681 p.
2674 4624 2718 4659 s.
2756 4607 3010 4666 dicemus,
