3267 5259
983 458 1128 507 Ortus,
1159 458 1350 501 infantia
1377 461 1426 501 et
1451 460 1658 501 iuventus
1684 460 1861 502 Christi.
2589 450 2667 513 17

192 634 282 683 sibi
325 634 549 697 inerant,
593 633 1083 685 manifestationem
1133 664 1197 672 —
1239 632 1326 699 τήν
1369 631 1566 703 ἔκφασιν
1590 663 1660 671 -
1696 634 2131 687 admetiebatur.“
2176 636 2259 685 ed.
2302 636 2480 701 Migne
2521 638 2667 700 Vm,

175 724 297 773 254.
341 721 588 786 Denique
623 720 732 771 huc
763 720 898 770 illud
932 719 986 771 S.
1009 721 1294 785 Bernardi,
1330 736 1490 788 super
1515 723 1709 771 missus
1736 728 1841 785 est,
1866 722 2005 773 hom.
2041 722 2109 785 11,
2139 726 2219 773 10.
2243 739 2297 788 p.
2322 725 2405 773 43.
2432 730 2667 789 spectat:

193 808 346 862 ..Nam
386 807 528 872 quod
554 807 623 857 de
659 807 928 873 sapientia
961 813 1014 857 et
1045 809 1218 873 gratia
1251 808 1336 857 hic
1375 808 1572 857 dictum
1617 810 1725 872 est,
1760 825 1867 859 non
1901 809 2190 859 secundum
2225 810 2369 875 quod
2404 815 2540 873 erat,
2575 811 2669 860 sed

189 894 464 943 secundum
497 893 647 960 quod
673 895 986 960 apparebat,
1013 894 1414 960 intelligendum
1451 901 1554 959 est3
1588 910 1699 945 non
1733 897 1860 961 quia
1892 895 2144 945 videlicet
2171 896 2372 961 aliquid
2398 898 2447 945 ei
2472 912 2669 946 novum

189 980 450 1043 accideret,
475 980 624 1045 quod
644 988 772 1031 ante
795 996 904 1031 non
927 981 1165 1043 haberet,
1185 982 1280 1031 sed
1307 981 1452 1048 quod
1477 981 1721 1031 accidere
1742 982 2029 1045 videretur,
2056 982 2271 1048 quando
2296 983 2517 1033 volebat
2552 984 2669 1049 ipse

193 1074 244 1115 ut
259 1067 565 1117 rideretur!
589 1068 794 1119 Plenus
813 1074 930 1119 erat
945 1066 1210 1133 sapientia
1227 1074 1282 1117 et
1297 1067 1473 1134 gratia
1489 1070 1525 1118 J
1527 1084 1653 1120 esus
1673 1084 1705 1118 a
1724 1069 1893 1135 primo
1918 1070 2003 1119 sui
2022 1075 2313 1135 conceptus
2334 1071 2571 1132 instanti,
2592 1071 2670 1119 ita

191 1159 246 1203 nt
259 1153 382 1203 nihil
406 1155 456 1203 ei
473 1154 740 1205 accedere
759 1160 956 1220 posset.
981 1155 1168 1222 Neque
1187 1156 1361 1205 minus
1387 1154 1877 1221 habuitconceptus
1896 1171 2055 1220 quam
2080 1162 2254 1219 natus,
2279 1170 2479 1221 parvus
2507 1172 2667 1221 quam

195 1256 422 1305 magnus3
447 1248 508 1291 ut
531 1242 806 1291 uberrime
830 1240 1014 1291 docuit
1037 1241 1088 1291 d.
1113 1241 1420 1293 Bernartius
1445 1242 1482 1291 l.
1509 1258 1551 1293 s.
1579 1258 1623 1291 c.
1660 1243 1895 1292 Externe
1918 1248 2098 1292 tamen
2125 1258 2363 1293 crescere
2388 1242 2672 1293 videbatur

195 1325 416 1377 Christus
449 1327 610 1378 homo
651 1330 918 1394 sapientia
950 1334 1003 1379 et
1035 1329 1257 1392 virtute,
1295 1328 1441 1395 quod
1473 1344 1570 1395 pro
1603 1334 1781 1379 aetate
1817 1328 2057 1391 medule,
2084 1330 2228 1380 illius
2272 1336 2585 1395 argumenta
2618 1334 2672 1379 et

197 1414 376 1463 indicia
413 1416 692 1481 praebuit3
735 1430 909 1481 neque
952 1414 1126 1481 qualis
1168 1422 1375 1467 mature
1418 1417 1526 1470 iam
1567 1420 1621 1465 et
1663 1416 1777 1465 viro
1822 1417 2151 1481 congruebat
2190 1416 2416 1479 indoles,
2454 1432 2573 1467 eam
2613 1418 2671 1466 in

195 1500 402 1550 infantili
439 1506 493 1551 et
523 1501 726 1567 puerili
771 1500 958 1553 habitu
993 1503 1228 1567 corporis
1264 1503 1549 1568 expressit,
1607 1519 1675 1552 ne
1710 1519 1817 1553 non
1850 1504 1981 1553 satis
2012 1519 2110 1569 pro
2143 1511 2271 1553 ver‘o
2305 1502 2519 1553 homine
2554 1520 2671 1554 sese

199 1592 398 1652 gereret.
455 1587 714 1639 Ceterum
754 1590 1082 1655 proscriptus
1125 1596 1206 1641 est
1240 1590 1398 1639 etiam
1435 1605 1581 1639 error
1621 1589 1843 1639 Arnaldi
1884 1590 1949 1639 de
1984 1590 2294 1653 Villanova,
2329 1592 2419 1657 qui
2463 1591 2670 1640 docuit:

197 1674 332 1734 Quod
363 1681 554 1725 natura
587 1676 828 1725 humana
853 1689 886 1726 a
907 1676 1028 1725 Deo
1063 1682 1298 1727 assumta
1333 1681 1415 1727 est
1445 1677 1504 1725 in
1539 1676 1785 1726 omnibus
1814 1676 1973 1726 bonis
2006 1678 2133 1739 suis,
2160 1682 2213 1727 et
2242 1676 2385 1742 quod
2417 1682 2527 1727 tam
2560 1677 2672 1727 alta

199 1763 258 1811 sit
291 1761 584 1813 humanitas
627 1764 688 1811 in
733 1762 970 1825 Christe,
1014 1770 1272 1829 qnantum
1317 1764 1534 1827 Deitas3
1578 1767 1631 1812 et
1672 1767 1879 1812 tantum
1922 1764 2107 1828 possit.
2162 1764 2319 1825 Quod
2363 1778 2521 1829 quam
2564 1765 2669 1814 cito

199 1850 355 1897 anima
385 1848 582 1899 Christi
607 1849 714 1899 fuit
744 1850 897 1899 nnita
919 1850 1222 1911 Divinitati‚
1248 1851 1426 1901 statim
1451 1851 1572 1915 ipsa
1595 1849 1777 1899 anima
1808 1850 1963 1900 scivit
1997 1851 2191 1913 omnia,
2216 1866 2353 1915 quae
2378 1850 2528 1901 Deus
2554 1852 2671 1901 scit.

203 1933 270 1984 cf.
302 1934 396 1985 Od.
427 1936 720 2001 Raynaldi,
753 1936 944 1986 Annal.
981 1937 1112 1985 eccl.
1147 1936 1228 1987 ed.
1271 1938 1405 1987 Luc.
1439 1938 1512 2000 V,
1549 1939 1632 1987 77.
1667 1937 1735 1987 ad
1769 1952 1819 1985 a.
1856 1939 1989 1987 1317
2024 1952 2075 1987 n.
2112 1938 2195 1987 62.
2244 1938 2303 1987 Ρ.
2338 1936 2571 1987 Hurtadi
2606 1936 2671 1985 de

199 2020 436 2073 Mendoza
475 2021 531 2072 S.
573 2024 658 2085 J.‚
701 2024 914 2088 Disput.
959 2023 1026 2073 de
1069 2024 1458 2073 Deo-Homine.
1525 2024 1685 2073 Antv.
1738 2024 1889 2073 1634.
1932 2023 2069 2089 disp.
2110 2025 2195 2073 54.
2238 2024 2323 2073 55.
2365 2039 2417 2088 p.
2466 2024 2585 2073 346.
2626 2040 2671 2074 s.

201 2107 343 2171 Nihil,
381 2124 554 2174 neque
601 2111 927 2175 sapientiae,
969 2126 1144 2176 neque
1185 2112 1468 2173 scientiae,
1513 2126 1687 2175 neque
1713 2110 1917 2175 gratiae
1958 2116 2053 2161 aut
2098 2111 2335 2173 virtutis,
2380 2109 2669 2175 acquisivit

202 2212 458 2259 progressu
499 2198 702 2247 aetatis
743 2196 899 2245 homo
944 2195 1213 2259 Christus,
1257 2200 1316 2245 ut
1359 2196 1544 2245 definit
1587 2195 1835 2261 Synodus
1879 2197 2066 2261 quinta
2108 2201 2294 2246 contra
2334 2195 2673 2246 Theodorum

202 2280 612 2345 Mopsuestenum
650 2282 775 2331 coll.
799 2282 945 2331 VIII.
979 2298 1026 2332 c.
1067 2286 1146 2332 12.
1181 2284 1236 2331 in
1268 2282 1402 2333 haec
1437 2283 1627 2333 verbaz
1676 2281 1764 2344 „Si
1798 2284 1917 2348 quis
1952 2283 2191 2333 defendit
2220 2284 2441 2349 impium
2474 2282 2574 2331 Th.
2598 2282 2672 2332 Μ.

203 2368 280 2430 qui
311 2368 436 2419 dixit
467 2368 742 2419 Christum
777 2386 840 2419 ex
873 2370 1116 2435 profectu
1151 2386 1370 2436 operum
1403 2370 1751 2433 melioratum,
1780 2375 1833 2420 et
1858 2385 1892 2420 a
1925 2372 2332 2421 conversatione
2365 2370 2672 2420 immacula-

203 2458 298 2501 tum
321 2454 527 2519 factum,
555 2462 612 2507 et
635 2463 892 2521 tanquam
916 2472 1107 2522 purum
1132 2457 1396 2507 hominem
1423 2457 1753 2522 baptizatum
1780 2473 1895 2507 esse
1910 2494 1923 2520 ,
1947 2494 1960 2506 .
1983 2494 1995 2506 .
2019 2494 2031 2507 .
2053 2494 2065 2507 .
2092 2457 2215 2508 talis
2241 2456 2524 2509 anathema
2542 2458 2667 2507 sit.“

205 2538 526 2603 HartluinlII,
541 2543 664 2593 198.
679 2544 795 2593 199.
805 2542 863 2591 Si
880 2548 1060 2593 tamen
1081 2543 1377 2609 complures
1391 2542 1450 2593 P.
1462 2543 1523 2591 P.
1539 2544 1785 2593 inscitiae
1810 2543 2011 2609 aliquid
2030 2545 2087 2593 in
2104 2544 2317 2593 homine
2340 2542 2551 2593 Christo
2572 2544 2670 2592 ini-

203 2627 266 2674 tio
289 2628 440 2677 fuisse
464 2629 788 2693 significant,
815 2635 868 2679 et
892 2630 1252 2680 accessionem
1281 2629 1508 2693 sciendi3
1530 2632 1699 2695 magis
1723 2630 1779 2678 id
1804 2622 1927 2679 κατὰ
1950 2626 2293 2699 συγχώρησιν,
2310 2631 2671 2693 concessione,

205 2718 459 2779 usurpant,
493 2720 554 2765 ut
585 2714 819 2765 Arianos
863 2720 916 2765 et
955 2716 1322 2766 Eunomianos
1367 2716 1757 2766 abundantiore
1795 2720 2225 2782 argumentorum
2266 2718 2321 2765 vi
2361 2717 2671 2767 refutarent.

384 2800 464 2850 De
507 2806 658 2863 ortu,
693 2800 920 2851 infantia
952 2807 1006 2852 et
1039 2801 1404 2852 adolescentia
1441 2802 1641 2853 Christi
1666 2817 1939 2868 perpauca
1972 2802 2186 2868 quidem
2219 2803 2286 2852 ab
2311 2802 2672 2869 Evangelistis

206 2884 502 2937 s.Matthaeo
523 2889 746 2938 etLuca
760 2895 944 2953 patere
953 2889 1126 2939 voluit
1135 2890 1300 2952 Deus,
1319 2889 1490 2940 latere
1507 2890 1907 2955 plura.1nterim
1920 2904 2063 2940 vana
2081 2890 2351 2941 hominum
2376 2891 2672 2953 curiositas,

207 2976 298 3021 tam
339 2973 562 3025 salubris
609 2975 892 3025 brevitatis
941 2977 1250 3041 impatiens,
1297 2976 1457 3041 plura
1505 2978 1853 3041 conquisivit,
1902 2992 2041 3042 quae
2090 2978 2155 3027 de
2206 2977 2339 3028 Jesu
2387 2992 2553 3042 puero
2604 2976 2675 3026 ad

207 3058 476 3122 augendam
510 3062 629 3111 eius
675 3060 896 3126 gloriam
939 3062 1045 3111 dici
1081 3062 1276 3111 debere
1309 3063 1440 3113 satis
1482 3068 1681 3112 temere
1730 3064 2065 3113 existimavit.
2127 3062 2419 3114 Sexcentas
2460 3063 2673 3113 fabulas

209 3146 356 3195 cuivis
379 3160 535 3197 verae
561 3148 760 3197 indolis
787 3146 1124 3197 historiarum
1171 3150 1342 3213 perito
1385 3150 1571 3199 merito
1615 3156 1895 3214 suspectas
1937 3150 2217 3199 commenti
2260 3154 2385 3199 sunt
2426 3154 2673 3199 auctores

209 3228 312 3279 libri
345 3232 406 3282 de
439 3234 670 3284 infantia
705 3234 1003 3285 Servateris
1038 3234 1184 3300 apud
1215 3235 1268 3285 J.
1305 3234 1482 3285 Carol.
1519 3235 1693 3299 Thilo,
1730 3236 1913 3286 Codex
1960 3236 2155 3302 Apocr.
2180 3236 2245 3285 N.
2272 3236 2334 3285 Τ.
2362 3235 2510 3301 Lips.
2540 3238 2673 3285 1832

209 3318 337 3368 arab.
359 3336 408 3384 p.
434 3322 516 3370 63.
545 3322 666 3371 158.
716 3320 775 3370 C.
800 3320 1177 3385 Tischendorf,
1213 3322 1459 3387 evangel.
1483 3337 1663 3389 apocr.
1689 3322 1838 3389 Lips.
1866 3324 2016 3373 1853.
2054 3324 2369 3383 vll—202„
2406 3328 2459 3373 et
2492 3322 2672 3371 Histo-

211 3403 306 3451 riae
327 3408 616 3457 uativitatis
642 3408 844 3457 Mariae
873 3412 926 3457 et
949 3408 1209 3458 infantiae
1235 3407 1528 3459 Salvatoris
1556 3408 1639 3459 ed.
1664 3409 1821 3459 Thilo
1846 3428 1898 3475 p.
1924 3412 2218 3460 338—400.
2244 3409 2503 3474 complete
2530 3408 2675 3473 apud

211 3488 539 3543 Tischenderf
567 3495 830 3545 50-114.
867 3492 1124 3559 Coarguit
1147 3494 1280 3544 haec
1314 3496 1418 3545 iam
1453 3512 1495 3545 s.
1521 3496 1803 3559 Irenaeus,
1838 3496 1959 3546 adv.
1993 3496 2139 3545 haer.
2175 3497 2223 3558 1,
2258 3498 2341 3545 20.
2375 3511 2427 3560 p.
2461 3497 2571 3556 29„
2606 3494 2675 3543 ad

211 3580 488 3645 apocrypha
521 3580 833 3630 amandavit
869 3580 1117 3630 Gelasius
1151 3598 1386 3633 summus
1419 3582 1661 3649 pontifex
1694 3583 1749 3632 in
1786 3582 2012 3631 concilio
2046 3598 2265 3631 remano
2300 3598 2348 3632 a.
2376 3584 2494 3631 449.
2530 3582 2673 3647 apud

211 3660 378 3727 Massi,
407 3666 562 3730 Vm,
601 3669 721 3717 150.
777 3667 1028 3717 Ridicula
1067 3668 1297 3718 fabulati
1338 3674 1464 3719 sunt
1500 3670 1661 3718 ctiam
1699 3669 2099 3735 compilatores:
2146 3670 2417 3721 Historiae
2450 3668 2673 3733 Josephi

215 3746 332 3798 fabri
361 3751 568 3817 lignarii
603 3768 690 3819 ap.
716 3752 871 3803 Thilo
909 3756 1094 3803 1—-61,
1144 3754 1512 3804 Tischcndorf.
1549 3758 1839 3805 115—152.
1888 3756 1949 3805 R.
1977 3756 2280 3806 Hoffmann.
2307 3756 2357 3805 d.
2382 3756 2515 3805 Leb.
2540 3754 2675 3803 Jesu

214 3850 258 3883 n.
280 3836 326 3885 d.
347 3838 706 3905 Apokryphen
731 3840 915 3906 Leipz.
944 3842 1095 3890 1851.
1119 3858 1170 3907 p.
1196 3843 1280 3891 67.
1305 3858 1348 3891 s.
1391 3840 1532 3890 Sane
1556 3841 1859 3891 Ecclesiam
1884 3842 2065 3907 aliqua
2088 3842 2344 3893 infantiae
2372 3842 2437 3891 D.
2456 3842 2521 3890 N.
2541 3841 2593 3891 J.
2615 3840 2675 3889 C.

215 3924 381 3973 notitia
403 3941 582 3975 carere
609 3920 752 3976 haud
775 3928 1032 3992 potuisse,
1059 3942 1265 3977 summa
1279 3928 1386 3977 Dei
1411 3929 1678 3994 sapientia
1698 3958 1763 3965 -—-
1784 3943 1921 3995 quae
1948 3944 2153 3979 summa
2176 3930 2311 3979 ratio
2338 3934 2420 3978 est
2438 3954 2505 3965 —
2523 3926 2675 3988 vidit,

214 4022 360 4074 eaque
383 4012 524 4061 illam
547 4014 684 4061 mira
724 4014 1046 4063 narrationis
1071 4014 1364 4077 suavitate,
1410 4016 1706 4080 argumenti
1750 4017 2013 4080 gravitate
2056 4021 2109 4065 et
2145 4016 2467 4065 amoenitate
2510 4012 2677 4061 imbui

215 4100 412 4149 curavit.
463 4099 543 4149 Cf.
569 4100 698 4150 diss.
723 4114 772 4149 a.
809 4099 874 4149 de
909 4100 1208 4165 Evangelio
1243 4102 1502 4151 infantiae
1535 4102 1670 4151 Jesu
1704 4101 1829 4152 fleto
1854 4107 1909 4152 et
1932 4118 2079 4152 vere.
2128 4103 2275 4167 Lips.
2305 4102 2455 4149 1785.
2478 4116 2531 4163 p.
2557 4100 2607 4147 4.
2632 4116 2675 4148 s.

213 4182 456 4250 Quidquid
480 4185 710 4249 Strauss,
737 4187 833 4237 das
853 4187 1038 4237 chcn
1063 4187 1198 4237 Jesu
1215 4188 1352 4237 Tub.
1382 4190 1530 4238 1835.
1555 4189 1596 4249 Ι,
1629 4192 1745 4238 143.
1765 4190 1799 4238 i.
1826 4188 1875 4238 d.
1902 4189 2087 4237 Leben
2113 4188 2247 4238 Jesu
2273 4188 2309 4235 f.
2338 4186 2387 4235 d.
2416 4184 2675 4235 deutsche

215 4266 336 4319 Volk
375 4272 682 4324 bearbeitet.
746 4273 931 4338 Leipz.
978 4275 1127 4323 1864.
1171 4291 1222 4339 p.
1265 4276 1384 4324 347.
1427 4292 1469 4325 s.
1515 4280 1568 4325 et
1609 4280 1885 4325 consortes
1930 4276 2194 4335 effutiant,
2240 4273 2513 4323 verissime
2560 4272 2677 4337 ipse

215 4354 428 4421 Ammon,
461 4360 524 4409 de
557 4366 754 4411 natura
777 4362 1138 4410 narrationum
1175 4360 1240 4410 de
1273 4363 1416 4411 vitae
1449 4362 1582 4411 Jesu
1620 4361 1815 4410 Christi
1851 4360 2167 4425 primordiis,
2188 4360 2245 4409 in
2274 4359 2488 4424 Sylloge
2523 4358 2673 4408 Com·

219 4450 408 4495 mentat.
429 4447 588 4498 theol.
614 4448 699 4497 ed.
719 4462 768 4497 a.
793 4448 932 4497 Pott.
954 4452 1008 4497 et
1031 4448 1270 4513 Ruperti.
1305 4448 1642 4499 Helmstadii.
1671 4448 1823 4498 1800.
1840 4462 1963 4512 pag.
1984 4450 2067 4497 98.
2095 4448 2315 4497 fatetur:
2342 4447 2677 4496 narrationes

218 4528 348 4593 istas,
369 4532 614 4585 historiae
637 4534 904 4584 humanae
929 4534 1120 4585 limites
1145 4535 1306 4601 plane
1339 4540 1671 4601 superantes,
1698 4534 1891 4599 quibus
1926 4533 2055 4583 fides
2090 4533 2374 4584 tribuenda
2406 4534 2489 4595 sit,
2516 4532 2677 4581 nullis

217 4618 412 4669 maculis
443 4636 560 4671 esse
595 4621 926 4671 obscuratas.
977 4622 1160 4671 Dubia
1191 4620 1618 4671 adversariorum
1647 4620 1851 4669 erudite
1896 4620 2236 4671 refellebant:
2289 4622 2350 4669 1⁴¹.
2388 4619 2451 4668 (3.
2487 4618 2677 4667 Schu-

311 4708 494 4759 nnnm,
525 4714 638 4755 mat.
669 4699 1186 4755 &velationis-‘divinam
1211 4714 1268 4755 11.
2333 4708 2363 4755 2
