3267 5259
572 448 699 513 346
1310 462 1429 503 mat.
1459 464 1565 505 nov.
1596 462 1686 503 «nv.
1715 462 1886 503 Parios.
1913 462 1972 503 n.
1993 472 2087 514 ω».
2119 460 2321 514 primun.

776 638 975 687 Verum
1014 654 1081 688 ne
1116 638 1323 688 hostem
1360 638 1544 705 fugere
1582 638 1874 697 videamur,
1913 640 2260 705 praecipuum
2297 644 2683 703 argumentum,
2723 654 2825 702 quo
2859 638 3038 703 primus

572 726 621 776 d.
651 726 796 776 Petri
838 726 1102 777 adventus
1147 726 1369 776 Romam
1414 728 1783 793 impugnatur,
1831 740 2188 791 exponamus:
2234 726 2382 775 litem
2427 724 2584 775 nobis
2629 729 2840 774 movent
2879 725 3040 773 verbis

570 814 869 875 Lactantii,
920 812 986 863 de
1023 813 1231 863 mortib.
1269 828 1409 878 pers.
1447 813 1483 863 l.
1515 829 1568 862 n.
1605 815 1653 862 2.
1700 830 1752 879 p.
1789 814 1907 862 249.
1959 811 2265 878 „discipuli,
2313 813 2406 877 qui
2451 817 2578 861 tunc
2615 818 2767 861 erant
2799 812 3039 870 undecim,

572 901 821 950 assumtis
856 901 912 949 in
949 899 1126 949 locum
1172 900 1351 949 Judae
1394 900 1680 965 proditoris
1717 898 1923 949 Mathia
1959 904 2013 948 et
2048 899 2234 961 Paulo,
2283 898 2510 964 dispersi
2557 904 2683 948 sunt
2725 913 2818 963 per
2851 914 3040 947 omnem

571 991 765 1037 terram
803 985 873 1035 ad
910 986 1243 1051 evangelium
1282 985 1724 1051 praedicandum,
1779 987 1918 1035 sicut
1963 985 2070 1036 illis
2119 987 2374 1050 magister
2410 985 2658 1035 dominus
2693 987 3037 1049 imperaverat,

572 1078 627 1123 et
660 1089 757 1139 per
812 1087 981 1123 annos
1016 1074 1169 1123 XXV
1204 1088 1377 1138 usque
1414 1072 1483 1121 ad
1518 1073 1838 1139 principium
1886 1072 2178 1123 Neroniani
2223 1072 2430 1137 imperii
2477 1088 2576 1137 per
2625 1087 2804 1122 omnes
2849 1073 3038 1137 provin-

572 1162 683 1210 cias
722 1165 777 1209 et
812 1160 1055 1209 civitates
1092 1159 1373 1209 Ecclesiae
1410 1158 1760 1209 fundamenta
1807 1160 2080 1210 miserunt.
2143 1158 2433 1225 Cumque
2479 1160 2606 1208 iam
2655 1160 2822 1208 Nero
2867 1160 3038 1223 impe-

568 1252 773 1309 raret,
810 1246 1052 1297 Petrus
1090 1247 1352 1295 Romam
1389 1246 1722 1296 advenit.“
1800 1247 1919 1295 Hac
1957 1248 2275 1296 auctoritate
2312 1246 2447 1305 fulti,
2487 1260 2816 1295 communem
2853 1252 3036 1294 senten-

570 1334 699 1383 tiam
734 1333 1141 1399 improbabilem
1178 1338 1233 1381 et
1266 1333 1567 1384 fabulosam
1604 1333 1859 1383 audacter
1891 1332 2069 1383 dicere
2106 1338 2160 1383 et
2192 1334 2412 1383 reiicere
2449 1338 2758 1398 coeperunt.
2806 1332 2860 1381 Si
2885 1340 3038 1381 autem

569 1420 739 1470 verba
772 1418 1040 1469 Lactantii
1078 1421 1216 1469 serio
1254 1421 1619 1485 inspiciantur,
1667 1434 1782 1470 eam
1821 1436 1928 1471 non
1965 1420 2150 1469 valent
2185 1425 2441 1469 evertere.
2497 1420 2639 1469 Sane
2679 1419 2979 1469 Lactantius
3009 1419 3037 1467 1.

570 1523 616 1557 c.
656 1506 732 1557 de
770 1506 987 1557 altero
1024 1508 1079 1555 in
1114 1507 1301 1556 urbem
1338 1506 1572 1556 adventu
1610 1507 1868 1572 loquitur3
1929 1524 2032 1557 nec
2085 1508 2272 1557 mirum
2327 1508 2374 1555 si
2429 1506 2909 1556 animadvertamus
2956 1506 3038 1555 sub

568 1594 782 1643 Nerone
818 1594 871 1642 id
910 1594 1187 1653 accidisse,
1226 1594 1395 1658 primo
1434 1592 1858 1643 Christianorum
1896 1600 2080 1659 aperto
2116 1600 2486 1660 persecutore3
2526 1599 2580 1643 et
2615 1592 2922 1659 opuseulum
2945 1594 3038 1657 qui-

572 1681 691 1731 dem
744 1680 1011 1731 Lactantii
1070 1680 1167 1741 „de
1222 1680 1481 1729 mortibus
1537 1684 1964 1745 persecutorum‘*
2023 1681 2217 1731 dicere.
2281 1680 2582 1729 Secundum
2633 1680 2796 1745 igitur
2849 1694 3040 1729 narrare

570 1768 715 1818 Petri
751 1769 876 1830 iter,
928 1769 982 1817 ei
1019 1783 1237 1817 necesse
1274 1768 1390 1817 fuit.
1452 1766 1525 1817 Et
1570 1769 1647 1816 ita
1684 1767 2002 1817 Lactantius
2053 1784 2172 1818 cum
2223 1769 2437 1828 ceteris,
2495 1769 2587 1833 qui
2635 1768 2794 1817 etiam
2843 1767 3042 1831 primum

570 1860 790 1905 narrant
825 1855 1153 1905 conciliatur.
1194 1854 1403 1905 Claudii
1442 1868 1583 1904 anno
1622 1854 1856 1905 secundo
1893 1855 2116 1905 Romam
2147 1856 2339 1905 Petrus
2369 1855 2531 1915 venit,
2569 1858 2624 1903 et
2649 1868 2788 1903 nono
2827 1852 3038 1902 eiusdem

570 1941 742 1991 Roma
776 1940 1033 1991 discessit.
1084 1940 1217 1991 Vide
1255 1941 1454 2006 proleg.
1493 1940 1734 1991 Judaeos
1773 1940 1918 2006 quod
1954 1940 2170 1991 assidue
2205 1941 2672 1999 tumultuarentur,
2699 1941 2766 1989 ab
2793 1940 2921 1987 urbe
2943 1937 3041 2003 pul·

571 2044 660 2079 sos
698 2028 995 2079 docuerunt
1030 2043 1071 2077 s.
1098 2027 1295 2090 Lucas,
1332 2029 1449 2078 Act.
1479 2029 1559 2091 18,
1586 2030 1618 2077 2
1659 2034 1712 2077 et
1746 2027 2045 2090 Svetonius,
2084 2029 2140 2077 in
2173 2030 2286 2077 vita
2325 2026 2535 2077 Claudii
2563 2028 2624 2089 V,
2651 2028 2736 2076 25.
2763 2026 2846 2075 ed.
2873 2026 3042 2074 Franc-

574 2132 623 2181 p.
654 2117 734 2165 79.
776 2114 1045 2176 „Judaeos
1080 2115 1369 2180 impulsore
1408 2114 1631 2164 Chresto
1671 2115 1883 2165 assidue
1921 2114 2308 2165 tumultuantes
2345 2115 2516 2164 Roma
2553 2114 2805 2179 expulit‘*
2847 2112 3042 2163 Certant

572 2202 638 2252 de
676 2204 885 2251 nomine
926 2201 1232 2260 „Chresto“.
1270 2202 1330 2250 P.
1369 2201 1640 2262 Pithoeus,
1681 2203 1734 2251 in
1771 2202 2095 2252 adversariis
2115 2202 2456 2263 subsecivis,
2494 2202 2529 2250 l.
2567 2200 2638 2250 11.
2674 2202 2723 2249 3.
2759 2198 2912 2249 Thes.
2946 2199 3042 2246 crit.

572 2288 876 2338 Gruteriani
913 2288 981 2350 ΙΙ,
1034 2290 1147 2337 777.
1198 2288 1268 2337 Μ.
1307 2288 1516 2348 Rossal,
1574 2287 1800 2339 Observ.
1857 2288 1921 2337 de
1978 2288 2186 2337 Christo
2241 2302 2338 2352 per
2391 2302 2626 2336 errorem
2677 2288 2736 2335 in
2791 2286 3044 2336 Chrestum

571 2379 909 2425 commutato·
949 2374 1202 2439 Groning.
1232 2378 1382 2425 1717.
1410 2374 1551 2441 Hug,
1578 2376 1722 2424 Einl.
1750 2376 1818 2437 11,
1845 2378 1961 2424 391.
1989 2390 2030 2424 s.
2056 2375 2108 2424 J.
2137 2376 2296 2435 Auer,
2327 2373 2552 2423 Zeitsch.
2579 2374 2615 2423 f.
2643 2372 2693 2422 d.
2718 2372 2863 2423 kath.
2881 2370 3044 2421 Theol-

570 2463 661 2525 IV,
689 2464 771 2514 87.
808 2462 1093 2524 Friedlieb,
1131 2462 1362 2511 Oesterr.
1398 2461 1843 2524 Vierteliahress.,
1878 2462 1920 2523 Ι,
1948 2464 2066 2511 512.
2106 2462 2322 2526 aliique,
2359 2459 2670 2510 Svetonium
2701 2462 2776 2510 ita
2809 2462 3040 2523 interpre-

568 2554 779 2599 tantur:
818 2548 960 2615 quod
987 2549 1231 2599 doctrina
1254 2548 1559 2599 Christiana
1582 2550 1921 2599 occasionem
1957 2549 2382 2599 dissensionibus
2419 2549 2717 2597 animorum
2743 2546 3042 2613 praebuerit.

568 2637 690 2686 Non
726 2650 985 2702 negamus
1026 2638 1491 2686 commutationem
1532 2652 1546 2683 ι
1582 2637 1634 2685 in
1673 2654 1703 2699 η
1741 2636 1900 2686 facile
1935 2652 2000 2685 ex
2024 2632 2334 2703 ταυτοφωνίᾳ
2357 2635 2633 2684 literarum
2659 2636 2785 2683 oriri
2807 2634 3040 2700 potuisse.

570 2724 736 2774 Porro
782 2723 839 2773 id
876 2728 1019 2773 certe
1060 2728 1271 2773 constat
1306 2738 1335 2772 e
1374 2738 1414 2771 s.
1453 2721 1696 2785 Justino,
1750 2723 1904 2789 Apol.
1941 2723 1982 2786 1,
2021 2725 2068 2773 4.
2109 2741 2159 2790 p.
2197 2726 2279 2773 10.
2316 2722 2675 2782 Tertulliano,
2731 2720 2868 2787 apol.
2911 2722 2955 2769 3.
2995 2724 3044 2768 et

573 2811 858 2860 Lactantio
894 2810 1065 2860 Instit.
1092 2794 1259 2871 IV‚'7.
1298 2826 1349 2876 p.
1378 2812 1493 2860 180.
1532 2809 1613 2860 Cf.
1653 2815 1933 2876 praeterea
1967 2811 2302 2875 Pogginium,
2341 2824 2516 2859 exerc.
2555 2814 2687 2859 sext.
2716 2826 2766 2875 p.
2795 2810 2906 2858 113.
2929 2824 2975 2855 n.
2997 2807 3040 2853 2.

574 2896 741 2959 Koch,
779 2896 977 2946 Comm.
1012 2902 1065 2946 fl.
1102 2896 1153 2946 d.
1186 2896 1275 2945 Br.
1312 2896 1469 2947 Pauli
1504 2910 1552 2947 a.
1580 2896 1629 2947 d.
1669 2896 1889 2947 Philem.
1927 2898 2046 2947 Ziir.
2087 2898 2238 2947 1846.
2277 2912 2328 2961 p.
2357 2898 2438 2945 77.
2499 2895 2570 2944 At
2607 2895 2700 2945 alii
2737 2894 2870 2945 duce
2903 2894 3042 2943 Doni.

572 2982 820 3045 Mellino,
868 2985 924 3033 in
960 2988 1167 3034 veteres
1207 2982 1465 3049 quosdam
1502 2985 1789 3049 scriptores
1827 2983 2114 3034 Christiani
2147 2984 2376 3033 nominis
2411 2983 2671 3045 inimicos,
2711 2982 2748 3031 1.
2773 2981 2864 3043 IV,
2898 2998 2946 3046 p.
2969 2980 3042 3027 78.

574 3074 816 3121 statuunt
848 3072 1155 3121 rebellionis
1192 3075 1464 3121 auctorem
1501 3071 1766 3121 exstitisse
1803 3070 1903 3121 sub
1931 3070 2158 3121 Claudio
2195 3069 2460 3136 quendam
2493 3068 2792 3130 chrestum,
2827 3067 3042 3118 Judaeu-

572 3173 689 3207 rum
722 3158 937 3223 ingenio
976 3158 1044 3207 ad
1082 3172 1166 3208 res
1202 3172 1369 3208 novas
1406 3157 1704 3209 moliendas
1742 3157 1964 3224 proclivi
2003 3156 2244 3207 abusum.
2299 3156 2384 3206 Ita
2418 3162 2612 3222 putant
2645 3154 2899 3213 Kuinoel‚
2940 3152 3041 3202 Act.

577 3247 656 3305 18,
682 3246 730 3293 2.
770 3261 819 3309 p.
847 3247 964 3295 616.
1002 3243 1278 3306 Wieseler,
1306 3242 1556 3295 Chronol.
1594 3261 1646 3309 p.
1675 3246 1790 3294 122.
1827 3245 2029 3308 Meyer,
2059 3242 2258 3293 Comm.
2287 3260 2338 3309 p.
2363 3244 2482 3293 327.
2522 3242 2740 3304 Beelen,
2769 3241 2955 3291 Comm.
2978 3238 3041 3287 11.

575 3332 690 3381 109.
741 3330 949 3381 Chresti
998 3346 1191 3381 nomen
1242 3330 1385 3397 apud
1435 3330 1706 3381 Romanos
1755 3330 1970 3379 obvium
2020 3328 2402 3395 vulgatumque
2438 3330 2604 3381 fuisse
2642 3329 2852 3389 damus,
2890 3352 2948 3363 -
2981 3324 3041 3373 cf.

572 3416 851 3479 Boeckhii,
890 3416 1101 3483 Corpus
1136 3418 1541 3482 inscriptionum
1577 3431 1907 3482 graecarum.
1945 3416 2197 3466 Berolini.
2228 3417 2378 3467 1828.
2403 3417 2447 3465 Ι.
2471 3417 2635 3466 inser.
2663 3420 2756 3465 att.
2784 3415 2840 3464 P.
2863 3416 2910 3463 2.
2933 3428 2972 3461 c.
2997 3412 3042 3459 4.

572 3519 623 3552 n.
654 3505 769 3553 194.
795 3520 846 3569 p.
874 3506 991 3555 832.
1030 3502 1252 3571 Χρῆστος
1289 3500 1516 3571 Διιφῑλου
1554 3531 1622 3540 —-
1659 3502 1754 3555 sed
1791 3518 1898 3553 non
1937 3502 2178 3553 videmus
2215 3503 2482 3568 quomodo
2525 3504 2714 3568 ignoto
2757 3502 2956 3569 penitus
2995 3502 3044 3545 et

570 3589 812 3641 inaudito
849 3590 1081 3656 quodam
1118 3589 1341 3641 Chresto
1378 3590 1684 3655 impulsore,
1723 3590 1937 3640 assidue
1975 3588 2445 3639 tumultusverint?
2493 3588 2574 3639 Cf.
2615 3591 2650 3639 i.
2687 3588 2842 3655 Sepp,
2867 3582 3042 3635 Gesch.

578 3677 626 3726 d.
651 3677 874 3742 Apostel
898 3695 949 3742 p.
979 3679 1093 3727 149.
1120 3694 1161 3727 s.

672 3906 731 3983 ξ.
782 3904 881 3969 70.
959 3900 1139 3966 Iter
1200 3923 1247 3963 s,
1295 3899 1541 3965 Pauli
1606 3902 1875 3964 maius
1932 3902 2292 3986 primum
2353 3922 2502 3984 per
2567 3898 2942 3964 Orientis

1607 4014 2038 4097 regiones·

778 4176 836 4233 S.
857 4174 1077 4233 Paulus
1106 4181 1165 4233 et
1188 4175 1505 4247 Barnabas,
1541 4175 1645 4232 ubi
1676 4174 2018 4233 mandatum
2045 4174 2216 4247 signa
2244 4173 2488 4232 Domini
2517 4175 2705 4232 nostri
2735 4171 2946 4231 ferendi
2971 4170 3041 4225 sd

572 4280 847 4337 barbaras
876 4281 1159 4350 nationes,
1196 4284 1363 4337 tanta
1391 4298 1451 4336 se
1480 4278 1723 4337 virtutis
1753 4278 1992 4336 divinae
2021 4278 2515 4335 demonstratione
2557 4278 2771 4335 animis
2801 4277 3038 4351 ipsorum

572 4381 925 4453 insinuavit,
973 4388 1043 4441 ut
1072 4383 1343 4441 dubitare
1374 4402 1491 4441 non
1524 4384 1852 4459 potuerint,
1911 4382 2056 4461 quin
2092 4402 2127 4439 a
2157 4382 2279 4439 Deo
2309 4380 2637 4457 profectum
2667 4382 2836 4438 foret:
2889 4376 3044 4435 nulla

572 4487 1050 4560 tergiversatione
1108 4488 1389 4546 molestiis
1446 4493 1507 4545 et
1564 4486 2004 4545 discriminibus
2062 4472 2122 4543 se
2190 4486 2506 4555 obiiciunt;
2574 4490 2636 4541 et
2692 4484 2887 4541 itineri
2911 4479 2926 4518 ¹
2979 4498 3041 4535 se

784 4630 821 4694 ¹)
860 4630 925 4679 In
961 4632 1267 4681 universum
1312 4630 1575 4679 duumviri
1612 4631 1701 4679 isti
1737 4632 1856 4679 252.
1893 4629 2021 4679 mill.
2061 4644 2220 4695 germ.
2259 4629 2461 4677 emensi
2497 4628 2648 4677 sunt!
