3267 5259
514 400 646 467 530

582 658 853 721 Centurio,
880 660 1151 725 ceterique
1176 660 1323 709 cruci
1351 658 1563 710 adstan-

652 736 732 779 tes
786 728 971 779 Jesum
1024 729 1129 779 Dei
1188 729 1385 779 Filium
1445 744 1563 779 esse

650 798 965 864 profitentur
1020 836 1555 849 ..........
1604 798 1705 846 153

580 868 645 918 Ν.
682 870 733 918 2.
770 868 1025 929 Quisnam
1061 867 1197 917 haec
1224 872 1286 917 ut
1309 881 1439 917 vera
1472 882 1565 917 no-

652 938 733 987 bis
769 939 953 987 testari
988 938 1222 1002 potuerit
1244 936 1351 986 fide
1374 936 1567 1001 digne?
1626 962 1682 972 -

581 1006 878 1057 Transfixio
934 1006 1115 1057 lateris
1165 1006 1381 1055 Domini
1428 1044 1440 1055 .
1486 1044 1497 1055 .
1545 1044 1556 1054 .

584 1092 857 1158 Digressio
878 1093 943 1142 de
962 1098 1147 1159 aperto
1168 1092 1358 1143 lancea
1384 1091 1563 1141 militis

649 1161 815 1212 latere
845 1163 1058 1212 Domini
1080 1199 1554 1213 .........
1604 1161 1706 1210 154

509 1251 570 1329 ξ,
618 1249 721 1313 34.
770 1245 1098 1333 «Iosephus
1162 1246 1245 1311 ab
1306 1245 1558 1311 Arima-

772 1332 908 1398 thia
993 1335 1154 1420 petit
1236 1356 1276 1397 a
1348 1332 1561 1399 Pilato

775 1442 1009 1506 corpus
1063 1419 1226 1484 Jesu
1252 1474 1555 1490 ......
1606 1440 1705 1487 155

580 1526 646 1576 Ν.
687 1528 733 1575 7,
772 1523 881 1574 Cur
902 1524 1173 1590 Josephus
1206 1538 1241 1575 a
1264 1526 1437 1575 Pilato
1474 1540 1564 1591 pe-

650 1595 793 1645 tierit
827 1610 1021 1659 corpus
1056 1594 1225 1644 Jesu‘?
1252 1631 1554 1646 ......

580 1664 861 1729 Depositio
898 1668 950 1713 et
986 1663 1259 1729 sepultura
1293 1663 1552 1714 Domini.
1606 1664 1704 1713 156

580 1734 646 1783 N.
682 1736 732 1783 4.
770 1732 881 1783 Sub
930 1733 1156 1783 sindone
1200 1732 1565 1797 intelliguntur

654 1804 831 1852 omnia
875 1802 1057 1863 lintea,
1108 1816 1247 1867 quae
1283 1801 1353 1851 ad
1388 1802 1563 1868 sepul-

651 1876 823 1921 turam
847 1872 915 1921 D.
935 1872 999 1921 N.
1028 1871 1080 1921 J.
1108 1870 1303 1921 Christi
1326 1870 1567 1921 adhibita

652 1940 883 2002 fuerunt,
938 1955 1155 1991 numero
1212 1940 1423 2007 quidem
1460 1942 1565 1991 tria
1624 1968 1680 1976 —-

580 2009 647 2059 N.
685 2012 733 2059 6.
790 2008 1103 2074 Sepulcrum
1148 2010 1365 2059 Domini
1414 2014 1565 2060 extra

651 2093 694 2128 s.
732 2078 1015 2129 Civitatem
1050 2080 1209 2129 situm
1252 2116 1552 2129 ......

584 2147 843 2199 Custodia
867 2154 920 2197 et
944 2149 1243 2213 obsignatio
1272 2148 1505 2213 sepulcri
1542 2187 1552 2198 .

579 2232 645 2283 N.
683 2235 733 2283 4.
781 2232 1042 2283 Custodes
1096 2233 1327 2299 sepulcri
1371 2234 1565 2284 milites

648 2302 875 2353 Romani
921 2302 1073 2352 fuere

580 2372 645 2422 N.
686 2376 731 2422 1.
778 2371 1083 2421 Molitiones
1138 2370 1563 2422 adversariorum

648 2442 716 2490 D.
762 2440 827 2491 N.
863 2440 915 2491 J.
953 2440 1012 2491 C.
1052 2442 1197 2490 circa
1244 2441 1562 2507 sepulcrum,

650 2510 754 2575 ipsi
800 2509 1023 2575 gloriam
1060 2516 1382 2575 pepererunt
1426 2550 1437 2559 .
1484 2549 1494 2560 .
1542 2548 1553 2561 .

509 2596 569 2676 ξ.
614 2596 718 2663 35.
764 2594 1171 2659 Momentum
1215 2594 1562 2659 Resurrec-

770 2682 961 2745 tionis
990 2680 1075 2745 D.
1109 2680 1189 2745 N.
1222 2679 1283 2746 J.
1318 2680 1391 2746 C.
1425 2739 1436 2750 .
1483 2739 1494 2750 .
1541 2740 1552 2751 .
1602 2702 1704 2751 158

579 2786 642 2836 N.
663 2786 712 2835 8.
734 2784 786 2838 S.
803 2786 1084 2836 Athanasii
1110 2786 1176 2836 de
1200 2786 1559 2837 Resurrectio·

648 2870 717 2905 ne
755 2853 949 2905 Christi
986 2854 1265 2921 praeclara
1288 2857 1456 2906 verba
1484 2896 1494 2906 .
1541 2895 1553 2907 .

579 2923 885 2974 Adversarii
946 2929 1000 2974 et
1056 2924 1297 2975 vindices
1369 2924 1563 2975 Resur-

649 2994 894 3043 rectionis
930 2993 1246 3044 Dominicae
1284 3010 1562 3045 recensen-

1605 2080 1703 2128 15⁷

1604 2512 1704 2561 158

580 3068 974 3182 „saissa
1020 3101 1268 3184 aas}
1310 3102 1561 3183 ·,;,.;..·..·.
1602 3066 1703 3115 ¹⁵⁹

646 3206 817 3263 tatus,
872 3200 1125 3266 gaudium
1190 3208 1243 3251 et
1296 3202 1565 3269 exemplar

646 3274 885 3320 nostrum
963 3308 1552 3322 ...........

508 3358 569 3436 §-
593 3358 696 3422 36.
722 3354 1133 3420 Resurrectio
1160 3355 1421 3421 Domini
1482 3414 1493 3425 .
1539 3414 1551 3427 .

575 3458 641 3509 Ν.
678 3461 727 3510 4.
766 3460 907 3520 Quid
952 3460 1218 3526 significet
1267 3476 1406 3523 „una
1442 3464 1561 3515 sab—

646 3530 789 3579 bati“
831 3528 1125 3580 discutitur.
1181 3530 1313 3581 Dies
1366 3532 1559 3582 Resur-

646 3599 896 3649 rectionis
956 3600 1023 3649 D.
1079 3598 1144 3649 N.
1190 3599 1243 3649 J.
1293 3600 1353 3651 C.
1408 3600 1563 3651 nobis

645 3668 891 3733 apposite
939 3669 1284 3732 ¹,Dominica“
1342 3670 1492 3719 audit
1536 3708 1549 3721 .

578 3737 732 3787 Hora
772 3737 1199 3789 Resurrectionis
1243 3741 1492 3789 statuitur
1538 3777 1550 3789 .
1601 3742 1700 3790 162

578 3822 770 3874 Christi
818 3838 855 3873 a
898 3828 1065 3873 morte
1100 3826 1318 3875 victoris
1367 3840 1561 3891 corpus

644 3892 933 3957 gloriosum
968 3932 1559 3945 ...........
1619 3923 1682 3932 -

574 3960 829 4015 Mulieres
866 3962 934 4012 ad
970 3961 1273 4027 sepulcrum
1316 3971 1561 4029 pergunt,

558 4068 567 4079 .
644 4030 967 4097 Mag-dalens
1000 4034 1298 4097 praecurrit
1366 4070 1379 4083 .
1423 4071 1435 4083 .

574 4099 640 4150 N.
661 4099 1089 4150 5.Difficu1tates
1115 4101 1259 4166 quod
1284 4101 1353 4151 ad
1376 4101 1561 4152 horam

646 4170 851 4231 attinet,
890 4184 997 4236 qua
1020 4170 1267 4221 mulieres
1296 4172 1563 4237 petierunt

644 4238 975 4305 sepulcrum,
1036 4241 1265 4289 examini
1324 4240 1560 4290 subdun-

646 4312 733 4357 tur

573 4376 899 4441 Magdalena
968 4377 1085 4428 sola
1156 4378 1291 4428 redit
1359 4380 1415 4427 in
1472 4394 1558 4428 ur-

645 4445 765 4496 bem
786 4484 1547 4498 ..............

577 4512 803 4565 Ceterae
840 4514 1086 4565 mulieres
1124 4531 1263 4581 quae
1289 4516 1357 4566 ad
1382 4516 1557 4581 sepul-

646 4598 791 4633 crum
816 4585 1095 4648 accedunt,
1127 4586 1195 4639 ab
1221 4585 1425 4651 Angelo
1446 4588 1556 4639 Do·

1604 3274 1698 3323 161

1755 2624 1762 2752 !

1952 658 2077 707 mini
2121 658 2582 708 Resurrectionem
2629 658 2868 722 discunt3
2905 584 2996 637 Q

1949 725 2142 791 Angeli
2179 727 2434 778 mandato
2469 726 2653 776 audito
2689 741 2868 777 rever-

1951 802 2132 845 tuntur
2144 834 2858 848 .............
2909 797 3016 846 164

2923 892 2992 902 .—

1881 864 1946 915 N.
1985 868 2032 915 1.
2071 866 2154 915 De
2189 870 2342 915 veste
2375 866 2567 931 Angeli
2613 864 2740 915 alba
2785 904 2797 915 .
2843 903 2857 916 .

1811 953 1870 1031 ξ.
1917 954 2021 1019 37.
2069 950 2135 1014 S.
2169 950 2235 1015 S.
2271 951 2524 1033 Petrus,
2569 950 2866 1015 Joannes

2077 1046 2144 1101 et
2164 1036 2253 1101 Μ.
2272 1036 2668 1121 Magdalena
2687 1036 2868 1099 veni-

2071 1132 2190 1187 unt
2223 1122 2308 1187 ad
2342 1122 2740 1209 sepulcrum.
2785 1180 2798 1191 .
2845 1180 2860 1191 .

1878 1226 2058 1277 Prima
2095 1226 2292 1279 Christi
2328 1228 2554 1279 redivivi
2583 1228 2868 1294 apparitio,

1950 1297 2102 1347 cuius
2152 1297 2206 1347 S.
2244 1297 2591 1365 Scriptura
2637 1304 2868 1363 aperte

1947 1368 2185 1417 meminit
2219 1367 2366 1417 facta
2399 1367 2756 1433 Magdalenae
2784 1406 2797 1417 .
2845 1404 2858 1417 .

1879 1452 2152 1517 Digressio
2187 1453 2258 1502 ad
2301 1454 2689 1519 apparitionem
2727 1467 2870 1519 quae

1949 1520 2259 1571 mulieribus
2302 1522 2512 1572 accidit.
2567 1522 2870 1572 Instituitur

1950 1592 2193 1655 quaestio
2231 1591 2300 1641 de
2323 1608 2544 1641 numero
2579 1598 2634 1640 et
2667 1607 2868 1643 sermo·

1947 1660 2107 1709 nibus
2166 1660 2488 1725 Angelorum
2549 1662 2619 1711 ad
2677 1676 2864 1710 monu-

1949 1734 2200 1779 mentum.
2253 1730 2314 1781 B.
2363 1730 2586 1779 Mariam
2633 1730 2696 1779 V.
2735 1730 2865 1796 pri-

1947 1812 2104 1847 mam
2141 1801 2418 1849 omnium
2441 1800 2638 1849 Filium
2663 1814 2698 1849 a
2727 1814 2865 1848 mor-

1947 1870 2055 1917 tuis
2073 1868 2370 1918 redivivum
2383 1870 2742 1934 conspexisse,
2757 1884 2868 1917 non

1949 1950 2056 1986 uno
2095 1946 2407 2003 argumento
2444 1936 2786 1987 confirmatur
2843 1976 2856 1987 .

1809 2026 1867 2101 ξ.
1914 2025 2018 2089 38,
2069 2022 2363 2088 Christus
2409 2032 2685 2111 apparet
2727 2044 2868 2086 mu-

2907 1368 3014 1417 166

2071 2108 2332 2173 lieribus
2385 2166 2858 2179 .........
2906 2128 3014 2177 169

1881 2212 2056 2263 Stulta
2115 2220 2170 2263 et
2227 2216 2392 2281 impia
2462 2212 2658 2281 agendi
2729 2216 2868 2265 ratio

1949 2282 2286 2334 sacerdotum
2319 2321 2856 2335 ..........
2907 2286 3014 2334 170

1880 2369 1944 2419 Ν.
1985 2372 2030 2419 1.
2081 2370 2135 2420 8.
2171 2370 2374 2420 Justini
2414 2376 2469 2420 et
2501 2388 2546 2421 s.
2581 2369 2870 2436 Augustini

1949 2438 2014 2488 (le
2075 2439 2232 2490 modo
2285 2440 2482 2505 agendi
2533 2441 2571 2490 J
2573 2440 2870 2490 udaeorum

1949 2508 2126 2559 faceta
2149 2509 2294 2559 dicta
2319 2546 2856 2561 ..........

1880 2576 2121 2627 Christus
2159 2578 2336 2641 Petro,
2382 2577 2593 2629 duobus
2629 2578 2867 2631 Emaun-

1947 2652 2053 2697 tem
2075 2647 2323 2699 euntibus
2345 2647 2635 2714 discipulis,
2657 2647 2870 2697 demum

1947 2715 2220 2781 Apostolis
2309 2718 2557 2767 omnibus
2640 2724 2866 2783 excepto

1948 2784 2156 2834 Thoma
2189 2800 2248 2835 se
2284 2786 2572 2836 videndum
2625 2788 2868 2853 praebet.

1949 2853 2182 2905 Thomas
2215 2856 2522 2906 incredulus
2551 2893 2858 2907 ......

1879 2922 2120 2973 Christus
2200 2924 2473 2989 Apostolis
2566 2926 2868 2990 impertitur

1949 2990 2199 3058 Spiritum
2249 2994 2504 3044 Sanctum
2549 3032 2856 3045 ......

1877 3079 1940 3130 Ν.
1979 3081 2029 3129 3.
2075 3080 2158 3130 De
2212 3078 2331 3131 loco
2365 3081 2594 3132 Joannis
2645 3082 2729 3143 20,
2778 3082 2865 3129 23.

1950 3186 1974 3209 ,‚
1983 3147 2218 3209 Quorum
2231 3150 2539 3200 remiseritis
2549 3154 2774 3215 peccata
2785 3164 2868 3199 re-

1947 3219 2274 3282 mittuntur“‚
2303 3220 2709 3270 observationes
2744 3235 2866 3285 pro·

1947 3287 2188 3337 feruntur
2210 3325 2862 3339 ............

1852 3374 2016 3437 ,39.
2065 3371 2408 3525 Apparitio
2429 3372 2670 3438 Christi
2686 3373 2866 3460 Apo-

2200 3483 2254 3523 ls
2272 3480 2420 3529 facta
2431 3479 2866 3544 p-raesonteTho

2077 3561 2181 3608 ma,
2213 3546 2372 3599 huius
2395 3546 2526 3599 fides
2551 3585 2857 3598 ......

1875 3615 1941 3665 N.
1997 3618 2045 3665 2.
2119 3616 2281 3667 Crisis
2353 3618 2654 3669 sententiae
2724 3631 2866 3682 quae

1946 3684 2212 3737 Christum
2263 3687 2332 3737 ad
2367 3688 2642 3737 introitum
2687 3685 2868 3737 occlu-

1947 3770 2035 3805 sas
2083 3755 2225 3806 fores
2274 3757 2549 3823 aperuisse
2594 3758 2671 3805 ait
2721 3793 2733 3804 .
2781 3794 2794 3805 .

1877 3822 1941 3873 N.
1968 3826 2017 3874 6.
2041 3824 2517 3875 Rationalistarum
2543 3824 2869 3874 offendicula

1947 3894 2012 3943 de
2049 3896 2312 3959 promissa
2343 3900 2398 3945 et
2423 3894 2644 3960 impleta
2669 3892 2867 3944 Christi

1947 3964 2284 4029 apparitione
2319 3966 2374 4013 in
2413 3961 2661 4014 Galilaea
2695 3978 2866 4013 remo-

1946 4038 2139 4083 ventur

1878 4100 2121 4153 Christus
2159 4117 2277 4152 cum
2315 4100 2586 4168 Apostolis
2621 4102 2679 4151 in
2717 4100 2863 4151 Gali-

1945 4171 2068 4221 laea
2101 4176 2465 4233 conversatur,
2515 4172 2594 4221 eis
2640 4175 2870 4237 apparet

1946 4240 2015 4290 ad
2073 4255 2222 4291 mare
2283 4240 2642 4303 Genesareth,
2703 4240 2866 4290 Petro

1946 4310 2239 4360 Primatum
2283 4310 2492 4359 confert

1877 4378 2074 4431 Christi
2109 4380 2376 4445 apparitio
2410 4380 2468 4429 in
2503 4382 2684 4477 monte
2719 4376 2863 4428 Gali-

1944 4448 2096 4498 laeae
2143 4485 2855 4499 .............

1875 4518 1940 4568 N.
1999 4520 2045 4566 ⁷.
2106 4518 2265 4568 Mons
2319 4516 2598 4567 Galilaeae
2651 4517 2744 4567 ubi
2797 4518 2870 4565 sit

1945 4588 2078 4637 situs
2122 4586 2434 4654 disquiritur
2493 4623 2859 4638 .......
2921 4612 2988 4623 --

2905 2511 3015 2561 17⁰

2906 2996 3014 3043 172
