3267 5259
1116 480 1403 525 chronotaxis
1428 478 1707 535 Evangelia.
2413 478 2420 483 '
2457 464 2662 519 XXXV

386 663 471 719 27.
504 662 857 734 Diequin‘tur
890 664 957 718 de
988 680 1163 719 manse
1192 669 1245 719 et
1274 664 1362 718 die
1391 664 1569 719 natali
1604 662 1823 719 Chi-isti.
1869 664 2133 721 Mensis
2163 664 2417 741 quidem,
2451 682 2565 741 quo
2596 662 2660 721 in

214 763 441 839 virgineo
470 764 537 823 Β.
578 766 811 825 Mariae
848 766 921 824 V.
957 771 1125 825 utero
1162 766 1275 825 Dei
1313 765 1504 825 Filius
1541 772 1870 845 conceptus,
1912 768 2198 827 humanos
2235 771 2399 826 artus
2440 768 2659 836 induit,

218 869 363 927 totins
386 889 521 946 pene
549 870 933 949 antiquitatis
964 890 1247 931 consensu
1275 872 1620 944 Martius,
1666 872 1818 931 dies
1847 892 1986 933 vero
2027 871 2376 933 vicesima
2405 870 2664 950 quinta

216 972 453 1043 habetur;
496 976 613 1035 iam
642 976 889 1034 docente
920 976 1061 1035 divo
1106 976 1443 1051 Augustino
1468 974 1505 1047 ¹,
1550 978 1706 1036 sicut
1733 996 1768 1035 a
1803 977 2120 1036 maioribus
2157 977 2444 1035 traditum
2482 975 2664 1034 susci-

220 1078 351 1152 piens
382 1078 641 1139 wolesiae
680 1082 940 1141 custodit
978 1082 1295 1141 auctoritas
1316 1077 1384 1140 ².‘
1460 1081 1597 1141 Non
1636 1082 1838 1141 eadem
1885 1086 2084 1141 tamen
2129 1086 2216 1139 est
2258 1080 2556 1139 consensio
2607 1086 2666 1137 et

220 1184 464 1242 sententia
490 1186 559 1244 de
588 1204 791 1245 mense
821 1204 893 1243 ac
921 1186 1017 1244 die
1048 1185 1283 1245 Christo
1314 1189 1577 1245 nascenti
1607 1188 1864 1263 proprio.
1911 1186 2029 1245 Pro
2059 1186 2339 1245 vicesima
2367 1190 2427 1243 et
2453 1190 2667 1263 quarta

220 1288 393 1345 mensis
420 1287 759 1349 Decembris
788 1296 1018 1367 pugnat
1054 1292 1377 1350 communis
1420 1290 1481 1351 S.
1512 1291 1805 1351 Ecclesiae
1852 1291 2148 1351 Romanae
2191 1310 2390 1349 sensus
2405 1288 2446 1363 ³,
2501 1292 2668 1349 cuius

222 1391 511 1451 institutum
560 1396 639 1453 de
688 1396 828 1454 festi
880 1396 1115 1455 Natalis
1166 1398 1239 1456 ab
1285 1396 1626 1473 Epiphania
1672 1396 1914 1455 Domini
1968 1396 2358 1456 celebratione
2407 1396 2664 1467 seolsim,

225 1498 409 1556 saeculo
436 1505 645 1578 quarto
662 1532 741 1544 —-
762 1519 814 1559 c.
832 1519 888 1560 a.
908 1504 1056 1559 376.
1074 1500 1501 1561 ——Orientalis
1530 1502 1792 1561 Ecclesia
1819 1506 2016 1561 secuta
2045 1505 2156 1571 est;
2189 1520 2324 1559 cum
2351 1506 2490 1559 ante
2518 1498 2669 1558 illud

229 1612 415 1679 tempus
440 1600 525 1681 ,τὰ
556 1601 862 1681 ἐτ-ςιφάνινοεισιι
896 1604 1120 1665 Christi
1150 1607 1365 1666 coleret
1395 1606 1503 1665 VI.
1534 1606 1810 1665 «Ianuarii
1833 1604 1876 1665 ⁴.
1924 1606 2200 1665 Firmant
2226 1607 2386 1664 hunc
2414 1624 2672 1663 mensem

234 1783 538 1794 ————.—

398 1882 431 1947 ¹)
464 1883 551 1932 De
587 1881 870 1932 Trinitate.
910 1880 945 1930 l.
971 1881 1062 1943 IV,
1088 1896 1133 1931 c.
1161 1884 1209 1933 5.
1249 1882 1394 1944 VIII,
1420 1882 1539 1932 816.
1613 1881 1656 1947 ²)
1695 1881 1758 1932 V.
1791 1898 1836 1932 e.
1876 1880 2180 1934 Chronicon
2217 1881 2503 1946 Paschale,
2541 1897 2670 1935 cura

226 1966 275 2017 (le
302 1968 481 2020 Fresne
506 1968 584 2020 du
609 1968 812 2035 Cange.
838 1968 925 2019 ed.
951 1969 1083 2021 Ven.
1115 1962 1261 2020 1729.
1290 1986 1341 2035 ρ.
1370 1971 1487 2021 159.
1526 1969 1645 2031 „die
1675 1969 1843 2019 XXV.
1879 1969 2171 2020 secundnm
2197 1970 2466 2021 Romanos
2491 1970 2672 2021 Martii

225 2056 407 2118 mensis,
455 2056 727 2108 catholica
780 2062 837 2107 et
882 2056 1181 2122 apostolica
1233 2058 1337 2107 Dei
1392 2055 1650 2119 ecclesia,
1707 2072 1770 2107 ex
1825 2073 1868 2106 s.
1905 2056 2182 2107 doctorum
2239 2057 2523 2107 traditione
2570 2057 2675 2107 Dei

226 2140 465 2196 Genitricis
498 2144 739 2209 Virginis
774 2143 983 2194 Mariae
1031 2144 1493 2195 annuntiationem
1541 2142 1809 2195 celebrat⁴⁶
1858 2144 1922 2193 V.
1961 2143 2100 2195 Acta
2133 2142 2468 2195 Sanctorum.
2516 2144 2674 2194 Mart.

226 2226 301 2277 ΠΙ.
334 2229 407 2281 ed.
428 2231 563 2281 Ven.
593 2230 746 2281 1736.
770 2246 823 2296 p.
852 2231 971 2281 534.
999 2246 1041 2281 s.
1076 2230 1357 2281 Benedicti
1380 2230 1540 2292 MV„
1580 2229 1648 2279 de
1672 2229 1823 2281 festis
1847 2230 1908 2281 B.
1934 2230 2155 2282 Mariae.
2193 2232 2256 2281 V.
2282 2230 2317 2282 l.
2341 2230 2412 2281 11.
2433 2246 2479 2281 c.
2505 2232 2554 2281 3.
2593 2230 2677 2281 ed.

227 2314 412 2367 Bessan.
437 2316 603 2384 Oper.
632 2319 783 2367 1767.
823 2317 971 2380 vm,
1000 2318 1116 2367 186.
1142 2331 1185 2367 s.
1258 2316 1299 2383 ³)
1336 2317 1400 2367 V.
1426 2334 1469 2367 s.
1493 2316 1954 2383 Augustinum,
1993 2317 2058 2367 de
2095 2318 2240 2367 Trin.
2279 2318 2314 2367 l.
2341 2334 2383 2369 s.
2411 2334 2458 2367 c.
2481 2318 2677 2369 Enarr-

228 2402 269 2452 in
290 2403 364 2453 Ps.
390 2408 504 2467 132,
532 2407 617 2456 11.
666 2404 963 2465 „Dominus
998 2409 1159 2455 natus
1195 2409 1388 2455 octavo
1422 2403 1696 2455 Kalendas
1731 2404 2070 2465 „Ianuariasst
2111 2406 2202 2467 lv,
2232 2407 2412 2469 1490.;
2451 2419 2680 2471 quocum

228 2490 269 2539 in
298 2491 507 2542 eundem
538 2507 776 2543 mensem
801 2492 1125 2558 conspirant,
1165 2490 1495 2558 Sulpitins
1534 2490 1691 2555 Sev.,
1729 2491 1762 2543 1.
1788 2492 1860 2543 11.
1885 2492 2024 2543 Hist.
2052 2494 2136 2543 39.
2174 2492 2258 2543 ed.
2285 2492 2454 2543 Hom.
2479 2509 2532 2559 p.
2560 2492 2678 2543 347.

228 2576 269 2625 S.
290 2576 759 2644 chrysologus,
798 2594 952 2629 serm.
978 2578 1166 2629 CLIX.
1204 2577 1287 2628 ed.
1314 2578 1437 2642 Tyr.
1468 2578 1541 2641 11,
1568 2580 1688 2629 305.
1716 2606 1782 2615 --
1807 2579 1920 2629 Nec
1955 2578 2458 2644 praetermittendus
2495 2584 2682 2630 auctor

229 2662 381 2717 Consi.
404 2670 574 2731 apost.
612 2666 679 2727 V,
709 2667 791 2715 13.
828 2665 911 2715 ed.
938 2664 1108 2717 Cotel.
1146 2682 1197 2731 p.
1224 2667 1343 2716 315.
1394 2666 1573 2733 Digna
1598 2666 1758 2717 etiam
1783 2670 1864 2716 est
1887 2665 2030 2715 lectu
2054 2670 2184 2717 nota
2209 2664 2542 2727 duodecima,
2574 2682 2682 2731 qua

230 2748 492 2801 Cotelerius
529 2752 769 2818 disputat
805 2751 871 2803 de
908 2750 1107 2803 celebri
1144 2752 1239 2802 illa
1270 2752 1585 2803 confusione
1610 2752 1988 2803 solennitatum
2017 2752 2222 2803 Natalis
2249 2756 2303 2801 et
2327 2752 2680 2818 Epiphaniae.

230 2864 281 2873 --
300 2836 349 2889 S.
372 2838 725 2902 Paulinus,
758 2856 935 2906 poem.
959 2840 1156 2891 XXVI.
1193 2840 1261 2889 de
1292 2857 1334 2891 s.
1360 2838 1541 2890 Felice
1568 2856 1612 2890 c.
1639 2840 1733 2891 IX.
1773 2839 1856 2891 ed.
1892 2840 1954 2890 1..
1992 2840 2054 2891 A.
2089 2839 2383 2891 Muratorii.
2419 2840 2682 2891 Veronae.

233 2926 357 2977 1736.
386 2944 438 2994 p.
470 2930 591 2979 623,
630 2928 777 2979 canit
813 2926 1119 2977 disiunctim
1158 2926 1323 2990 diem,
1373 2942 1515 2993 „qua
1550 2928 1770 2993 Virgine
1807 2930 1993 2989 natus3
2041 2942 2136 2993 pro
2175 2928 2382 2977 cunctis
2418 2926 2684 2978 hominem

230 3015 391 3065 sumsit
420 3016 599 3075 Deus3
648 3028 759 3081 qua
803 3028 1027 3080 puerum
1065 3012 1225 3065 stella
1260 3014 1395 3065 duce
1432 3014 1658 3079 mystica
1695 3014 1838 3065 dona
1881 3014 2110 3066 ferentes
2158 3014 2469 3081 suppliciter
2503 3014 2686 3065 videre

230 3098 394 3166 Magia·
465 3103 509 3167 θ)
553 3102 791 3167 Egregia
836 3106 986 3165 sunt,
1034 3116 1175 3167 quae
1212 3100 1313 3153 hac
1360 3101 1427 3151 de
1465 3116 1522 3151 re
1558 3100 1724 3151 habet
1765 3118 1809 3153 s.
1842 3101 1894 3152 J.
1932 3101 2368 3167 chrysostomus,
2417 3099 2595 3152 homil.
2631 3101 2686 3151 in

231 3185 349 3237 diem
380 3193 485 3239 nat.
519 3188 657 3239 Jesu
694 3188 893 3240 Christi
929 3188 1011 3238 ed.
1038 3188 1173 3239 Ben.
1202 3190 1351 3238 1734.
1376 3188 1448 3238 11.
1485 3204 1537 3254 p.
1564 3190 1684 3239 355.
1749 3188 2030 3251 „Nondum
2067 3188 2304 3241 decimus
2339 3195 2440 3251 est,
2477 3204 2542 3239 ex
2579 3204 2686 3255 quo

232 3272 303 3323 hic
334 3275 441 3341 ipse
474 3274 589 3327 dies
624 3275 907 3327 manifeste
950 3275 1107 3327 nobis
1150 3275 1412 3325 innotuit.
1436 3310 1449 3325 .
1472 3311 1486 3325 .
1505 3310 1519 3325 .
1558 3290 1680 3325 cum
1717 3274 1787 3325 ab
1825 3275 2042 3327 exordio
2069 3302 2134 3312 ——
2161 3268 2342 3326 ἄνωθεν
2368 3304 2433 3313 -—·
2459 3276 2547 3338 iis,
2597 3276 2687 3342 qni

234 3361 279 3409 in
308 3362 572 3414 occidente
605 3362 856 3413 habitant
892 3364 1137 3429 cognitus
1172 3362 1380 3413 fuerit.“
1432 3361 1513 3413 Cf.
1540 3379 1590 3428 p.
1619 3364 1738 3413 362.
1786 3362 1936 3413 Idem
1971 3362 2155 3413 videre
2187 3367 2268 3413 est
2292 3380 2355 3413 ex
2381 3380 2422 3413 s.
2447 3362 2690 3429 Gregorii

234 3446 447 3513 δμωαί,
483 3450 631 3501 Orat.
670 3451 727 3500 in
764 3450 905 3501 diem
940 3449 1177 3501 natalem
1208 3450 1429 3500 Domini
1467 3448 1549 3499 ed.
1576 3450 1700 3499 Par.
1743 3451 1892 3499 1615.
1929 3450 1998 3513 ΙΙ,
2035 3450 2152 3499 782.
2215 3450 2402 3509 „Nunc
2426 3450 2692 3516 —inquit

236 3538 283 3583 et
309 3551 403 3587 non
436 3542 559 3588 ante
586 3565 649 3574 --
676 3554 775 3603 per
810 3542 979 3587 totum
1017 3538 1197 3587 orbem
1236 3552 1349 3587 uua
1382 3552 1517 3587 voce
1554 3536 1770 3587 Festum
1817 3536 2200 3587 celebrantium
2238 3536 2438 3587 clamor
2474 3536 2689 3587 exaudi-

238 3626 349 3671 tur-,⁴⁶
398 3624 690 3675 Plurimum
726 3624 1120 3675 illustrarentur
1155 3623 1323 3675 verba
1358 3640 1399 3675 s.
1427 3623 1794 3689 chrysostomi
1830 3629 1886 3673 et
1919 3638 1960 3674 s.
1988 3623 2228 3689 Gregorii
2266 3624 2421 3688 Nyss.
2459 3628 2692 3673 tractatu

241 3710 495 3774 epistolari,
534 3712 602 3763 de
626 3712 893 3762 divisione
924 3712 1179 3763 festorum
1204 3711 1411 3763 Natalis
1434 3711 1652 3761 Domini
1677 3724 1743 3760 ac
1766 3710 2123 3777 Epiphaniae,
2161 3711 2382 3777 eiusque
2409 3712 2693 3761 occasione

242 3801 287 3844 et
328 3799 515 3865 origine
568 3799 605 3850 J
608 3799 799 3849 oannis
854 3798 1259 3865 Archiepiscopi
1312 3800 1537 3849 Nicaeni
1594 3797 1666 3848 ad
1720 3797 2030 3849 Zachariam
2085 3796 2420 3849 Catholicum
2479 3798 2694 3849 maioris

244 3882 503 3949 Armeniae,
530 3886 679 3953 apud
701 3885 793 3936 Fr.
813 3884 1210 3947 Combefisium,
1236 3884 1374 3935 Hist.
1400 3884 1543 3935 haer.
1570 3884 2054 3935 Monothelitarum.
2075 3886 2198 3935 Par.
2226 3886 2376 3935 1648.
2403 3902 2453 3951 p.
2480 3886 2597 3934 297.
2625 3899 2693 3947 s.;

246 3970 281 4017 ti
308 3979 433 4023 met
464 3974 847 4038 Chrysostomo
892 3972 1137 4039 aequalis
1170 3978 1269 4023 aut
1304 3987 1532 4039 suppar,
1576 3988 1762 4023 verum
1805 3977 1865 4023 ut
1899 3972 2214 4023 monstravit
2249 3972 2420 4022 editor
2455 3970 2694 4022 eruditis·

248 4056 381 4111 simun
412 4060 779 4123 combefisius,
816 4060 851 4110 1.
878 4076 923 4112 c.
959 4066 1070 4112 not.
1107 4077 1159 4126 p.
1188 4062 1307 4111 309.
1344 4058 1547 4111 saeculi
1591 4059 1730 4111 sexti
1765 4064 1862 4110 est.
1923 4060 2202 4121 Exstabat,
2243 4064 2302 4108 ut
2337 4057 2522 4108 scribit
2557 4056 2697 4107 idem

248 4160 287 4209 p.
312 4148 433 4212 313„
467 4148 663 4199 Jacobi
698 4142 997 4215 ἂὸελφοθέου
1032 4148 1247 4199 nomine
1285 4146 1551 4214 quaedam
1588 4147 1914 4210 constitutio,
1952 4161 2060 4212 qua
2093 4147 2391 4197 niterentur
2423 4144 2696 4195 Armenio-

248 4246 353 4295 mm,
386 4234 627 4303 aliaeque
664 4236 899 4287 Orientis
934 4235 1235 4299 Ecclesiae,
1277 4240 1339 4285 ut
1372 4240 1525 4286 sexta
1558 4234 1808 4285 Januarii
1843 4236 1900 4285 in
1935 4233 2255 4301 Epiphaniis
2293 4232 2490 4283 Christi
2527 4237 2696 4283 ortum

248 4318 501 4374 tolenniter
544 4323 861 4375 recolerent.
922 4322 985 4373 V.
1026 4340 1073 4373 e.
1118 4340 1159 4375 s.
1196 4321 1513 4389 Epiphanii,
1562 4322 1684 4373 adv.
1727 4321 1873 4373 haer.
1915 4322 2018 4385 LI,
2059 4322 2142 4371 24.
2188 4322 2270 4370 29.
2321 4320 2374 4381 I,
2417 4321 2535 4370 446.
2579 4321 2698 4371 451.

250 4406 443 4467 Quidam
478 4416 613 4465 teste
638 4410 915 4463 Clemente
939 4411 1321 4474 Alexandrino,
1354 4409 1602 4461 Stromat.
1628 4409 1672 4473 1,
1701 4412 1784 4461 21.
1823 4409 1904 4459 ed.
1929 4409 2130 4459 Potter.
2156 4408 2289 4458 Ven.
2318 4408 2470 4458 1775.
2511 4410 2556 4469 1,
2581 4410 2700 4457 407.

250 4492 349 4546 408.
377 4499 676 4551 vicesimam
712 4500 953 4566 quintam
988 4500 1188 4551 mensis
1222 4496 1459 4560 Pachon,
1496 4512 1593 4549 seu
1626 4500 1712 4548 20.
1749 4496 1880 4547 Maii
1915 4496 2274 4558 celebravere,
2311 4496 2552 4561 quamvis
2587 4494 2702 4557 hos,

252 4580 307 4631 de
340 4586 448 4637 sola
488 4588 683 4641 Christi
728 4588 1079 4654 conceptione
1124 4588 1201 4637 ita
1244 4586 1506 4650 sensisse,
1556 4586 1822 4637 existimet
1864 4586 1932 4637 D.
1979 4584 2258 4646 Petavius‚
2309 4583 2378 4635 ad
2425 4582 2572 4633 haer.
2616 4583 2700 4633 51.

254 4670 503 4739 Alogorum
537 4676 889 4729 animadvers.
934 4676 1006 4741 11,
1044 4678 1165 4726 209.
1202 4678 1321 4726 210.

2321 4758 2397 4810 oe
