3267 5259
631 429 755 491 144
1260 440 1380 483 mut.
1408 440 1513 481 aar.
1542 440 1630 483 «nv.
1661 442 1715 483 ιι.
1741 440 1793 481 r.
1827 440 1994 482 rex-toa.
2045 440 2084 483 1.
2103 452 2198 492 οι».
2229 441 2432 483 sueram.

626 610 1097 697 Hierosolymis
1143 613 1262 677 sed
1304 636 1426 699 per
1467 622 1674 679 totam
1703 612 2140 678 Palaestinam
2186 615 2612 695 notissimum,
2659 634 2806 676 cum
2841 611 3088 676 ducere-

626 734 749 807 tur,
774 746 1015 809 magna
1058 724 1399 791 multitudo
1444 724 1670 811 populi
1715 725 2113 811 sequebatur
2131 729 2170 789 ¹.
2235 724 2371 789 Sed
2417 736 2482 787 et
2523 724 2866 788 mulierum
2895 726 3090 787 vicem

628 838 767 901 eius
834 836 1189 901 dolentium
1204 838 1249 920 2,
1312 848 1379 901 et
1456 838 1627 901 inter
1691 836 1810 901 has
1875 838 2084 902 Maria
2155 838 2369 901 Mater
2441 836 2482 901 J
2487 858 2631 921 esu3
2710 858 2878 921 quae
2953 847 3091 901 tunc
3198 852 3199 877 ³

628 960 901 1035 experta
942 951 1159 1036 reipsa
1204 960 1319 1033 est,
1370 972 1566 1037 quam
1610 973 1767 1016 vere
1815 951 2058 1016 dictum
2090 974 2131 1015 a
2161 950 2467 1015 Simeone
2513 951 2633 1013 sit23
2677 960 2878 1031 ,tuam
2907 952 3092 1035 ipsius
3198 954 3199 977 *

628 1063 912 1126 animam
955 1062 1377 1147 pertransibit
1419 1062 1719 1147 gladius‘.
1791 1062 1834 1127 J
1837 1086 1987 1128 esus
2046 1063 2133 1127 ad
2177 1061 2480 1127 mulieres
2524 1061 2912 1147 plangentes
2957 1085 3093 1127 con-

626 1198 856 1241 versus
920 1174 1103 1239 iubet
1170 1198 1282 1240 eas
1298 1180 1341 1259 ⁴,
1388 1199 1472 1241 ne
1540 1186 1872 1262 tamquam
1941 1179 2246 1241 miserum
2323 1178 2532 1262 ipsum
2605 1175 2838 1240 flerent
2911 1186 3091 1259 atque
3198 1252 3199 1263 ἵ

626 1287 975 1370 infelicem,
1022 1286 1141 1351 sed
1184 1290 1400 1373 potius
1445 1290 1712 1375 propria
1748 1312 1867 1354 sua
1895 1288 2378 1375 liberorumque
2409 1289 2780 1369 infortunia,
2829 1308 3091 1373 quorum
3198 1336 3199 1387 ζ

626 1401 887 1464 miseria
932 1409 1105 1464 esset
1150 1399 1557 1486 duplicatura
1601 1404 1758 1488 ipsis
1803 1424 2168 1467 maerorem
2187 1405 2230 1465 ⁵.
2295 1400 2499 1465 Simul
2531 1424 2678 1464 cum
2705 1400 2866 1465 Jesu
2913 1399 3094 1462 duee·
3198 1452 3199 1477 ἦ

628 1512 865 1576 bantur
920 1512 1049 1577 duo
1107 1512 1461 1579 facinorosi
1504 1513 1789 1579 latrones
1835 1537 1967 1579 una
2007 1515 2076 1578 in
2139 1536 2401 1578 crucem
2444 1512 2702 1598 agendi.
2763 1511 2897 1576 Ubi
2955 1534 3094 1575 ven·
3198 1514 3199 1529 *

626 1634 765 1688 tum
808 1624 1075 1689 tandem
1122 1624 1207 1689 ad
1254 1624 1650 1711 Golgotham
1695 1629 1924 1712 poenis
1969 1628 2328 1712 sepositum
2387 1625 2674 1707 locumss,
2742 1623 2960 1688 stabat
3021 1644 3096 1686 ex
3198 1628 3199 1697 ᾗ

628 1738 855 1801 itinere
939 1736 1151 1802 fessus
1220 1736 1540 1821 Salvator,
1612 1748 1679 1802 et
1723 1738 2074 1824 erigendae
2163 1740 2372 1811 crucis
2455 1747 2799 1823 exspectat
2869 1758 3095 1801 moras.

626 1846 821 1913 Unde
868 1871 951 1913 ne
997 1852 1168 1915 vires
1223 1872 1373 1913 eum
1428 1850 1881 1933 destituerent,
1949 1852 2080 1915 iam
2139 1849 2382 1915 lassum
2445 1858 2512 1913 et
2575 1850 2925 1931 sitientem,
2993 1844 3098 1911 sed

626 1960 981 2027 maioribus
1026 1964 1363 2027 tormentis
1408 1961 1915 2046 reservandum3
1949 1960 2273 2027 dederunt
2316 1961 2550 2026 milites
2597 1960 2851 2025 Christo
2883 1958 3098 2023 biben-

629 2073 783 2138 dum
850 2083 1075 2159 potum
1144 2075 1368 2139 vinum
1434 2097 1584 2140 cum
1651 2074 1914 2161 myrrha
1979 2076 2254 2139 mixtum
2277 2078 2316 2139 ⁷.
2394 2074 2438 2139 J
2441 2096 2588 2138 esus
2649 2072 2822 2138 hunc
2883 2083 3100 2158 potum

626 2347 724 2395 mis
760 2346 998 2411 picturis.
1022 2344 1376 2396 confirmatur
1413 2362 1477 2396 ex
1511 2346 1690 2395 verbis
1727 2360 1770 2395 s.
1806 2347 1990 2396 Lucae
2027 2348 2110 2410 23,
2153 2347 2236 2396 26.
2275 2350 2328 2395 et
2361 2345 2556 2395 Joann.
2596 2346 2682 2407 19,
2722 2345 2803 2394 17.
2847 2360 2955 2409 quo
2992 2345 3102 2393 loeo

623 2432 847 2498 legimus
887 2438 972 2493 „et
1006 2431 1252 2482 baiulans
1289 2432 1391 2481 sibi
1428 2448 1654 2495 crucem,
1693 2433 1857 2483 exivit
1897 2433 1951 2481 in
1995 2448 2132 2495 eum,
2175 2432 2266 2497 qui
2303 2432 2497 2482 dicitur
2545 2430 2826 2481 Calvariae
2875 2430 3097 2482 locum“.

626 2520 768 2569 Huic
790 2518 1078 2584 respondet
1112 2525 1271 2585 typus
1306 2518 1499 2583 Isaaci,
1538 2520 1629 2584 qui
1665 2534 1785 2569 cum
1821 2534 1856 2569 a
1888 2524 2042 2584 patre
2077 2518 2254 2569 hostia
2289 2517 2586 2577 duceretur,
2611 2518 2814 2583 lignum
2850 2519 2966 2583 ipse
3009 2518 3104 2565 sibi

624 2606 857 2671 portavit
880 2606 935 2655 in
970 2610 1201 2655 montem
1225 2605 1411 2655 Moria.
1436 2606 1501 2656 V.
1525 2605 1595 2655 H.
1620 2605 1684 2654 R.
1710 2604 1779 2654 D.
1804 2605 1868 2655 V.
1893 2606 1955 2655 Τ.
1974 2622 2026 2670 p.
2052 2606 2136 2654 68.
2163 2606 2243 2655 59.
2281 2604 2607 2669 Neutiquam
2631 2609 2774 2655 certe
2795 2620 3104 2669 persuasum

624 2690 882 2741 habemus
938 2691 1205 2741 Christum
1260 2690 1401 2741 hanc
1454 2706 1691 2755 crucem,
1747 2692 1833 2741 cui
1892 2696 2076 2743 nostra
2119 2692 2303 2741 iuncta
2356 2696 2508 2742 erant
2561 2691 2806 2754 crimina,
2861 2690 2950 2741 vel
3003 2706 3103 2739 mo—

624 2783 803 2829 mento
842 2777 1170 2843 deposuisse.

838 2864 875 2929 ¹)
927 2865 1009 2914 Eo
1048 2866 1217 2914 maior
1251 2866 1505 2930 quoniam
1538 2864 1820 2915 Paschatis
1857 2865 2118 2930 agebatur
2153 2863 2390 2915 solemne
2427 2865 2648 2927 festum,
2686 2864 2754 2914 ad
2793 2863 2938 2929 quod
2975 2863 3104 2913 cele-

626 2948 889 2999 brandum
924 2952 1203 3001 innumera
1237 2951 1568 3002 Judaeorum
1603 2950 1786 3015 turba,
1842 2966 1908 3000 ex
1954 2949 2200 3001 omnibus
2235 2950 2418 3000 mundi
2455 2952 2562 3001 oris
2600 2952 2886 3000 convenire
2921 2950 3102 2999 Hiero-

625 3035 883 3101 solymam
918 3036 1143 3088 solebat.
1206 3037 1245 3103 2)
1284 3038 1347 3087 In
1382 3038 1547 3103 vulgo
1582 3038 1901 3103 promiscuo,
1938 3037 2081 3103 quod
2117 3037 2187 3087 ad
2223 3037 2603 3103 suppliciorum
2639 3035 2953 3103 spectacula.
2989 3052 3104 3086 con·

626 3125 814 3185 currit,
870 3138 995 3187 pars
1050 3138 1244 3189 magna
1296 3138 1459 3189 saepe
1512 3123 1762 3175 mulieres
1816 3128 1956 3173 sunt.
2015 3123 2105 3174 Sic
2156 3124 2342 3173 Jesum
2389 3126 2546 3174 etiam
2594 3128 2783 3174 secuta
2827 3122 3102 3173 mulierum

624 3210 813 3275 ingens
838 3208 1120 3261 multitudo
1146 3215 1245 3260 est.
1294 3211 1394 3261 His
1418 3211 1669 3277 propriae
1706 3214 1830 3261 sunt
1864 3210 2273 3261 lamentationes
2297 3225 2566 3273 manuum,
2591 3211 2714 3273 oris,
2741 3215 2796 3260 et
2818 3210 3104 3259 oculorum.

602 3296 797 3346 ’Datur
850 3296 1073 3363 intelligi
1125 3298 1181 3346 in
1226 3297 1537 3363 Evangeliis
1586 3298 1948 3363 complosione
1995 3312 2272 3359 manuum,
2329 3296 2556 3359 eiulatu,
2595 3296 2828 3346 lacrimis
2873 3295 3104 3345 dolorem

624 3398 778 3433 suum
815 3382 912 3434 has
949 3384 1200 3434 mulieres
1238 3384 1557 3434 declarasse.
1617 3384 1682 3433 Id
1730 3384 1930 3434 factum
1976 3383 2190 3449 quidem
2237 3398 2272 3433 a
2317 3383 2497 3434 mulla‘s
2545 3400 2612 3433 ex
2661 3382 2927 3432 humanae
2973 3397 3103 3445 sym-

622 3469 840 3535 pathiae
876 3470 1071 3520 affectu
1108 3476 1203 3520 est.
1252 3469 1335 3519 Ab
1374 3470 1492 3520 aliis
1531 3475 1707 3520 autem
1734 3470 1879 3536 quod
1902 3454 2240 3520 innocentem
2266 3472 2437 3520 virum
2464 3474 2516 3519 et
2537 3468 2810 3519 miraculis
2834 3468 3103 3529 illustrem,

626 3556 799 3622 abripi
863 3556 931 3606 ad
988 3562 1093 3606 tam
1149 3560 1301 3607 atrox
1356 3561 1411 3607 et
1461 3557 1873 3623 ignominiosum
1925 3557 2246 3623 supplicium
2299 3556 2556 3606 dolerent.
2635 3556 2678 3620 ⁸)
2731 3556 2868 3605 Luc.
2921 3558 2980 3618 2,
3027 3556 3104 3603 35.

625 3640 667 3708 ⁴)
704 3642 851 3692 Trito
878 3644 1021 3708 apud
1047 3644 1324 3693 Hebraeos
1362 3643 1574 3694 dicendi
1610 3658 1806 3710 genere
1840 3642 2015 3705 „filiae
2038 3643 2077 3693 J
2079 3636 2372 3693 erusale'm“
2411 3643 2600 3708 inquit.
2641 3640 2682 3708 ⁵)
2720 3642 2964 3707 Respicit
2985 3642 3104 3690 Hie—

624 3728 1007 3793 rosolymarum
1044 3730 1307 3781 excidium
1344 3731 1441 3781 sub
1479 3730 1629 3793 Tito,
1691 3730 1825 3780 adeo
1872 3730 2120 3792 arduum,
2175 3734 2236 3779 ut
2277 3730 2334 3779 in
2377 3730 2610 3779 maxima
2649 3728 2922 3778 felicitatis
2960 3734 3104 3792 parte
3198 3742 3199 3787 j

622 3816 808 3865 merito
846 3816 1217 3866 collocandum
1252 3818 1404 3881 foret,
1443 3816 1619 3867 nullos
1655 3818 1928 3883 peperisse
1969 3816 2168 3865 liberos
2213 3820 2308 3866 aut
2352 3815 2598 3865 lactasse.
2661 3814 2701 3881 ⁶)
2753 3814 2835 3865 Of.
2877 3814 3104 3873 Schultz,

622 3901 921 3952 Jerusalem
958 3919 1009 3967 p.
1037 3906 1119 3953 95.
1148 3918 1188 3953 s.
1226 3904 1466 3969 Langen,
1505 3903 1555 3953 d.
1581 3903 1783 3954 letzten
1805 3903 2148 3969 Lebenstage
2171 3903 2320 3965 Jesu,
2347 3920 2399 3965 p.
2425 3904 2543 3953 363.
2569 3918 2610 3953 s.
2659 3902 2784 3952 Not.
2807 3908 2846 3951 t.
2869 3918 2910 3953 s.
2931 3918 3104 3967 geogr.

622 4004 673 4055 p.
700 3989 993 4039 LXXXIX.
1020 4004 1061 4039 s.
1124 3990 1419 4040 Damnatos
1466 3989 1535 4040 ad
1582 4004 1812 4053 poenam
1849 3990 2040 4056 capitis
2085 3989 2338 4040 luendam
2377 3994 2529 4039 extra
2563 3988 2750 4039 urbem
2785 3988 2966 4054 plecti,
3004 4002 3106 4037 non
3198 4034 3199 4037 ,

620 4080 829 4125 tantum
866 4075 1009 4141 apud
1045 4076 1283 4126 Judaeos
1321 4075 1415 4126 sed
1453 4076 1610 4125 etiam
1659 4076 1955 4138 Romanos,
2006 4076 2192 4127 solitos
2239 4076 2273 4126 l.
2311 4092 2356 4125 c.
2405 4090 2440 4125 a
2483 4076 2636 4126 nobis
2689 4080 2965 4125 ostensum
3012 4078 3104 4123 est

624 4160 665 4228 ⁷)
712 4162 898 4223 Qualis
944 4164 993 4213 is
1037 4162 1198 4211 fuerit
1242 4167 1399 4228 potus
1446 4160 1591 4212 dictu
1625 4162 1838 4213 videtur
1873 4160 2114 4225 difficile,
2153 4178 2274 4212 cum
2309 4178 2352 4212 s.
2391 4161 2665 4212 Matthaeo
2703 4164 2773 4211 sit
2811 4155 2953 4222 ,ὅξος
2993 4153 3109 4227 μετὰ

624 4245 781 4316 χολῆς
820 4246 1145 4317 μεμιγμένον“
1184 4250 1268 4311 27,
1300 4251 1383 4299 34.
1432 4248 1589 4314 Vulg.
1625 4250 1808 4298 vinum
1845 4264 1966 4297 cum
2001 4248 2128 4299 felle
2161 4250 2402 4312 mistum3
2449 4264 2491 4299 s.
2524 4248 2710 4297 Marco
2749 4262 2878 4297 vero
2920 4250 3000 4307 15,
3027 4249 3106 4296 23.

626 4325 787 4395 „olvov
825 4332 1251 4404 ἑσμυρνισμένον.“
1310 4336 1419 4386 Res
1464 4340 1642 4385 tamen
1692 4335 1888 4401 oppido
1935 4336 2036 4385 erit
2088 4335 2394 4397 manifesta,
2449 4336 2494 4384 si
2544 4336 2820 4400 utriusque
2855 4336 3002 4384 iuter
3053 4348 3108 4383 se

620 4420 870 4471 virtutem
926 4422 1329 4485 contulerimus3
1386 4422 1648 4487 simulque
1686 4421 2106 4487 expenderimus,
2145 4438 2251 4487 quo
2289 4421 2393 4471 fine
2441 4422 2758 4487 propinatus
2802 4420 2965 4470 fuerit
3013 4422 3108 4469 iste

622 4510 797 4571 potus.
826 4507 1106 4558 Dederunt
1121 4509 1305 4558 vinum
1324 4524 1431 4559 non
1456 4508 1723 4574 quoddam
1744 4506 1924 4557 nobile
1949 4524 2388 4574 generosumque,
2402 4508 2495 4557 sed
2515 4506 2641 4557 dato
2663 4507 2838 4556 studio
2851 4501 2977 4567 ὅξος,
2991 4521 3109 4555 acc·
3198 4528 3199 4541 π

622 4596 733 4642 tum
754 4608 893 4657 acre,
917 4599 1203 4658 acetosum,
1224 4600 1284 4645 ut
1318 4594 1450 4645 illud
1475 4609 1518 4644 s.
1541 4594 1894 4660 Evangelista
1923 4594 2228 4645 Matthaeus
2255 4594 2559 4658 adpellavit.
2597 4595 2736 4643 Nam
2759 4593 2942 4644 multis
2967 4608 3108 4643 com-
