3267 5259
988 470 1135 520 ottus,
1166 470 1356 511 infantia
1383 472 1430 513 et
1457 471 1662 515 iuventus
1691 472 1866 515 christi.
2597 462 2670 524 11

359 753 413 829 ξ.
453 753 513 816 3.
590 748 1122 813 Purificatio
1170 750 1247 815 B.
1298 750 1387 813 M.
1434 749 1516 813 V.
1563 749 1985 815 Adoratio
2046 750 2499 835 Magorum.

388 940 542 1003 Post
597 938 739 1002 dics
803 939 1236 1025 quadraginta
1280 963 1321 1003 a
1378 942 1719 1005 nativitate
1773 940 1993 1029 lapsos
2037 943 2112 1006 B.
2156 944 2237 1007 V.
2283 942 2494 1007 Maria
2547 967 2680 1007 una

216 1076 339 1117 cum
396 1052 457 1116 S.
491 1051 792 1138 Josepho
854 1052 1347 1138 Hierosolymas
1399 1055 1600 1136 venit,
1657 1056 2070 1141 primogeniti
2131 1057 2228 1119 sui
2283 1055 2678 1121 obla-tionem

218 1181 267 1228 et
311 1165 575 1229 hostiam
628 1166 1121 1251 purificationis
1166 1189 1251 1229 ex
1303 1165 1450 1251 lege
1509 1170 1884 1253 puerperii¹
1943 1166 2107 1232 duos
2169 1168 2382 1255 pullos
2437 1169 2678 1233 colum-

216 1277 427 1360 barum,
458 1301 581 1342 scu
626 1301 865 1342 munus
908 1301 1275 1365 pauperum
1318 1279 1728 1365 persolutura
1745 1283 1789 1344 2.
1844 1281 2156 1345 Attamen
2185 1284 2248 1345 in
2289 1256 2678 1367 purgatione

216 1394 557 1477 apparentis
632 1391 1081 1474 immunditiei,
1158 1402 1224 1456 et
1294 1394 1362 1456 in
1437 1404 1824 1479 paupertate
1884 1403 2230 1480 parentum
2296 1418 2431 1459 non
2495 1395 2682 1460 latuit

217 1504 490 1588 ChristuS,
545 1527 743 1591 quem
792 1509 1147 1569 occursus3
1208 1504 1531 1571 Simeonis
1584 1508 1708 1571 viri
1752 1510 1996 1593 pietate
2045 1516 2110 1571 et
2151 1507 2468 1593 religione
2526 1531 2678 1573 con·

216 1620 408 1703 spicui,
475 1626 544 1682 et
588 1618 828 1681 Annae
898 1618 1216 1700 mulieriS,
1288 1640 1455 1704 quae
1516 1620 1744 1705 spiritu
1817 1620 2202 1706 prophetico
2263 1622 2462 1706 plena
2521 1631 2678 1705 erat,

212 1732 597 1797 manifestum
647 1731 905 1795 fecere.·
938 1730 1248 1815 Simeoni,
1297 1734 1407 1818 qui
1446 1754 1531 1796 ex
1569 1732 1773 1797 multo
1819 1742 2116 1820 tempore
2166 1734 2678 1799 consolationem

212 1843 467 1926 Israelis,
532 1844 819 1908 Messiae
894 1842 1251 1909 adventum
1326 1844 1791 1932 exspectabat,
1853 1848 2240 1932 promiserat
2297 1847 2482 1912 Deus
2545 1870 2680 1912 non

210 1959 593 2039 moriturum,
642 1959 767 2021 nisi
827 1959 1007 2043 prius
1066 1956 1321 2022 videret
1381 1956 1708 2023 Christum
1751 1957 2036 2023 Domini.
2113 1959 2243 2024 Hic
2305 1959 2680 2046 impellente

214 2068 421 2154 Spiritu
474 2094 529 2135 s.
581 2093 665 2133 ea
707 2069 854 2155 ipsa
897 2070 1077 2153 hora,
1127 2092 1258 2156 qua
1320 2070 1547 2135 Jesum
1609 2081 1918 2157 parentes
1986 2074 2166 2137 eius4
2229 2072 2566 2155 offerrent,
2613 2075 2681 2136 in

212 2182 487 2269 templum
550 2186 754 2248 venit.
834 2182 1057 2247 Senex
1108 2184 1341 2249 beatus
1386 2186 1680 2271 protinus
1742 2187 2010 2270 agnovit
2052 2185 2410 2251 Dominum
2472 2208 2679 2269 suum,

212 2305 261 2357 et
286 2318 555 2380 puerum
602 2296 835 2361 Jesum
880 2295 1049 2361 ulnis
1091 2297 1473 2383 complexus
1518 2306 1693 2361 totus
1724 2298 1790 2362 in
1835 2299 2190 2383 gratiarum
2236 2302 2563 2365 actionem
2593 2298 2680 2363 ad

206 2407 393 2473 Deum
418 2410 671 2474 effusus
697 2420 799 2474 est
820 2414 861 2474 ⁵.
894 2408 1057 2475 Inde
1084 2410 1476 2475 faustissima
1496 2432 1797 2497 quaeque
1823 2411 2069 2475 Mariae
2104 2420 2170 2475 et
2197 2410 2511 2497 JosephO,
2545 2413 2680 2496 qui-

209 2518 309 2585 bus
336 2524 691 2610 improvisa
724 2532 865 2587 erat
896 2522 1218 2589 Simeonis
1258 2526 1483 2607 oratio,
1516 2534 1824 2611 precatus
1869 2526 2197 2610 praedixit
2229 2522 2578 2607 Christum,
2610 2533 2682 2588 ut

210 2634 397 2701 salutis
441 2640 531 2701 ita
573 2645 645 2701 et
690 2637 872 2701 exitii
918 2638 1334 2701 occasionem
1379 2637 1666 2701 futurum
1691 2641 1732 2700 ⁶.
1801 2636 1910 2701 Ad
1953 2638 2234 2702 Matrem
2281 2660 2636 2703 conversus
2656 2641 2680 2681 ⁷

208 2744 515 2814 denuntiat
578 2751 872 2814 animam
937 2752 1075 2815 eius
1093 2800 1110 2833 ,
1178 2752 1361 2837 quasi
1430 2749 1648 2835 gladio
1713 2750 2372 2815 transverberandam
2435 2750 2676 2815 acerbo

208 2858 399 2926 dolore
440 2886 525 2927 ex
562 2864 879 2950 passione
919 2861 1110 2926 filiil’3
1172 2862 1431 2953 Eodem
1476 2873 1807 2927 momento
1855 2866 2187 2949 temporis,
2237 2886 2364 2950 quo
2414 2862 2679 2928 Simeon

208 2970 499 3039 Christum
576 2978 649 3038 in
724 2975 895 3039 ulnis
968 2954 1255 3039 tenebat*
1308 2974 1619 3062 illumque
1696 2976 1988 3039 divinum
2063 2978 2130 3039 in
2205 2977 2342 3041 eius
2415 2976 2678 3041 laudem

206 3084 483 3169 hymnum
532 3087 840 3164 canebat,
888 3068 1096 3151 Anna·
1128 3088 1357 3152 accola
1401 3088 1647 3175 templi,
1688 3099 1901 3153 aetate
1951 3099 2016 3152 et
2058 3112 2310 3153 morum
2357 3091 2676 3173 gravitate

206 3200 553 3265 veneranda
602 3201 988 3286 supervenit
1020 3210 1085 3265 et
1116 3198 1401 3265 Simeoni
1442 3203 1507 3265 in
1540 3200 1984 3286 praedicando
2034 3200 2290 3266 Christo
2340 3202 2676 3283 succinuit‚

385 3439 421 3505 ¹)
468 3438 651 3489 Exod.
691 3440 773 3501 13,
808 3441 857 3487 2.
905 3438 1038 3488 LeV.
1075 3442 1154 3501 12,
1191 3441 1239 3488 6.
1278 3441 1324 3489 7.
1359 3440 1409 3489 8.
1456 3439 1612 3489 Num.
1647 3442 1696 3501 8,
1735 3441 1816 3490 16.
1863 3440 1928 3489 V.
1953 3438 2094 3488 Hist.
2119 3440 2182 3489 R.
2207 3440 2274 3488 D.
2299 3438 2364 3489 V.
2391 3439 2453 3488 Τ.
2477 3455 2531 3504 p.
2560 3440 2676 3489 161.

206 3522 237 3580 ²)
276 3524 383 3575 Non
420 3528 571 3591 eguit
604 3526 669 3575 B.
705 3524 871 3590 Virgo
906 3527 1248 3591 purgatione,
1283 3542 1423 3591 quae
1456 3527 1630 3577 Deum
1664 3528 1781 3576 sine
1813 3528 1929 3576 viro
1965 3531 2307 3591 conceperat,
2344 3526 2459 3575 sine
2494 3541 2672 3575 corru-

206 3612 355 3672 ptione
378 3618 685 3679 pepererat,
720 3628 899 3677 neque
934 3627 1153 3662 necesse
1188 3618 1327 3675 erat,
1352 3620 1415 3663 ut
1438 3630 1571 3679 puer
1592 3614 1756 3663 Jesus
1789 3615 1907 3663 Deo
1931 3614 2081 3662 Patri
2106 3628 2202 3662 suo
2229 3614 2524 3675 sisteretur,
2550 3614 2676 3678 quia

206 3712 303 3747 cum
338 3699 545 3750 alienus
588 3714 703 3749 non
746 3703 913 3769 esset,
948 3713 1082 3765 opus
1124 3716 1232 3749 non
1278 3706 1411 3761 erat,
1436 3706 1496 3750 ut
1522 3702 1569 3751 ei
1602 3702 1657 3749 in
1700 3701 1898 3765 templo
1935 3699 2228 3749 offerretur.
2277 3698 2384 3750 Sed
2428 3700 2679 3764 quoniam

206 3786 455 3847 oportebat
488 3787 788 3836 Dominum
821 3786 989 3836 latere
1025 3792 1079 3835 et
1110 3784 1296 3837 haberi
1329 3788 1385 3836 in
1421 3802 1640 3837 numero
1674 3786 1969 3848 hominum,
2006 3787 2098 3851 qui
2131 3802 2160 3836 e
2195 3787 2395 3835 semine
2428 3785 2678 3836 Abrahae

204 3874 416 3935 prognati
448 3873 559 3938 legi
594 3873 983 3935 subiacebant,
1016 3874 1191 3923 Maria
1222 3875 1323 3923 etsi
1362 3878 1521 3939 partu
1564 3889 1662 3923 suo
1707 3889 1812 3923 non
1848 3877 1963 3922 erat
1995 3874 2142 3923 facta
2173 3872 2469 3933 immunda,
2501 3873 2680 3937 paruit

206 3954 305 4019 legi,
328 3960 546 4010 redemit
570 3959 743 4009 filium
768 3986 837 3994 --
863 3958 1049 4009 eodem
1076 3960 1299 4009 consilio
1325 3959 1467 4025 quod
1492 3960 1680 4010 Matth.
1709 3962 1790 4021 17,
1817 3961 2040 4009 25-27,
2074 3959 2269 4024 legitur
2291 3985 2354 3994 —
2385 3964 2440 4007 et
2464 3959 2678 4007 solitum

206 4057 282 4103 pro
305 4050 519 4109 peccato
559 4046 761 4095 obtulit
789 4045 1122 4096 sacrificium.
1147 4046 1281 4096 Luc.
1308 4050 1355 4109 2,
1383 4048 1512 4096 22-
1522 4049 1605 4096 24.
1645 4046 1686 4113 ³)
1713 4046 1917 4096 Graece
1943 4043 2189 4109 ὑπαπαντή
2215 4061 2259 4094 c.
2287 4040 2494 4107 ὑπαντή,
2531 4044 2673 4095 unde

205 4128 317 4179 festo
340 4132 441 4182 diei
464 4132 539 4181 IL
564 4132 871 4193 Februarii,
907 4132 1276 4182 Purificationi
1310 4133 1371 4182 B.
1405 4133 1477 4181 M.
1511 4133 1575 4183 V.
1609 4148 1802 4182 nomen
1835 4132 2156 4197 impositum.
2207 4130 2287 4181 cf.
2321 4130 2458 4179 Acta
2491 4130 2675 4181 Sanct.

211 4214 443 4279 Bollandi,
468 4235 541 4267 m.
576 4218 844 4267 Februar.
869 4218 911 4267 Ι.
947 4218 1029 4268 ed.
1064 4219 1199 4268 Ven.
1238 4220 1387 4269 1735.
1422 4235 1474 4285 p.
1509 4220 1627 4269 268.
1689 4218 1730 4283 ⁴)
1756 4220 1932 4268 Maria
1973 4220 2099 4283 quia
2139 4232 2266 4267 vere
2307 4231 2502 4281 parens
2546 4222 2676 4281 erat,

208 4300 379 4369 Joseph
421 4308 553 4371 quia
598 4304 938 4355 credebatur.
992 4305 1127 4354 Luc.
1160 4308 1217 4367 3,
1253 4307 1335 4355 23.
1407 4304 1447 4369 ⁵)
1496 4306 1635 4355 Prae
1669 4306 1864 4371 gaudio
1897 4306 1952 4355 in
1987 4304 2084 4353 has
2125 4318 2287 4353 voces
2329 4304 2529 4368 erupit:
2571 4306 2678 4354 iam

208 4402 323 4438 nunc
342 4393 539 4441 moriar
566 4390 711 4453 felix,
757 4390 903 4455 quod
942 4390 1071 4440 mihi
1109 4392 1413 4456 promisisti,
1456 4392 1622 4454 Deus,
1666 4391 1978 4457 implevisti,
2021 4390 2132 4439 vidi
2179 4388 2472 4453 Christum,
2521 4408 2679 4457 quem

209 4471 385 4539 dedisti,
409 4487 471 4528 ut
494 4483 743 4527 servaret
769 4491 953 4527 omnes
977 4477 1229 4543 popul033
1255 4478 1434 4528 lumen
1456 4478 1706 4543 gentibus
1731 4478 1907 4541 ferret,
1944 4478 2067 4526 lsai.
2093 4478 2177 4540 42,
2203 4479 2252 4527 6.
2275 4476 2476 4542 populo
2510 4478 2678 4528 Israel

208 4574 359 4612 veram
390 4564 639 4629 gloriam.
688 4562 731 4629 ⁶)
780 4564 886 4613 Pro
910 4564 1178 4614 hominnm
1204 4564 1407 4615 scilicet
1432 4580 1560 4630 erga
1594 4564 1744 4614 illum
1768 4564 1855 4614 vel
1879 4563 1984 4614 fide
2017 4564 2106 4613 vel
2139 4565 2493 4614 contumacia.
2542 4564 2676 4613 Coll.

208 4644 311 4697 lui.
332 4652 379 4713 8,
404 4652 485 4701 14.
536 4650 581 4717 ⁷)
616 4650 778 4712 Quod
804 4664 889 4699 res
914 4665 1031 4701 eam
1054 4651 1225 4701 solam
1248 4656 1506 4717 tangeret.
1556 4650 1597 4718 8)
1624 4652 1738 4702 Sua
1761 4651 1918 4701 dictis
1942 4650 2073 4701 fides
2098 4666 2151 4700 u.
2176 4667 2228 4700 v.
2253 4666 2296 4700 s.
2322 4651 2358 4699 l.
