3267 5259
67 4858 74 4951 v-—-—-
67 4735 72 4852 τῇ
68 4375 74 4728 ---—-—-—-—
68 4087 74 4365 q-——fi——q—
68 3730 76 4065 Δ---Ἷ-ῂὴ-----Ἷ
67 3503 74 3723 ——--—-—
68 3403 70 3498 ——
68 3373 70 3394 —

579 423 663 488 86
1248 433 1365 473 mot.
1394 432 1500 473 nav.
1530 432 1619 473 (nv.
1649 431 1702 473 11.
1733 432 1783 472 r.
1813 430 1980 473 Period.
2010 430 2046 471 1.
2066 440 2162 481 οι».
2190 430 2390 481 primun.

582 606 1014 695 displicebant
1071 606 1439 671 Pharisaeis
1466 608 1503 687 ¹,
1566 606 1678 689 qui
1743 605 2060 669 exierant.
2153 604 2196 669 J
2199 626 2382 669 esum
2445 626 2600 689 ergo
2657 614 3044 668 accesserunt

578 730 1121 805 monueruntque,
1167 728 1239 783 ut
1267 717 1603 783 hominum
1643 740 1844 781 voces
1875 716 2216 782 seditiosa-s
2259 720 2664 803 reprimeret.
2725 718 2878 803 Ipse
2907 740 3040 780 vero

578 833 933 919 malignum
978 832 1369 896 monitorum
1419 829 1756 895 consilium
1811 831 2072 915 penitus
2127 831 2531 915 perspiciens
2585 833 2900 893 acerrime
2949 852 3044 893 eos

578 944 1022 1032 reprehendit,
1056 946 1167 1029 qui
1195 966 1279 1007 ne
1310 966 1539 1007 verum
1571 942 1874 1007 viderent
1913 941 2138 1008 oculos
2179 941 2576 1007 clauderent.
2641 941 3044 1005 Nihilominus

577 1060 747 1122 inter
800 1057 1047 1121 faustas
1092 1055 1232 1120 illas
1290 1055 1796 1119 acclamationes
1841 1056 1907 1119 in
1951 1056 2190 1119 montis
2237 1053 2478 1119 Oliveti
2533 1053 2874 1135 descensu,
2919 1076 3044 1117 cum

578 1179 783 1235 totam
842 1168 981 1232 fere
1036 1166 1449 1254 metropolim
1505 1166 1763 1231 videret
1780 1169 1824 1249 ²,
1871 1166 2050 1231 flevit
2107 1189 2305 1252 super
2361 1188 2442 1229 ea
2459 1170 2502 1231 3.
2596 1165 2744 1245 Quo
2799 1168 3044 1252 propius

582 1280 664 1346 ad
712 1279 941 1344 urbem
990 1279 1356 1361 accederet,
1392 1302 1468 1343 eo
1502 1281 1712 1344 maior
1755 1278 2114 1343 incolarum
2160 1302 2468 1343 numerus
2503 1281 2563 1343 ei
2595 1277 2856 1343 obviam
2897 1278 3045 1359 ibat;

581 1416 705 1458 nec
763 1414 910 1457 cum
966 1400 1321 1457 torrentem
1378 1390 1642 1456 Cedron
1699 1402 2143 1477 transgressus
2198 1402 2453 1477 porta-m
2509 1393 2842 1474 intrasset,
2889 1391 3046 1478 quid·

583 1528 781 1591 quam
824 1503 1135 1569 laetitiam
1187 1504 1595 1569 iubilantium
1653 1504 1961 1570 cohibere
2016 1514 2292 1591 poterat.
2369 1504 2666 1569 Tandem
2722 1508 3046 1569 comitante

580 1620 921 1682 innumera
990 1626 1253 1681 caterva
1320 1617 1363 1682 J
1367 1640 1514 1681 esus
1580 1617 1813 1683 urbem
1879 1620 2210 1703 ingressus
2275 1627 2458 1683 recta
2525 1618 2872 1704 Templum
2931 1618 3046 1679 ivit.

584 1729 771 1794 Tunc
802 1730 989 1795 laetis
1019 1752 1207 1795 mons
1244 1752 1433 1795 sacer
1475 1732 1768 1795 resonuit
1815 1730 2226 1795 clamoribus
2286 1730 2483 1795 Pueri
2519 1752 2722 1794 voces
2761 1732 3052 1794 iterarunt

587 1841 840 1907 Christo
896 1842 1318 1923 honorificaS,
1382 1864 1544 1928 quas
1600 1865 1687 1906 ex
1741 1842 2126 1930 parentibus
2183 1842 2540 1908 audierant.
2633 1841 3050 1923 Querentibus

586 1958 821 2020 iterum
868 1954 1319 2019 sacerdotibus
1367 1964 1431 2020 et
1477 1954 1734 2037 scribis,
1784 1955 1959 2041 quod
2005 1942 2274 2020 nimium
2319 1955 2542 2042 populi
2595 1956 3048 2040 infantiumque

582 2067 969 2154 applausum
1000 2090 1134 2131 non
1166 2065 1562 2132 cohibuisset
1580 2071 1623 2151 ⁴,
1651 2068 1974 2132 Dominus
2005 2078 2228 2133 noster
2259 2070 2730 2154 sapientissime
2753 2072 2777 2111 ⁵
2805 2090 3046 2154 respon-

582 2179 707 2244 dit:
772 2202 812 2243 a
872 2178 1157 2265 parvulis
1213 2200 1477 2265 quoque
1537 2179 1757 2243 Deum
1819 2203 1961 2243 essc
2015 2180 2416 2245 laudandum
2437 2184 2478 2245 ⁶.
2570 2180 2798 2245 Pueris
2858 2180 3050 2244 adhuc

582 2291 878 2356 hosanna
908 2290 1354 2355 accinentibus
1385 2293 1649 2356 intravit
1679 2316 1727 2357 s.
1755 2292 1988 2356 aedem
2011 2296 2052 2376 ⁷,
2090 2293 2668 2359 nummulariorum
2717 2304 2782 2358 et
2825 2316 3048 2371 comni,

590 2405 698 2490 qui
727 2405 1024 2467 victimas
1070 2403 1465 2487 vendebant,
1511 2427 1772 2469 mensas
1807 2408 2074 2489 evertit;
2120 2428 2244 2471 nec
2274 2407 2648 2493 patiebatur
2680 2427 3050 2493 quemquam

584 2516 714 2581 illic
776 2538 992 2580 emere
1056 2525 1167 2580 aut
1223 2516 1549 2600 vendere,
1615 2519 1754 2582 sive
1812 2540 1930 2583 vas
1989 2518 2188 2583 ullum
2251 2541 2370 2604 per
2429 2518 2774 2605 Templum
2835 2518 2996 2582 forre
3014 2518 3049 2577 ἦ.

582 2629 791 2693 Erant
836 2638 990 2693 tunc
1045 2632 1356 2715 temporis
1402 2629 1830 2717 Jerosolymis
1877 2630 2167 2696 Gra-eci9
2220 2631 2502 2718 quidam,
2554 2634 2663 2719 qui
2701 2631 3050 2718 Philippum

586 2858 831 2909 docendo
868 2858 1243 2924 monendoque
1281 2860 1593 2924 correxerit3
1632 2864 1690 2909 at
1724 2864 1890 2910 totam
1927 2876 2044 2910 eam
2081 2862 2354 2911 destruere
2389 2876 2498 2911 non
2535 2862 2726 2927 potuit.
2775 2860 2854 2910 cf.
2887 2858 2944 2909 C.
2973 2858 3053 2907 Fr.

588 2945 837 3007 Boehme‚
877 2945 943 2995 de
980 2962 1075 3010 spe
1110 2948 1393 2996 messiana.
1428 2964 1481 3012 p.
1508 2948 1591 2997 65.
1618 2964 1662 2997 s.

796 3032 833 3096 ¹)
872 3032 945 3081 Hi
980 3048 1045 3081 ex
1080 3033 1372 3098 longinquo
1411 3035 1749 3099 conspiciunt
1772 3034 1956 3084 Jesum
1987 3036 2192 3100 ingenti
2214 3034 2484 3084 hominum
2520 3033 2856 3084 multitudine
2891 3034 3052 3087 obvia,

586 3117 855 3169 Christum
890 3119 1253 3169 Israelitarum
1290 3135 1468 3185 regem
1506 3121 1896 3183 consalutante,
1933 3122 2054 3171 urbi
2091 3122 2610 3187 appropinquantem
2647 3127 2702 3171 et
2735 3121 3054 3170 vehementer

584 3210 1011 3255 consternuntur.
1060 3205 1367 3257 Videtisne?
1401 3208 1664 3272 inquiunt,
1701 3222 1798 3257 vos
1834 3207 1964 3258 nihil
2000 3208 2280 3273 proficere!
2321 3224 2446 3258 ecce
2483 3224 2604 3258 eum
2629 3211 2871 3274 seqnitur
2905 3208 3052 3258 orbis.

588 3292 630 3357 2)
667 3293 891 3343 Eximiis
918 3292 1133 3357 palatiis
1158 3308 1223 3342 ac
1248 3292 1592 3343 celeberrimo
1617 3295 1872 3359 imprimis
1902 3294 2124 3359 Templo
2149 3294 2732 3359 magnificentissimum
2769 3296 3054 3345 offerentem

584 3379 964 3444 spectaculum.
1024 3380 1087 3427 V.
1122 3384 1233 3429 not.
1266 3384 1303 3428 t.
1338 3394 1381 3428 s.
1420 3395 1599 3446 geogr.
1633 3397 1686 3446 p.
1721 3380 2012 3430 LXXXIV.
2075 3381 2116 3445 ³)
2165 3381 2402 3443 cladem,
2442 3396 2580 3446 (11188
2623 3383 2730 3447 ipsi
2766 3382 3054 3431 imminebat

582 3467 934 3531 prospiciens,
972 3466 1222 3531 querulas
1260 3482 1325 3515 ex
1361 3468 1465 3516 imo
1502 3472 1720 3532 pectore
1757 3470 1932 3518 emisit
1965 3484 2144 3517 voces.
2203 3468 2386 3533 Magni
2421 3469 2664 3533 profecto
2711 3470 2872 3519 animi
2905 3469 3054 3517 doen-

590 3556 825 3601 meutum
861 3553 1017 3603 nobis
1052 3552 1314 3617 praebent
1348 3552 1473 3603 illae
1510 3553 1778 3617 lacrimae,
1803 3555 1840 3604 J
1845 3570 1938 3605 esu
1975 3556 2188 3604 minime
2223 3555 2501 3620 indignae,
2539 3556 2728 3621 quales
2767 3556 2888 3607 olim
2919 3554 3052 3604 vide-

586 3638 783 3687 bantur
826 3639 1119 3688 temerariis
1168 3639 1273 3689 illis
1320 3641 1726 3701 correctoribus,
1765 3642 1856 3706 qui
1901 3646 2036 3691 teste
2073 3658 2115 3691 s.
2136 3641 2464 3707 Epiphanio,
2501 3643 2558 3691 in
2605 3648 2863 3693 ancoratu
2897 3659 2946 3691 n.
2977 3642 3053 3690 31.

584 3724 655 3786 11,
706 3724 788 3773 36.
824 3725 1013 3774 timore
1050 3725 1281 3789 quodam
1317 3726 1521 3775 inducti
1558 3726 1889 3776 sustulerunt
1923 3728 2121 3777 dictum
2159 3724 2426 3787 „galenum
2463 3724 2533 3777 ἐπ’
2583 3726 2762 3798 αὖτῇ.“
2833 3730 2947 3779 Non
2981 3735 3053 3776 est

585 3810 727 3876 quod
772 3810 929 3875 plura
979 3810 1043 3860 (18
1082 3810 1277 3861 Christi
1322 3811 1555 3861 lacrimis
1602 3813 1884 3875 addamus,
1931 3814 2023 3878 qui
2059 3813 2194 3863 haec
2235 3829 2556 3878 cognoscere
2594 3816 2725 3865 velit
2761 3816 2934 3865 adeat:
2987 3814 3055 3863 M.

584 3897 636 3946 J.
673 3895 733 3947 C.
767 3898 937 3959 Artst,
976 3898 1103 3947 diss.
1140 3898 1207 3947 de
1236 3897 1482 3963 lacrymis
1522 3898 1735 3959 Christi,
1773 3901 1830 3949 in
1865 3899 2021 3949 Thes.
2048 3900 2121 3950 th.
2147 3900 2236 3965 ph.
2261 3917 2314 3965 p.
2339 3902 2456 3951 330.
2485 3917 2528 3951 8.
2589 3901 2630 3968 ⁴)
2667 3903 2902 3953 Audisne
2937 3900 3052 3966 quid

585 3984 639 4033 hi
679 3984 875 4045 dicant,
914 3984 1195 4048 inquiunt?
1262 3985 1413 4045 Quae
1448 3986 1616 4035 verba
1655 3990 1974 4035 contemtum
2012 4002 2140 4051 prae
2189 4001 2246 4035 88
2291 3988 2483 4038 ferunt.
2557 3990 2600 4053 ⁵)
2649 3990 2730 4038 Ex
2777 3989 3054 4038 divinorum

586 4068 915 4136 Scriptorum
938 4071 1241 4120 testimonio
1266 4071 1355 4119 Ps.
1381 4072 1429 4131 8,
1459 4072 1507 4119 2.
1572 4072 1611 4135 ⁶)
1639 4072 1828 4122 Matth.
1855 4075 1936 4135 21,
1967 4076 2012 4122 1.
2039 4088 2082 4121 s.
2119 4074 2316 4123 Joann.
2343 4077 2425 4135 12,
2457 4076 2535 4124 12.
2561 4090 2605 4125 8.
2653 4076 2819 4125 Marc.
2849 4078 2923 4125 11.
2951 4078 2990 4124 1.
3015 4089 3052 4122 8.

582 4156 713 4208 Luc.
752 4159 841 4219 19,
878 4159 961 4207 29.
997 4172 1039 4206 8.
1102 4156 1143 4221 ⁷)
1184 4156 1351 4206 Sicuti
1398 4162 1453 4207 et
1496 4158 1621 4207 olim
1667 4158 1884 4209 fecerat.
1932 4160 1994 4208 V.
2033 4176 2082 4224 p.
2118 4162 2202 4209 42.
2265 4159 2307 4225 ⁸)
2345 4160 2498 4210 Haec
2544 4162 2736 4211 eiectio
2781 4161 3054 4213 secundum

587 4260 627 4294 s.
646 4243 977 4293 Matthaeum
1003 4246 1086 4306 21,
1117 4246 1197 4293 12.
1231 4243 1350 4293 0011.
1374 4245 1455 4294 15.
1486 4251 1539 4294 et
1562 4261 1603 4294 8.
1622 4246 1830 4295 Lucam
1857 4249 1938 4308 19,
1964 4248 2048 4296 46.
2075 4247 2246 4311 prima
2271 4246 2356 4296 die
2386 4249 2660 4312 ingressus
2685 4248 3052 4312 Jerosolymam

584 4331 823 4395 contigit.
872 4332 1063 4397 Itaque
1100 4348 1141 4381 s.
1165 4331 1397 4393 Marcus,
1437 4333 1527 4397 qui
1570 4336 1649 4396 11,
1679 4336 1758 4383 11.
1799 4333 2076 4398 distinguit
2113 4334 2242 4395 dies,
2270 4339 2324 4383 et
2347 4334 2418 4383 ad
2447 4333 2670 4385 alteram
2707 4334 3052 4385 hebdomadae

585 4416 780 4466 referre
818 4416 1043 4479 videtur,
1077 4432 1209 4467 usus
1246 4423 1329 4467 est
1363 4420 1806 4483 recapitulatione
1845 4421 1976 4481 eius,
2003 4420 2148 4485 quod
2170 4420 2341 4486 pridie
2367 4420 2654 4471 acciderat.
2707 4421 3052 4486 „Intelligitur‚

584 4503 661 4551 ait
696 4517 736 4551 s.
763 4502 1117 4567 Augustinus,
1156 4503 1221 4553 de
1258 4519 1405 4555 cons.
1442 4505 1544 4554 Ev.
1568 4506 1641 4568 ΙΙ,
1667 4507 1749 4569 68,
1775 4522 1826 4572 p.
1853 4507 1954 4567 86„
2005 4507 2244 4556 Marcum
2283 4507 2496 4571 quidem
2533 4510 2773 4559 secunda
2807 4509 2890 4557 die
2923 4522 3052 4555 com-

584 4603 921 4651 memorasse,
949 4589 1091 4654 quod
1114 4591 1283 4655 primo
1322 4590 1409 4641 die
1444 4592 1644 4642 factum
1680 4594 2156 4658 praetermiserat.“
2221 4593 2261 4660 9)
2297 4594 2584 4644 Judaicam
2621 4595 3054 4645 circumcisionem
