3267 5259
948 460 1141 509 Utraque
1168 458 1223 500 sd
1250 456 1662 500 Thessalonicenses
1696 456 1899 507 epistola.
2537 440 2666 507 373

201 646 347 701 stum
389 656 791 700 eversurum.
854 632 1049 698 Redit
1092 632 1178 697 ad
1222 634 1467 716 gratias
1512 632 1804 717 agendas
1852 641 1918 695 et
1959 640 2184 695 monet
2232 630 2542 694 lectores:
2591 639 2665 692 ut

204 749 500 813 retineant
546 746 913 811 doctrinam
955 746 1113 832 ipsis
1158 744 1362 809 verbo
1416 756 1479 809 et
1526 744 1766 830 scripto
1815 742 2118 808 traditam
2142 746 2189 826 ι;
2267 751 2464 827 atque
2511 750 2668 805 vota

204 861 501 947 eloquitur
544 861 657 946 pia
674 860 721 923 ².
766 859 1075 946 Denique
1119 859 1399 942 iniungit
1442 866 1802 945 praecepta
1831 856 2256 921 saluberrima
2274 856 2318 917 3.
2365 852 2662 918 Tandem

204 971 429 1037 solenni
459 974 647 1058 pacis
679 980 747 1036 et
775 971 1024 1056 gratiae
1050 969 1325 1035 Christi⁴
1358 970 1715 1055 optatione,
1747 968 1917 1033 hanc
1948 968 2041 1031 uti
2073 976 2326 1031 ceteras
2359 964 2664 1051 epistolas

207 1084 515 1149 conclusit.
562 1083 655 1149 Ut
697 1106 856 1148 vero
904 1084 1224 1168 genuinas
1271 1082 1331 1147 d.
1363 1081 1554 1146 Pauli
1597 1082 1817 1146 literas
1864 1104 1904 1145 a
1949 1079 2371 1166 supposititiis
2410 1077 2669 1162 dignos-

206 1205 423 1279 cerent,
448 1206 677 1262 votum
700 1197 967 1285 propria
990 1218 1190 1261 manu
1212 1198 1617 1282 perscripsit3
1654 1218 1785 1281 qua
1808 1216 1880 1259 re
1907 1216 2038 1280 qua
2061 1191 2323 1277 sisigillo
2349 1193 2664 1277 impresso

207 1311 373 1393 cavit,
416 1332 499 1373 ne
546 1308 795 1373 artibus
840 1310 1269 1396 impostorum
1300 1307 1421 1373 sub
1454 1309 1650 1389 ipsius
1679 1308 1942 1372 nomine
1977 1304 2282 1392 epistolas
2315 1303 2666 1369 obtruden-

206 1423 341 1485 tium
372 1420 780 1508 decipiantur
801 1426 845 1487 ⁵.

389 1616 640 1682 Diyrasio
676 1616 737 1667 de
772 1615 1013 1668 sententia
1049 1621 1197 1685 atque
1230 1616 1425 1667 ratione
1458 1614 1714 1667 verborum
1753 1614 1830 1666 II.
1865 1612 2023 1665 Thess.
2055 1614 2101 1671 2,
2127 1613 2176 1663 3.
2217 1612 2388 1672 „homo
2415 1611 2670 1680 peccati“‚·

209 1707 334 1771 atque
361 1702 405 1762 2,
438 1704 479 1754 7.
522 1708 610 1763 „ut
633 1704 723 1771 qui
745 1708 871 1756 tenet
892 1721 1027 1755 nunc
1058 1706 1262 1755 terwatf‘
1312 1700 1696 1766 Inquirendum
1724 1700 1842 1765 quis
1868 1700 1938 1748 sit
1973 1692 2260 1765 ,,ἄνθρωπος
2285 1699 2371 1760 τῆς
2399 1691 2670 1765 ἁμαρτίας·

212 1790 251 1849 2,
276 1791 345 1851 3.;
380 1794 431 1839 et
466 1804 573 1855 quo
612 1803 775 1839 sensu
812 1789 872 1839 P.
910 1790 1181 1854 scripserit
1219 1783 1280 1849 ,,ὁ
1316 1785 1572 1856 κατέχων*
1608 1787 1683 1837 ib.
1707 1802 1758 1836 v.
1787 1788 1833 1836 7.
1885 1786 2005 1836 Non
2043 1800 2310 1835 moramur
2347 1784 2582 1833 convitia
2619 1788 2672 1831 et

210 1874 552 1926 cavillationes
588 1878 647 1925 in
682 1875 833 1927 libris
872 1875 1178 1940 symbolicis
1221 1873 1669 1935 Acatholicorum,
1710 1900 1769 1909 -
1809 1872 1890 1921 Cf.
1925 1870 2147 1922 Articul.
2187 1870 2366 1921 smalc.
2405 1870 2477 1919 11.
2505 1870 2553 1931 4,
2586 1871 2668 1919 10.

208 1961 276 2010 ed.
306 1962 388 2011 Fr.
420 1962 639 2012 Franks
674 1962 821 2027 Lips.
850 1964 1003 2012 1847.
1038 1978 1089 2029 p.
1125 1962 1195 2023 11,
1234 1963 1314 2012 18.
1342 1976 1463 2027 app.
1490 1976 1541 2010 n.
1568 1962 1652 2010 41.
1691 1976 1742 2025 p.
1769 1962 1850 2009 60.
1903 1958 1955 2009 S.
1991 1959 2226 2021 Maresii‚
2262 1958 2387 2007 diss.
2424 1956 2490 2005 de
2524 1955 2670 2005 Anti-

208 2047 393 2099 christo.
438 2049 605 2100 Amst.
634 2050 785 2099 1640.
834 2047 1105 2110 Bocharti,
1134 2064 1215 2113 ep.
1244 2048 1313 2098 ad
1340 2046 1400 2097 C.
1427 2046 1750 2109 Sari-avium,
1784 2046 1885 2111 Op.
1919 2046 1991 2108 11,
2021 2047 2170 2095 1044.
2220 2044 2271 2095 J.
2296 2044 2358 2094 A.
2386 2044 2669 2105 Turretini,

208 2150 367 2184 comm.
400 2137 453 2185 in
490 2150 576 2201 ep.
612 2136 673 2185 P.
709 2135 779 2185 ad
812 2135 999 2186 Thess.
1034 2134 1157 2185 Bas.
1197 2136 1347 2186 1739.
1385 2152 1436 2200 p.
1472 2135 1593 2184 469.
1633 2150 1675 2183 s.
1703 2162 1768 2170 —
1795 2133 1989 2198 quibus
2023 2132 2322 2183 Romanum
2357 2129 2674 2179 Pontificem

206 2222 549 2285 proscindunt3
588 2238 711 2272 cum
736 2223 813 2272 ita
837 2237 871 2272 a
894 2224 1119 2273 veritate
1143 2222 1445 2284 abhorreat,
1472 2226 1533 2271 ut
1562 2220 1650 2270 vel
1676 2236 1710 2270 a
1733 2219 2036 2269 sanioribus
2062 2235 2128 2268 ex
2153 2222 2308 2268 coetu
2332 2218 2570 2283 ipsorum
2601 2243 2666 2252 —

208 2322 246 2356 e.
275 2324 318 2372 g.
350 2308 579 2375 Bugone
618 2308 821 2372 Grotio,
861 2324 1047 2359 comm.
1086 2310 1155 2359 ad
1191 2309 1315 2359 loca
1351 2307 1614 2375 quaedam
1651 2308 1715 2357 N.
1754 2308 1816 2357 Τ.
1854 2321 1994 2371 quae
2031 2304 2097 2355 de
2134 2304 2458 2355 Antichristo
2507 2309 2676 2369 agunt

208 2400 289 2443 sut
317 2410 467 2461 agere
504 2401 780 2462 putantur,
821 2396 921 2462 Op.
948 2396 1021 2447 th.
1048 2396 1140 2459 IV,
1166 2398 1286 2447 457.
1312 2412 1354 2447 s.
1403 2397 1609 2461 Koppe,
1634 2394 1699 2444 N.
1725 2394 1786 2443 Τ.
1813 2410 1889 2459 gr.
1917 2409 2066 2459 perp.
2094 2407 2218 2441 ann.
2244 2391 2320 2441 ill.
2347 2390 2491 2441 Gett.
2520 2391 2670 2440 1824.

209 2481 297 2530 vol.
319 2482 402 2532 VI.
429 2498 602 2533 exerc.
631 2484 679 2531 2.
718 2500 770 2548 p.
800 2484 914 2533 120.
940 2498 983 2533 s.
1032 2483 1083 2534 J.
1113 2482 1175 2536 G.
1200 2483 1417 2544 Reiche,
1441 2482 1587 2531 auth.
1612 2484 1810 2548 poster.
1848 2479 1918 2530 ad
1953 2478 2138 2529 Thess.
2174 2494 2256 2543 ep.
2283 2476 2492 2527 Vindic.
2532 2475 2676 2526 (ἔδει.

212 2568 342 2619 1829.
374 2584 423 2635 p.
460 2570 543 2620 15.
592 2569 648 2619 J.
684 2568 748 2619 Ο.
783 2569 1001 2631 Klihler,
1036 2570 1093 2619 in
1127 2568 1363 2619 Guerike
1398 2568 1453 2617 Z.
1488 2568 1524 2618 f.
1551 2567 1586 2617 l.
1612 2567 1712 2617 Th.
1740 2568 1893 2617 1861.
1928 2583 1980 2632 p.
2017 2566 2135 2615 459.
2161 2580 2203 2613 s.
2229 2591 2294 2600 —
2319 2563 2678 2629 improbetur3

214 2660 257 2703 et
286 2656 337 2704 in
368 2657 431 2705 iis
467 2672 502 2706 a
538 2657 735 2723 quibus
773 2656 1024 2718 effutitur,
1064 2672 1173 2706 non
1213 2656 1373 2706 aliam
1411 2670 1569 2721 quam
1618 2668 1813 2705 coccae
1859 2653 2142 2703 simultatis
2187 2652 2420 2718 speciem
2466 2665 2677 2716 praese·

212 2740 343 2791 ferat.
386 2743 571 2808 Neque
600 2743 1022 2793 examinabimus
1050 2742 1263 2793 illorum
1289 2743 1607 2807 opinionem,
1649 2742 1740 2807 qui
1770 2740 1856 2789 hic
1882 2739 2150 2790 Simonem
2173 2738 2408 2804 Magum,
2449 2737 2507 2787 C.
2535 2736 2676 2786 Cali-

212 2827 368 2891 gulam
418 2829 505 2879 vel
560 2830 829 2879 Neronem
884 2830 1202 2895 intelligunt,
1260 2829 1353 2878 alii
1411 2833 1589 2877 tamen
1650 2826 1757 2876 alio
1819 2827 2095 2875 abeuntes.
2168 2825 2493 2890 Interpretes
2549 2838 2680 2873 sane

212 2917 626 2985 praestantissimi
664 2931 771 2966 uno
810 2932 901 2966 ore
940 2916 1206 2967 hominem
1244 2916 1367 2979 ,,τῆ’ς
1406 2910 1679 2983 danaprin&
1713 2914 1779 2963 ab
1805 2912 2063 2979 Apostolo
2091 2910 2420 2978 praedictum
2445 2912 2683 2961 fatentur

215 3014 325 3051 sane
358 3002 621 3053 diversum
660 3003 730 3053 ab
766 3002 847 3052 his
885 3002 1112 3069 aliisque
1150 3003 1251 3052 Dei
1288 3002 1547 3052 hostibus.
1608 3001 1880 3066 Insignem
1915 3015 2042 3049 vero
2081 2998 2469 3049 sententiarum
2503 3000 2677 3047 varie-

217 3090 355 3137 tatem
398 3090 453 3139 in
498 3088 722 3156 singulis
770 3090 1120 3140 commatibus
1162 3092 1223 3151 2,
1270 3090 1454 3139 1-12,
1512 3086 1844 3153 explicandis
1899 3100 2177 3149 enarrare,
2229 3101 2330 3135 nec
2376 3090 2538 3135 vacat
2572 3101 2672 3134 nee

222 3172 343 3224 libet.
400 3176 789 3227 Praestiterunt
823 3175 895 3226 id.
920 3175 986 3226 G.
1012 3176 1345 3237 Lflnemann,
1384 3176 1449 3224 Κ.
1476 3191 1556 3225 ex.
1582 3174 1798 3224 Handb.
1825 3178 1877 3225 n.
1905 3173 1954 3223 d.
1979 3174 2069 3223 Βι·.
2104 3188 2176 3222 an
2201 3172 2287 3222 die
2311 3172 2498 3221 Thess.
2536 3170 2679 3221 Gett.

225 3260 349 3311 185⁹.
383 3280 433 3328 p.
458 3264 575 3313 200.
602 3278 646 3312 s.
695 3262 991 3328 Dollinger,
1020 3262 1340 3313 Christenth.
1366 3278 1419 3311 u.
1445 3262 1510 3311 K.
1535 3278 1587 3327 p.
1614 3263 1733 3311 422.
1783 3262 1895 3311 Nos
1920 3261 2105 3326 paucis
2131 3274 2226 3325 pro
2259 3259 2486 3309 instituti
2513 3258 2682 3307 nostri

220 3349 411 3411 ratione,
446 3350 700 3400 lemmata
736 3348 1002 3416 quaedam
1039 3348 1300 3411 dabimus,
1340 3364 1479 3414 quae
1516 3363 1697 3398 veram
1735 3348 1899 3398 totius
1930 3345 2241 3413 prophetiae
2273 3344 2682 3410 intelligentiam

220 3433 447 3486 adiuvare
492 3444 737 3502 possunt.
808 3451 856 3485 a.
902 3437 1147 3486 Diximus
1202 3438 1309 3485 iam
1353 3450 1517 3500 supra
1557 3433 1611 3484 h.
1655 3434 1690 3483 l.
1739 3435 2032 3483 orationem
2079 3434 2217 3483 verti
2267 3432 2411 3482 circa
2457 3429 2681 3481 eandem

218 3520 453 3585 παρουσίαν
488 3523 705 3586 Christi,
744 3522 811 3573 de
849 3538 957 3589 qua
991 3524 1033 3572 1.
1060 3526 1111 3584 4,
1140 3525 1219 3573 12.
1257 3536 1297 3571 s.
1336 3522 1406 3571 11.
1444 3525 1491 3584 1,
1530 3522 1716 3571 7-12,
1755 3522 1863 3586 egit
1895 3518 2184 3586 Apostolus
2221 3519 2273 3569 b.
2311 3520 2679 3583 Quaecunque

221 3604 273 3655 de
312 3607 511 3661 homine
558 3626 602 3660 τ.
641 3604 725 3678 ἅμ.
762 3610 1037 3677 leguntur,
1086 3624 1368 3675 personam
1406 3609 1738 3658 annunciant
1780 3608 1968 3668 talem,
2017 3621 2156 3671 quae
2201 3620 2332 3673 prae
2378 3605 2570 3655 ceteris
2613 3604 2681 3653 sit

404 3864 439 3926 ¹)
476 3864 826 3913 Necessarias
863 3868 1041 3912 autem
1078 3876 1195 3911 esse
1240 3860 1553 3912 tradifiones
1603 3875 1652 3909 a.
1705 3860 1897 3909 exinde
1944 3862 2132 3909 contra
2179 3857 2520 3908 Aeatholicos
2565 3858 2681 3905 iure

220 3946 427 3998 infertur.
464 3951 631 4000 Porro
668 3950 719 3998 b.
757 3950 863 4000 Dei
898 3949 1065 3999 verbo
1102 3948 1189 3998 vel
1225 3950 1477 4015 scriptum
1516 3948 1601 4009 sit,
1641 3945 1727 3996 vel
1764 3962 2006 3996 sermone
2043 3950 2248 3995 tantum
2287 3943 2555 4006 traditum,
2581 3957 2680 4007 par

221 4032 493 4085 adhibenda
530 4041 613 4086 est
650 4036 798 4098 tides,
834 4040 896 4085 ut
932 4035 1129 4085 docent
1164 4035 1217 4086 S.
1245 4033 1297 4083 S.
1325 4035 1385 4084 P.
1409 4035 1468 4083 P.
1510 4040 1563 4084 et
1600 4033 1806 4083 Concil.
1845 4031 2083 4082 Trident.
2120 4031 2260 4081 Sess.
2297 4030 2337 4080 1.
2374 4046 2418 4079 c.
2461 4034 2506 4080 1.
2555 4030 2595 4093 2)
2632 4032 2680 4092 2,

226 4122 418 4171 12-17.
454 4124 503 4184 3,
543 4124 697 4172 1-5.
758 4122 801 4186 ³)
840 4124 889 4184 2,
928 4124 1117 4172 6—-18,
1154 4122 1344 4171 Acrius
1382 4136 1540 4186 quam
1576 4122 1631 4169 in
1669 4121 1840 4187 prima
1877 4120 2052 4185 arguit
2091 4134 2200 4179 eos,
2241 4119 2331 4185 qui
2369 4118 2477 4167 otio
2516 4116 2684 4166 dediti

223 4220 274 4253 ex
304 4208 481 4259 alienis
516 4208 795 4260 laboribus
830 4208 1105 4259 malebant
1139 4209 1195 4257 in
1232 4208 1341 4258 otio
1386 4208 1587 4257 victum
1626 4222 1913 4272 quaerere,
1975 4220 2135 4271 quam
2173 4221 2289 4255 cum
2328 4204 2512 4254 labore
2562 4219 2682 4269 pro-

224 4294 367 4356 prium
416 4311 609 4361 panem
656 4296 999 4347 manducare.
1060 4294 1337 4345 Eiusmodi
1382 4295 1437 4343 ni
1484 4296 1859 4359 resipiscerent
1907 4308 1942 4342 a
1986 4306 2172 4342 mensa
2215 4296 2312 4341 aut
2359 4306 2681 4356 quacunque

222 4378 439 4434 familiari
474 4384 887 4435 conversatione
922 4381 1275 4432 removendos
1313 4396 1457 4445 esse,
1517 4386 1581 4430 ut
1629 4379 1906 4446 pudefiant
1953 4383 2006 4429 et
2042 4378 2391 4443 corrigantur.
2453 4376 2494 4443 ⁴)
2533 4378 2684 4438 Quae

224 4472 289 4516 est
318 4470 495 4521 salutis
532 4470 691 4520 huius
738 4470 881 4519 vitae
928 4474 983 4519 et
1028 4475 1283 4519 aeternae
1330 4484 1526 4519 semen.
1589 4467 1631 4532 ὃ)
1671 4466 1751 4517 cf.
1787 4466 1830 4515 1.
1861 4466 1982 4515 Cor.
2024 4467 2104 4526 16,
2141 4465 2225 4514 21.
2263 4464 2472 4515 Coloss.
2509 4466 2558 4527 4,
2601 4466 2685 4515 18.

222 4550 279 4601 Μ.
300 4555 355 4606 Τ.
377 4556 668 4619 ΕοΙιὴιῐᾱὶ,
702 4555 771 4606 de
806 4552 995 4624 σημείῳ
1028 4572 1111 4621 ep.
1136 4555 1309 4617 Pauli,
1344 4556 1400 4605 in
1425 4554 1583 4605 Thes.
1617 4554 1692 4603 th.
1729 4570 1782 4620 p.
1819 4554 1935 4604 624.
1973 4570 2014 4603 s.
2064 4551 2128 4602 G.
2164 4552 2413 4614 Zeltneri‚
2453 4551 2578 4603 diss.
2617 4552 2684 4601 de

222 4650 647 4711 monogrammate
682 4642 857 4693 Pauli.
893 4642 1117 4693 Altorfii.
1147 4643 1299 4693 1721.
