3267 5259
577 390 616 455 8
1339 400 1460 443 nist.
1487 410 1579 441 rev.
1609 399 1703 441 «nv.
1729 398 1883 441 renos
1911 399 1951 441 1.
1974 409 2071 450 esp.
2100 397 2299 451 primm.

763 677 823 755 ἓ.
871 677 930 747 2.
999 672 1444 736 Nativitas
1499 670 1713 734 Jesu
1768 668 2097 733 Christi
2150 678 2231 733 et
2288 671 2867 735 circumcisio.

786 860 1178 925 imminebat
1236 862 1364 925 iam
1417 870 1676 945 tempus
1737 858 1893 923 illud
1954 858 2395 923 felicissimum
2452 870 2517 923 et
2568 861 2737 924 votis
2784 862 3060 924 omnium

580 986 752 1042 retro
797 974 1204 1039 saeculorum
1252 974 1632 1060 expetitum,
1676 972 1852 1058 quod
1888 972 2074 1037 Deus
2112 972 2311 1036 natali
2356 972 2634 1037 Messiae
2684 972 3060 1053 destinarat3

582 1112 730 1154 cum
763 1088 1062 1153 Caesaris
1090 1086 1372 1172 Augusti
1414 1085 1701 1150 edictum
1732 1084 1996 1149 allatum
2030 1095 2127 1149 est
2154 1087 2223 1150 in
2254 1084 2599 1169 Judaeam,
2634 1108 2765 1171 quo
2806 1084 3062 1148 iubebat

579 1203 912 1266 hominum
983 1199 1487 1285 descriptionem
1553 1198 1799 1263 institui
1876 1199 1941 1261 in
2011 1220 2091 1261 ea
2162 1197 2335 1263 orbis
2398 1208 2619 1285 parte,
2704 1222 2874 1285 quae
2948 1197 3057 1261 sub

581 1314 890 1378 Romanis
954 1322 1095 1376 erat
1121 1316 1158 1375 ¹.
1249 1310 1672 1397 Promulgato
1735 1309 1949 1377 edicto
2008 1312 2352 1375 universae
2412 1310 2799 1376 israeliticae
2860 1321 3059 1374 terrac

581 1425 836 1491 incolae
893 1448 934 1511 p
959 1426 1234 1489 etiere
1297 1426 1364 1488 in
1423 1422 1677 1507 urbem,
1739 1445 1906 1509 quae
1952 1425 2165 1509 gentis
2218 1446 2373 1487 suae
2420 1446 2500 1487 ac
2547 1423 2831 1489 familiae
2878 1434 3063 1509 caput

585 1548 743 1621 erat,
789 1548 860 1603 ut
903 1537 1032 1602 illic
1077 1559 1316 1601 nomen
1363 1559 1550 1601 suum
1612 1536 1862 1600 darent.
1952 1536 2134 1599 Inter
2192 1534 2353 1601 alios
2413 1535 2765 1623 Josephus,
2812 1560 2849 1601 e
2892 1540 3063 1623 regia

583 1650 858 1715 Davidis
917 1640 1115 1737 stirpe
1142 1652 1168 1693 2
1237 1648 1566 1732 oriundus,
1621 1648 1991 1713 Nazaretho
2040 1648 2375 1713 Galilaeae
2424 1650 2695 1715 contulit
2746 1673 2817 1715 se
2862 1649 3061 1714 Betle-

583 1764 846 1828 hemum
928 1764 1210 1849 priscam
1290 1762 1574 1826 familiae
1660 1761 1937 1825 Davidis
2018 1760 2243 1825 sedem
2320 1785 2491 1826 cum.
2542 1762 2753 1826 Maria
2826 1766 3063 1827 uxore³

585 1899 705 1941 sua
756 1850 1190 1963 praegnante,
1236 1885 1307 1938 ut
1357 1874 1567 1939 haec⁴
1615 1897 1764 1938 cum
1820 1876 1962 1959 ipso
2022 1874 2433 1960 profiteretur
2486 1875 2555 1938 in
2610 1897 2691 1939 ea
2750 1876 3004 1939 civitate
3024 1879 3061 1937 ⁵.

587 1988 754 2054 Cum
798 1988 927 2053 illic
974 1997 1210 2070 essent,
1265 1988 1393 2051 acti
1440 1996 1588 2051 sunt
1629 1986 1880 2051 Mariae
1927 2009 2207 2069 menses,
2270 1988 2593 2072 enixaque
2643 1998 2743 2051 est
2785 1986 3064 2073 Deipara

588 2100 932 2183 Christum,
985 2100 1204 2164 Deum
1251 2102 1630 2184 aeternique
1678 2098 1889 2163 Patris
1936 2098 2155 2181 filium,
2218 2101 2283 2162 in
2328 2099 2646 2185 spelunca
2688 2100 3059 2164 Betlchemo

585 2216 830 2297 vicina,
900 2237 1049 2278 cuin
1115 2213 1380 2299 plenum
1464 2222 1635 2277 esset
1702 2212 2063 2298 hospitibus
2132 2211 2559 2277 diversorium
2635 2212 2719 2277 ob
2792 2212 3059 2277 multitu-

588 2326 806 2391 dinem
888 2325 1348 2391 confluentium
1430 2324 1516 2389 ad
1593 2348 1898 2408 censum,
1982 2348 2107 2389 nec
2172 2324 2355 2389 locus
2422 2324 2583 2389 alius
2651 2327 2864 2412 aptior
2928 2348 3061 2410 sup-

587 2450 842 2527 peteret
867 2444 908 2503 6.
984 2439 1221 2502 Filium
1279 2438 1454 2503 hunc
1513 2448 1583 2502 ut
1644 2440 1921 2524 primum
1989 2437 2199 2503 editus
2266 2440 2330 2502 in
2387 2438 2603 2503 lucem
2669 2450 2805 2523 est,
2859 2438 3061 2502 fasciis

799 2666 835 2733 ι)
873 2666 936 2715 v.
974 2666 1112 2715 nist.
1148 2666 1212 2715 R.
1249 2666 1318 2715 D.
1355 2666 1419 2715 v.
1456 2666 1518 2715 T.
1555 2682 1606 2731 p.
1646 2668 1764 2715 462.
1802 2666 1921 2715 583.
1958 2665 2257 2731 Prolegom.
2294 2667 2359 2716 N.
2397 2666 2459 2717 T.
2522 2666 2657 2715 Luc.
2690 2670 2740 2729 2,
2778 2670 2823 2717 1.
2881 2646 3061 2727 Qu‘am-

587 2756 669 2805 vis
725 2760 903 2804 autem
939 2753 1248 2818 simpliciter
1284 2753 1552 2818 loquendo
1589 2753 1833 2818 Augusto
1880 2753 2025 2801 orbis
2068 2769 2177 2803 non
2222 2753 2487 2803 subfuerit
2534 2754 2841 2815 universus,
2895 2758 3059 2803 tamen

589 2843 718 2907 quia
786 2840 1110 2907 principales
1181 2840 1282 2889 sub
1355 2854 1414 2889 se
1485 2840 1733 2889 habuerit
1802 2841 2039 2889 universi
2108 2845 2316 2905 partes,
2382 2844 2527 2889 recte
2590 2841 2659 2889 ab
2722 2840 3059 2905 Evangelists

587 2930 869 2979 universus
924 2927 1068 2975 orbis
1119 2927 1220 2977 sub
1271 2942 1334 2976 eo
1391 2926 1689 2991 descriptus
1744 2926 1961 2990 dicitur-3
2022 2931 2083 2975 ut
2142 2926 2359 2976 doceret
2412 2926 2654 2977 Judaeos
2722 2926 2911 2977 adesse
2970 2928 3062 2975 iam

593 3020 806 3080 tempus
855 3013 1118 3063 adventus
1183 3012 1406 3076 Christi,
1479 3012 1697 3078 quando
1754 3012 1936 3063 ablato
2002 3012 2069 3063 de
2130 3012 2279 3063 Juda
2322 3018 2533 3079 sceptro
2584 3028 2753 3078 penes
2814 3014 3063 3063 Romanos

591 3106 707 3151 erat
759 3116 916 3149 omne
969 3101 1264 3165 imperium.
1323 3099 1578 3165 Impletas
1633 3114 1751 3149 esse
1804 3099 2112 3165 prophetias
2160 3098 2227 3149 de
2270 3114 2421 3165 pace,
2470 3114 2629 3164 quam
2686 3100 3061 3149 annunciatum

589 3192 758 3238 vates·
799 3192 1036 3253 tempore
1097 3187 1446 3252 apparitionis
1506 3187 1737 3236 Messiae
1792 3186 2040 3237 futuram.
2112 3187 2235 3235 Isai.
2296 3188 2389 3248 60,
2454 3188 2499 3235 1.
2554 3200 2597 3236 s.
2682 3184 2723 3251 ²)
2782 3186 2869 3235 Ex
2924 3188 3063 3235 cuius

591 3275 792 3324 semine
829 3274 1118 3339 promissus
1153 3272 1330 3323 fuerat
1353 3272 1595 3321 Messias.
1658 3271 1697 3338 ³)
1735 3273 2079 3337 Desponsata
2112 3273 2215 3321 sibi
2252 3278 2313 3323 ut
2346 3272 2593 3335 vidimus,
2630 3288 2740 3321 non
2778 3272 2947 3323 solum
2982 3287 3065 3337 per

591 3360 760 3411 verba
797 3360 862 3409 de
898 3358 1094 3422 futuro,
1131 3374 1316 3409 verum
1355 3360 1514 3409 etiam
1559 3358 1626 3409 de
1672 3360 1957 3424 praesenti,
1994 3374 2135 3425 quae
2182 3374 2275 3409 eos
2318 3374 2447 3409 vere
2494 3360 2749 3423 coniuges
2797 3359 3064 3409 efficerent.

593 3448 728 3498 Coll.
765 3446 954 3497 Matth.
995 3450 1040 3508 1,
1079 3448 1162 3495 20.
1223 3444 1263 3511 ⁴)
1305 3446 1446 3507 Quia
1481 3445 1593 3496 filia
1629 3442 1886 3513 ἐπίκληρος
1922 3446 2039 3508 fuit,
2076 3452 2467 3512 proptereaque
2500 3445 2743 3511 Josepho
2786 3452 2977 3512 agnato
3010 3460 3063 3493 ex

593 3534 711 3599 lege
758 3533 1040 3598 desponsa.
1101 3532 1208 3582 Sed
1244 3532 1310 3581 de
1357 3532 1460 3581 hac
1506 3548 1562 3581 re
1607 3532 1717 3581 alio
1762 3532 1881 3583 loco
1926 3532 2101 3597 plura.
2162 3532 2203 3598 ⁵)
2248 3532 2314 3582 In
2359 3547 2465 3597 quo
2512 3533 2729 3596 negotio
2776 3531 3065 3581 admiranda

592 3621 694 3670 Dei
731 3618 1084 3685 providentia,
1123 3633 1230 3683 qua
1265 3616 1481 3681 factum,
1519 3624 1580 3668 ut
1613 3620 1789 3669 Maria
1824 3618 1927 3668 hac
1963 3620 2245 3668 occasione
2286 3616 2689 3669 Bethlehemurn
2724 3619 2962 3683 profecta
2992 3618 3065 3675 sit,

594 3722 732 3771 quae
780 3721 846 3755 ea
898 3720 1007 3755 non
1052 3705 1439 3754 interveniente
1483 3706 1782 3770 peperisset
1832 3704 2137 3755 Nazarethi.
2197 3704 2383 3755 Voluit
2434 3705 2583 3754 Deus
2636 3704 2803 3755 Pater
2855 3705 3065 3755 natalem

593 3794 770 3843 locum
815 3797 870 3841 et
912 3804 1080 3857 genus
1125 3790 1250 3839 Filii
1305 3791 1404 3852 sui,
1451 3790 1630 3840 multis
1683 3791 1953 3840 vaticiniis
2006 3790 2338 3856 praedictum
2393 3792 2553 3841 etiam
2606 3791 2837 3856 publicis
2890 3790 3065 3843 tabulis

593 3884 862 3930 testatum.
923 3878 1003 3927 cf.
1042 3892 1086 3925 s.
1120 3876 1338 3926 Justini.
1384 3877 1540 3942 Apol.
1585 3878 1627 3938 1,
1652 3876 1760 3927 ¹46.
1804 3894 1857 3942 p.
1908 3880 2023 3928 111.
2082 3876 2225 3927 Dial.
2270 3893 2323 3927 n.
2372 3879 2454 3927 78.
2498 3892 2551 3941 p.
2590 3878 2709 3927 269.
2754 3877 3063 3933 Tertulliani,

593 3965 717 4015 adv.
755 3966 920 4014 Marc.
969 3964 1059 4013 IV.
1100 3964 1180 4012 19.
1218 3962 1315 4024 111,
1365 3966 1482 4013 191.
1543 3962 1582 4027 ⁶)
1622 3963 1703 4013 Cf.
1741 3963 1862 4013 Not.
1900 3978 2081 4027 geogr.
2117 3979 2171 4028 p.
2206 3962 2349 4012 LIX.
2388 3977 2430 4011 s.
2468 3963 2719 4013 Ceterum
2768 3964 3065 4015 Beatissimi

593 4052 757 4116 Virgo
817 4051 992 4101 Maria
1041 4049 1360 4099 miraculose
1413 4051 1644 4115 peperit3
1704 4050 1951 4099 nimirum
2004 4055 2161 4114 porta
2212 4054 2463 4099 manente
2517 4049 2705 4099 clausa
2758 4056 2815 4101 et
2866 4048 3063 4099 materni

595 4138 812 4203 pudoris
865 4136 1143 4202 signaculo
1198 4138 1410 4187 minime
1457 4140 1713 4187 reserato,
1765 4136 1879 4185 Jer.
1935 4136 2017 4199 31,
2068 4138 2152 4186 22.
2213 4137 2353 4199 „Dei
2396 4136 2627 4201 genitrix
2671 4152 2775 4185 nec
2820 4138 2877 4187 in
2928 4150 3063 4186 carne

597 4224 878 4287 delectata,
917 4239 1019 4273 nec
1052 4225 1108 4272 in
1146 4238 1307 4273 carne
1345 4224 1598 4284 cruciata,
1638 4227 1692 4272 et
1726 4222 1784 4272 in
1819 4223 2169 4287 conceptione
2204 4224 2463 4288 virginior
2508 4228 2562 4273 et
2597 4223 2653 4273 in
2690 4228 2851 4289 partu
2892 4223 3065 4273 exstitit

597 4312 828 4361 sanior.“
865 4312 972 4375 „Et
1007 4311 1052 4359 si
1087 4311 1294 4359 miraris
1333 4310 1515 4359 clauso
1555 4314 1706 4359 utero
1730 4310 1935 4359 Mariae
1970 4311 2289 4375 signatoque
2325 4310 2573 4375 virginali
2610 4309 2874 4375 pudicitia
2916 4312 3063 4359 Deum

598 4402 797 4459 natum,
851 4399 1060 4457 mirare,
1113 4395 1257 4461 quod
1303 4396 1486 4446 clauso
1525 4396 1883 4460 obseratoque
1926 4396 2075 4446 aditu
2122 4396 2391 4462 sepulchri
2432 4396 2502 4447 ad
2551 4410 2777 4461 superos
2820 4396 2987 4456 rediit,
3024 4398 3067 4441 et

599 4484 798 4534 clausis
853 4484 1028 4533 ianuis
1083 4482 1152 4531 ad
1223 4482 1512 4547 discipulos
1567 4483 1858 4532 introivit.“
1928 4484 1997 4532 D.
2042 4482 2308 4533 Amedeus
2362 4499 2463 4548 ep.,
2510 4485 2567 4532 in
2618 4481 2759 4533 hom.
2814 4482 2881 4533 de
2930 4486 3065 4548 partu

599 4570 833 4635 Virginis
871 4569 1016 4634 apud
1051 4568 1250 4631 Malou‚
1290 4569 1342 4618 S.
1371 4568 1423 4618 S.
1449 4569 1510 4617 P.
1535 4569 1596 4617 P.
1642 4569 1823 4618 Pietas
1859 4570 2121 4619 Mariana.
2166 4570 2300 4619 Lov.
2330 4570 2480 4619 1847.
2504 4584 2557 4635 p.
2584 4570 2703 4617 242.
2728 4570 2848 4619 244.
