3267 5259
1213 449 1376 491 Christi
1411 450 1614 493 tentatio.
2570 440 2653 505 33

192 640 458 688 possumus.
505 622 562 673 Si
599 625 741 673 enim
799 638 848 673 a.
896 624 1143 675 diabolus
1188 625 1434 675 scivisset
1469 624 1739 675 Christum
1785 642 1902 677 esse
1948 627 2146 689 Deum,
2184 643 2293 678 non
2338 628 2417 678 illi
2461 630 2655 695 promi-

191 711 328 759 sisset
365 724 524 775 regna
569 710 772 773 mundi,
808 716 1146 778 perspectum
1195 714 1334 761 enim
1380 712 1659 762 habuisset
1692 713 1896 776 Jesum,
1946 714 2075 779 quia
2116 714 2269 766 Deus
2319 719 2447 777 erat,
2493 717 2655 767 totius

190 802 341 847 terrae
359 796 599 861 coelique
617 798 897 863 imperium
923 799 1190 863 obtinere,
1224 814 1476 863 quorsum
1501 800 1663 865 igitur
1686 800 1741 848 id
1766 802 2109 865 promitteret,
2137 801 2281 866 quod
2306 803 2361 850 in
2391 806 2655 866 potestate

191 881 314 931 illius
355 898 466 933 esse
502 887 765 933 noverat?
805 886 856 935 b.
892 886 1160 951 Insipiens
1195 886 1387 937 fuisset
1423 886 1667 951 daemon,
1704 888 1751 937 si
1790 902 1908 937 cum
1944 887 2061 937 Deo
2101 888 2437 937 coniunctam
2472 888 2654 937 huma-

190 970 380 1017 nitatem
424 971 480 1019 in
523 976 808 1035 peccatum
852 972 992 1022 trahi
1045 988 1204 1038 posse
1261 971 1588 1023 credidisset.
1662 972 1799 1022 Nam
1845 974 1889 1023 si
1939 977 2163 1022 noverat
2216 972 2482 1023 Christum
2537 988 2655 1023 esse

189 1056 352 1115 Deum,
387 1063 610 1107 noverat
644 1064 926 1124 praeterea
960 1059 1134 1109 Deum
1183 1074 1408 1123 peccare
1453 1060 1603 1109 nullo
1654 1059 1813 1109 modo
1860 1075 2045 1125 posse3
2096 1074 2221 1125 ergo
2270 1076 2461 1125 neque,
2504 1065 2565 1109 ut
2599 1061 2655 1110 in

190 1147 436 1205 peecatum
480 1143 736 1206 traheret,
779 1126 1120 1197 tentavisset.
1174 1162 1219 1196 c.
1258 1146 1454 1212 Opinio
1492 1146 1626 1196 haec
1664 1145 1717 1196 8.
1757 1144 1811 1195 S.
1848 1147 2067 1196 Patrum
2104 1147 2400 1197 sententiae
2442 1147 2654 1195 minime

191 1232 430 1292 convenit3
484 1232 576 1296 qui
621 1230 820 1281 docent
853 1231 1166 1285 daemonem
1213 1249 1279 1281 ex
1323 1232 1424 1294 his,
1477 1248 1614 1299 quae
1663 1233 1895 1296 viderat,
1948 1234 2190 1299 coepisse
2237 1232 2481 1283 dubitare
2529 1249 2654 1283 num

191 1314 402 1366 Christus
433 1315 573 1367 filius
611 1318 720 1368 Dei
757 1324 911 1382 esset,
937 1336 1114 1386 neque
1138 1321 1194 1369 id
1219 1320 1492 1386 explorate
1530 1321 1864 1386 cognovisse.
1916 1320 2165 1371 Omnium
2203 1322 2371 1370 instar
2408 1319 2655 1369 audiatur

191 1400 234 1449 S.
255 1401 500 1454 Maximus
523 1405 708 1466 Taur„
735 1405 770 1455 1.
797 1423 840 1457 s.
867 1423 912 1455 c.
939 1407 1167 1473 „Itaque
1205 1424 1324 1457 cum
1359 1408 1554 1457 viderit
1588 1407 1675 1457 leo
1712 1408 1895 1458 feralis
1932 1422 2129 1473 agnum
2158 1408 2263 1456 Dei
2297 1411 2420 1471 post
2456 1406 2651 1471 longis-

189 1489 348 1537 simum
389 1496 548 1556 atque
596 1494 910 1543 continuum
956 1494 1313 1560 quadraginta
1361 1494 1566 1544 dierum
1619 1509 1685 1543 ac
1732 1495 1969 1544 noctium
2018 1494 2273 1543 ieiunium
2324 1494 2549 1555 esurire,
2602 1498 2655 1543 et

189 1576 472 1627 esurientem
515 1579 694 1629 Deum
751 1596 869 1631 esse
904 1596 1014 1631 non
1034 1581 1302 1644 crederet,
1342 1586 1456 1631 arte
1492 1560 1644 1631 illum
1689 1581 2016 1631 calidissima
2058 1580 2417 1645 adgreditur.“
2476 1580 2652 1645 Atque

189 1660 303 1711 hom.
335 1664 474 1713 XIII.
509 1666 576 1715 de
620 1667 822 1728 Quadr.
847 1669 968 1718 VII.
993 1686 1045 1735 p.
1075 1672 1189 1720 129.
1225 1668 1365 1719 idem
1397 1671 1764 1735 prosequitur:
1804 1667 2158 1733 „Adgreditur
2188 1669 2369 1731 itaque
2407 1666 2651 1717 diabolus

187 1752 363 1797 tentare
388 1748 672 1815 Christum,
700 1753 1050 1821 exploratque
1083 1756 1368 1818 sollicitus,
1397 1757 1442 1805 si
1465 1756 1602 1807 forte
1627 1756 1779 1805 illum
1801 1756 1908 1804 Dei
1934 1770 2051 1805 esse
2075 1752 2239 1802 filium
2274 1752 2651 1818 deprehendat.

188 1832 468 1898 suspicatur
501 1837 652 1887 illum
693 1854 838 1903 esse,
878 1857 1034 1906 quem
1081 1843 1446 1892 continuatum
1497 1842 1857 1907 quadraginta
1902 1840 2105 1889 dierum
2141 1840 2287 1889 videt
2332 1839 2652 1904 explicuisse

187 1920 436 1987 ieiunium,
484 1924 582 1974 sed
619 1942 806 1977 rursus
843 1927 1054 1979 dubitat
1091 1928 1325 1979 divinam
1360 1929 1437 1979 illi
1475 1930 1651 1979 inesse
1689 1933 1958 1989 naturam,
1999 1942 2155 1992 quem
2194 1926 2347 1990 quasi
2389 1925 2651 1974 infirmum

187 2010 304 2057 inter
324 2016 520 2062 ceteros
545 2011 792 2065 homines
816 2017 1073 2081 perspicit
1097 2016 1352 2066 esurire.“
1377 2016 1530 2065 Haec
1556 2020 1639 2065 est
1676 2016 1833 2064 etiam
1859 2014 2125 2065 sententia
2148 2011 2200 2061 8.
2227 2011 2437 2074 Hilarii,
2465 2028 2651 2063 comm.

187 2096 232 2144 in
251 2096 421 2147 Matth.
447 2101 495 2148 3.
523 2100 606 2149 ed.
633 2101 758 2151 Par.
787 2102 938 2151 1830.
962 2103 1056 2165 IV,
1085 2104 1166 2153 12.
1193 2100 1246 2151 8.
1271 2102 1552 2163 Ambrosii,
1581 2103 1805 2167 exposit.
1834 2115 2021 2165 evang.
2050 2116 2089 2150 s.
2116 2098 2248 2149 Luc.
2275 2097 2308 2147 1.
2340 2098 2431 2159 IV,
2462 2100 2541 2149 18.
2569 2098 2651 2149 ed.

187 2182 284 2232 ben.
309 2202 354 2249 p.
381 2186 526 2237 1339.
554 2186 664 2237 divi
705 2187 948 2254 Gregorii
973 2190 1318 2253 NazIanzeni,
1352 2188 1513 2239 theol.
1541 2204 1703 2238 carm.
1728 2188 1764 2237 1.
1799 2188 1839 2236 Ι.
1867 2203 1909 2238 s.
1936 2189 1985 2236 2.
2010 2202 2060 2235 xv.
2088 2188 2205 2236 203.
2233 2184 2297 2249 ,,ἡ
2335 2184 2477 2252 πεῖρα
2512 2182 2557 2233 δ’
2594 2178 2651 2248 ἦν

186 2264 326 2334 ἔρευνα
345 2272 425 2334 τῆς
461 2269 588 2322 θεοῦ
625 2271 867 2337 πλοκῆς.“
902 2292 954 2338 p.
982 2277 1099 2325 221.
1128 2292 1169 2326 s.
1196 2276 1424 2326 Joannis
1463 2274 1843 2339 Chrysostomi‚
1881 2274 2019 2324 hom.
2046 2273 2196 2322 XIII.
2221 2273 2277 2321 in
2311 2272 2498 2321 Matth.
2524 2288 2576 2321 n.
2602 2274 2650 2321 2.

184 2355 295 2417 VII,
333 2360 442 2408 196.
479 2377 520 2410 s.
547 2360 890 2425 Hieronymi,
929 2363 984 2411 in
1019 2363 1208 2413 Matth.
1235 2366 1284 2413 4.
1311 2365 1359 2413 6.
1396 2362 1526 2424 VII,
1553 2364 1636 2411 20.
1664 2378 1705 2411 s.
1731 2360 2042 2425 Augustini,
2070 2358 2135 2409 de
2163 2358 2275 2407 civ,
2302 2358 2422 2420 Dei,
2447 2357 2540 2420 IX,
2568 2361 2651 2408 21.

183 2458 226 2505 p.
248 2446 352 2493 371.
387 2462 427 2497 s.
454 2446 657 2497 Leonis
682 2448 773 2511 M„
802 2464 954 2499 serm.
981 2450 1152 2499 XLII.
1191 2450 1256 2499 de
1283 2449 1468 2516 quadr.
1497 2448 1589 2511 IV,
1621 2450 1669 2497 3.
1699 2447 1781 2497 ed.
1808 2447 1993 2496 Malou
2017 2464 2068 2511 p.
2096 2447 2177 2495 32.
2216 2444 2491 2509 Euthymii
2517 2446 2647 2510 zig„

186 2544 345 2580 comm.
369 2532 422 2581 in
443 2533 635 2583 Matth.
662 2536 714 2597 4,
742 2537 790 2584 3.
815 2553 866 2602 p.
897 2538 1011 2587 116.
1039 2552 1080 2587 s.

363 2620 505 2672 Illud
537 2640 650 2673 vero
691 2641 789 2691 pro
834 2625 1050 2691 confesso
1095 2624 1275 2677 habent
1310 2642 1472 2675 omnes
1517 2623 1749 2675 catholici
1800 2622 2049 2673 Christum
2082 2620 2245 2687 juisse
2290 2619 2651 2689 impeccabilem

185 2695 600 2771 ἀναμάρτητον;
651 2713 816 2775 atque
865 2704 1253 2777 ἀναμαρτησίαν,
1305 2724 1464 2775 quam
1510 2708 1919 2774 impeccantiam
1982 2706 2149 2755 latine
2194 2706 2448 2756 vertendo
2490 2710 2651 2757 vocat

185 2788 228 2836 S.
247 2790 601 2858 Hieronymus,
625 2794 840 2862 dialogo
867 2801 1056 2847 contra
1077 2796 1413 2862 Pelag.11.n.
1433 2799 1511 2847 16.
1537 2796 1607 2859 11,
1638 2797 1754 2845 760.
1782 2810 1900 2845 esse
1928 2794 2206 2856 duplicem.
2244 2794 2382 2843 Nam
2410 2799 2504 2844 aut
2526 2796 2647 2845 sim-

183 2874 348 2939 plicem
371 2882 696 2931 vacuitatem
721 2885 930 2944 peccati
955 2882 1244 2949 significat,
1271 2885 1348 2933 ita
1371 2888 1549 2933 tamen
1575 2888 1636 2931 ut
1666 2882 1879 2947 peccari
1912 2885 2119 2946 posset3
2158 2885 2253 2930 aut
2280 2881 2562 2944 eiusmodi,
2588 2886 2649 2931 ut

183 2978 264 3011 nec
287 2964 402 3015 insit
423 2968 600 3032 reipsa
617 3006 631 3031 ,
657 2984 758 3017 nec
785 2969 951 3018 ullum
979 2970 1153 3035 possit
1179 2972 1355 3020 inesse
1384 2974 1681 3035 peccatum.
1730 2969 2001 3019 Posterior
2032 2983 2169 3032 quae
2200 2968 2500 3018 absolutam
2524 2984 2646 3028 pec-

184 3050 315 3098 candi
339 3054 745 3110 possibilitatem
771 3057 943 3121 eripit,
969 3057 1026 3105 in
1051 3056 1167 3107 solo
1190 3057 1309 3108 Deo
1335 3058 1610 3123 reperitur.
1638 3056 1846 3118 Quibus
1872 3056 2060 3122 positis
2088 3056 2352 3122 sequitur:
2382 3055 2647 3107 Christum

185 3143 230 3185 ut
245 3136 400 3188 Deum
418 3156 534 3191 esse
554 3136 906 3209 ἀναμάρτητον.
934 3140 1039 3192 Sed
1059 3142 1326 3194 Christum
1342 3144 1630 3195 Dominum
1650 3159 1757 3193 non
1778 3142 1967 3206 solum,
1992 3158 2115 3208 qua
2134 3144 2183 3193 D
2198 3158 2309 3193 eus
2336 3148 2447 3205 est,
2464 3158 2647 3192 verum

184 3223 316 3271 etiam
348 3230 412 3275 ut
449 3226 635 3277 homo
675 3233 790 3289 est,
829 3228 960 3277 nihil
998 3229 1274 3280 admisisse
1312 3232 1537 3294 peccati,
1575 3230 1817 3295 adeoque
1854 3245 1978 3278 vere
2016 3224 2349 3296 ἀναμάρτητον
2386 3230 2647 3279 exstitisse

185 3315 328 3359 ratum
361 3318 440 3363 est
465 3328 496 3362 e
523 3315 844 3365 testimoniis
873 3314 1168 3365 divinarum
1200 3314 1592 3381 Scripturarum
1620 3322 1674 3365 et
1700 3315 2041 3365 Traditionis.
2092 3315 2227 3366 Vide
2255 3317 2308 3364 in
2338 3315 2477 3365 hanc
2511 3332 2645 3366 rem:

183 3394 348 3446 Joann.
363 3401 409 3461 8,
422 3402 648 3451 31-46.
670 3400 792 3452 0011.
805 3401 994 3451 Matth.
1011 3404 1094 3465 26,
1113 3404 1195 3452 59.
1221 3405 1306 3465 27,
1323 3405 1370 3453 3.
1388 3404 1468 3453 19.
1485 3405 1568 3452 24.
1594 3402 1651 3452 ΙΙ
1668 3401 1788 3452 Cor.
1806 3404 1854 3463 5,
1870 3403 1952 3450 21.
1972 3402 2137 3451 Hebr.
2154 3402 2203 3463 4,
2222 3404 2301 3450 15.
2325 3403 2371 3461 7,
2388 3403 2470 3451 26.
2490 3402 2518 3449 Ι
2531 3402 2644 3449 Pet.

184 3482 224 3542 2,
245 3485 317 3533 22.
350 3484 374 3533 1
395 3486 591 3537 Joann.
621 3490 669 3549 3,
697 3489 746 3537 5.
795 3487 942 3552 Lege
978 3488 1137 3537 effata
1171 3488 1224 3537 8.
1250 3488 1450 3538 Justini
1485 3488 1621 3537 Phil.
1658 3494 1711 3538 et
1744 3488 1925 3548 Mart.,
1963 3487 2089 3536 dial.
2116 3503 2236 3536 cum
2260 3486 2457 3551 Tryph.
2484 3503 2534 3537 n.
2562 3489 2645 3537 35.

86 3602 88 3605 ψ
185 3584 225 3632 p.
250 3572 350 3620 118.
396 3572 446 3622 8.
471 3573 703 3636 Irenaei,
730 3578 918 3624 contra
943 3574 1084 3624 haer.
1111 3575 1210 3624 111.
1239 3576 1320 3637 16,
1347 3577 1395 3625 6.
1425 3578 1471 3625 7.
1498 3592 1548 3640 p.
1576 3576 1695 3624 509.
1724 3591 1763 3624 s.
1810 3574 1862 3622 S.
1890 3573 2099 3635 Hilarii,
2127 3573 2192 3621 (le
2216 3574 2363 3622 Trin.
2389 3574 2453 3621 X.
2482 3576 2564 3623 25.
2590 3591 2643 3640 p.

185 3656 282 3705 393.
312 3674 350 3707 s.
403 3659 453 3709 8.
478 3660 822 3725 Hieronymi,
859 3661 978 3710 adv.
1013 3661 1194 3710 Jovin.
1231 3661 1303 3722 11,
1345 3663 1390 3710 1.
1427 3678 1476 3725 p.
1511 3664 1628 3709 322.
1666 3660 1859 3735 dialog.
1896 3676 1941 3709 c.
1990 3659 2172 3725 Pelag.
2205 3660 2277 3721 ΙΙ,
2318 3662 2399 3709 17.
2438 3676 2488 3723 p.
2530 3664 2644 3711 761.

185 3739 228 3788 S.
249 3744 538 3809 Augustini,
571 3746 793 3799 Euchir.
819 3763 870 3796 n.
897 3749 980 3797 41.
1011 3747 1092 3797 ed.
1118 3748 1294 3797 Faure
1319 3764 1370 3812 p.
1397 3749 1480 3797 81.
1530 3746 1582 3795 S.
1611 3746 1798 3811 cyrilli
1823 3746 1922 3807 AL,
1948 3748 2003 3794 in
2029 3745 2224 3796 Joann.
2252 3746 2343 3807 IV,
2374 3750 2419 3797 1.
2466 3748 2566 3796 Ev.
2595 3750 2643 3808 8,

184 3828 252 3876 29.
273 3846 319 3893 p.
343 3834 456 3881 531.
483 3832 650 3883 Cone.
679 3832 1084 3899 Constantinop.
1110 3834 1179 3882 11.
1204 3834 1325 3883 coll.
1346 3833 1496 3895 VIII,
1521 3836 1601 3883 12.
1629 3832 1773 3897 apud
1798 3832 1963 3882 Hard.
1992 3832 2092 3894 111,
2118 3834 2231 3882 198.
2258 3849 2299 3883 s.
2338 3832 2518 3882 Const.
2545 3832 2643 3882 111.

187 3920 272 3963 act.
293 3918 338 3965 8.
373 3912 742 3987 ,,σἰναμοιρτητον
779 3916 970 3986 θέλημα
1003 3916 1309 3986 προσέλαβεν
1346 3912 1372 3968 ὃ
1409 3918 1571 3986 κύριος
1607 3918 1751 3988 ἡμῶν
1789 3916 1821 3967 Ι.
1860 3916 1953 3967 Χ.“
1990 3920 2061 3967 ib.
2087 3936 2138 3983 p.
2176 3921 2326 3969 1183.
2375 3918 2530 3979 Quod
2568 3918 2644 3968 illi

185 3998 582 4067 hypostatica
615 4005 804 4055 tribuit
838 4007 992 4069 uni03
1031 4011 1178 4055 certe
1213 4007 1618 4070 impeccantiae,
1654 4018 1793 4070 quae
1825 4004 2259 4055 Christo-homini
2292 4004 2647 4055 adscribenda

187 4092 274 4147 est,
308 4104 514 4141 causam
542 4095 784 4157 repet-ere
823 4092 1076 4141 debemus
1114 4108 1178 4141 ex
1215 4091 1494 4141 divinitate
1530 4092 1721 4152 Verbi,
1761 4106 1991 4156 quacum
2027 4104 2137 4140 una
2172 4089 2231 4139 fit
2266 4104 2510 4154 persona.
2558 4090 2645 4139 Ex

186 4172 346 4224 eadem
364 4178 500 4227 enim
517 4180 716 4228 unione
737 4179 978 4243 sequitur
1005 4194 1220 4228 carnem
1248 4180 1360 4229 sive
1379 4183 1624 4228 naturam
1646 4176 1932 4227 humanam
1951 4178 2219 4242 propriam
2240 4176 2367 4238 Dei,
2393 4190 2459 4225 ac
2480 4176 2646 4225 Verbi
2732 4190 2747 4195 ·

187 4272 284 4309 esse
315 4263 528 4329 factam3
573 4266 650 4315 ita
685 4270 746 4314 ut
791 4264 1050 4331 quidquid
1086 4266 1140 4314 in
1186 4279 1304 4315 eam
1349 4264 1592 4327 caderet,
1631 4263 1734 4313 hoc
1770 4264 1825 4313 in
1868 4280 1926 4313 se
1970 4262 2063 4312 ille
2107 4264 2392 4327 reciperet,
2432 4276 2495 4311 ac
2540 4262 2643 4313 sibi

187 4350 410 4412 tanquam
444 4354 714 4419 proprium
749 4352 1050 4417 imputaret.
1101 4353 1278 4415 Quare
1315 4353 1360 4402 si
1389 4358 1483 4402 aut
1518 4356 1771 4415 peccaret
1806 4349 1962 4399 homo
2002 4348 2259 4410 Christus,
2290 4352 2385 4399 aut
2418 4364 2643 4415 peccare

185 4440 356 4497 posset,
391 4436 564 4489 dicere
600 4438 702 4489 hoc
736 4439 821 4489 fas
859 4442 1002 4488 esset
1025 4466 1092 4474 —
1118 4438 1261 4504 quod
1299 4438 1384 4487 vel
1421 4438 1674 4503 cogitare,
1715 4452 1777 4486 eo
1816 4437 1983 4501 magis
2020 4434 2254 4486 scribere
2290 4436 2361 4485 sit
2394 4435 2643 4503 blasphe-

187 4531 383 4569 mum—
399 4540 622 4589 peceare
659 4525 744 4574 vel
780 4540 1007 4590 peccare
1044 4540 1202 4590 posse
1231 4525 1422 4574 Deum.
1473 4524 1616 4573 Hinc
1645 4522 1875 4587 denique
1903 4521 2034 4573 illud
2063 4522 2227 4571 oritur
2255 4522 2399 4587 quod
2435 4520 2487 4571 8.
2509 4523 2641 4585 Leo,

188 4618 258 4667 ep.
287 4606 436 4657 XXV.
471 4610 542 4660 ad
575 4612 848 4662 Julianum
889 4627 970 4677 ep.
1009 4610 1198 4661 Coeus.
1235 4626 1285 4660 n.
1323 4613 1371 4660 3.
1407 4610 1488 4659 od.
1535 4610 1671 4658 Ven.
1716 4610 1860 4658 1748.
1896 4608 1947 4671 Ῐ,
1986 4610 2100 4659 142.
2148 4609 2214 4658 de
2261 4609 2469 4659 Christo
2517 4624 2641 4659 vere

278 4696 474 4749 Danko,
503 4702 617 4744 nist.
649 4704 766 4744 novo
769 4704 948 4744 lat-ionis
977 4703 1165 4745 divinae.
1198 4704 1251 4743 11.
2300 4699 2329 4747 3
