3267 5259
1092 428 1309 477 Ecclesiae
1338 431 1558 477 nascentis
1587 432 1834 487 primordia.
2581 428 2710 493 319

206 605 510 687 laestina,
555 605 800 690 Persia,
844 606 1343 694 Mesopotamia,
1392 609 1837 697 Cappadocia,
1887 611 2124 695 Pont0,
2169 611 2348 697 Asia,
2405 612 2710 699 Phrygia,

206 718 637 805 Pamphylia,
682 719 1021 807 Aegypto,
1068 720 1283 807 Lybia
1329 744 1499 807 quae
1545 725 1804 808 attingit
1850 723 2207 809 Cyrenem,
2254 725 2464 808 Italia,
2515 726 2713 791 Creta

208 842 280 896 et
322 832 577 897 Arabia
622 832 1100 898 concurrebant
1125 838 1162 899 ¹.
1221 834 1385 899 Mox
1424 835 1776 900 haeserunt
1805 846 2160 922 stupentes,
2209 838 2386 923 quod
2417 838 2712 903 homines

208 946 277 1007 in
310 944 577 1009 Judaea
618 945 727 1010 vel
759 946 1059 1011 Galilaea
1093 950 1247 1031 nati,
1280 949 1635 1013 vernacula
1658 949 1778 1013 illis
1821 952 2062 1013 exteris
2091 950 2314 1035 lingua
2343 974 2712 1017 sermonem

208 1060 571 1122 miscerent
586 1062 631 1122 ⁸².
678 1059 826 1123 Non
858 1060 1133 1124 deerant
1161 1070 1401 1144 tamen,
1436 1064 1545 1147 qui
1568 1062 1926 1149 Apostolos
1949 1072 2262 1148 tanquam
2287 1062 2501 1129 ebrios
2533 1064 2711 1128 mali-

208 1172 381 1234 tiose
428 1170 879 1255 traducerent3
944 1195 1139 1258 quam
1187 1172 1577 1239 calumniam
1622 1174 1858 1239 Petrus
1902 1176 2279 1261 repulsurus
2329 1178 2713 1261 gravissima

213 1284 538 1349 concione
565 1284 875 1349 ostendit:
908 1309 1041 1351 non
1065 1288 1217 1351 vino
1244 1286 1361 1351 sed
1386 1286 1664 1373 Spiritus
1689 1287 1912 1353 Sancti
1944 1300 2130 1353 aestu
2160 1288 2396 1353 Christi
2429 1288 2710 1375 discipu-

207 1394 309 1461 los
338 1418 485 1461 esse
518 1396 827 1484 abreptos
852 1401 894 1460 ³.
943 1398 1269 1463 Christum
1302 1400 1690 1483 redivivum,
1723 1402 2139 1487 impetratum
2171 1425 2210 1465 a
2237 1402 2471 1467 Patre*
2503 1402 2705 1487 Spiri-

210 1518 353 1573 tum
403 1508 469 1573 S.
516 1512 803 1594 misisse;
867 1512 1048 1575 cuius
1094 1514 1188 1576 rei
1234 1522 1689 1595 argumentum
1739 1522 1869 1596 est,
1918 1513 2093 1599 quod
2137 1514 2334 1578 rudes
2387 1514 2706 1579 hactenus

208 1621 649 1708 indoctosque
680 1622 973 1688 homines
1003 1626 1294 1709 gentium
1324 1624 1559 1710 linguis
1600 1625 1886 1690 eruditos
1918 1625 2234 1690 audirent.
2297 1626 2484 1706 Quae
2534 1627 2707 1692 adeo

210 1734 520 1800 felicibus
566 1738 871 1823 auspiciis
918 1736 1081 1801 dixit
1125 1738 1378 1821 Petrus,
1439 1748 1511 1803 ut
1555 1740 1678 1803 tria
1722 1738 1920 1803 millia
1967 1739 2198 1804 eadem
2246 1739 2349 1804 die
2395 1740 2593 1804 fidem
2642 1750 2708 1804 et

208 1993 499 2045 Ecclesiae
548 2009 585 2043 a
628 2000 863 2061 tempore
918 1996 1303 2060 antiquissimo.
1377 1996 1459 2044 De
1512 1995 1670 2045 modo
1719 1994 1942 2061 illapsus
1991 1996 2216 2062 Spiritus
2264 1995 2316 2047 S.
2365 1996 2430 2047 cf.
2479 1996 2704 2047 Hem-ici

210 2080 488 2146 Luytenii,
526 2080 693 2133 libell.
732 2080 797 2131 de
832 2084 1085 2132 missione
1122 2082 1350 2148 Spiritus
1388 2082 1441 2132 S.
1477 2082 1636 2131 Antv.
1664 2084 1816 2132 1565.
1853 2099 1904 2148 p.
1934 2085 2013 2132 12.
2041 2098 2082 2133 s.
2131 2083 2182 2132 J.
2208 2083 2409 2146 Lorini,
2447 2084 2503 2132 in
2535 2082 2704 2133 Actus

208 2168 597 2234 Apostolorum
635 2184 819 2219 comm.
848 2168 1033 2219 Colon.
1064 2172 1214 2219 1609.
1251 2186 1302 2235 p.
1332 2171 1412 2219 79.
1440 2186 1481 2219 s.
1530 2170 1583 2219 J.
1619 2169 1691 2218 da
1727 2170 1986 2234 Sylveira,
2025 2168 2224 2221 Comm.
2261 2172 2318 2219 in
2351 2170 2490 2219 Acta
2522 2171 2706 2235 Apost-

208 2254 349 2305 Ven.
380 2257 531 2305 1728.
570 2272 623 2321 p.
659 2257 742 2305 37.
769 2272 811 2306 s.
862 2254 925 2306 G.
958 2255 1130 2318 Thilo,
1169 2256 1235 2305 de
1272 2256 1468 2321 linguis
1504 2257 1688 2321 ignitis
1723 2256 1780 2305 in
1815 2256 1973 2307 Thes.
2009 2256 2081 2306 th.
2118 2256 2246 2322 phil.
2281 2256 2351 2306 11.
2389 2259 2507 2307 428.
2557 2257 2608 2307 J.
2647 2256 2706 2307 C.

212 2342 596 2407 Harenbergii‚
635 2342 702 2392 de
738 2343 995 2393 miraculo
1032 2343 1401 2409 pentecostali,
1438 2344 1495 2392 in
1520 2342 1679 2393 Thes.
1705 2360 1827 2393 nov.
1864 2344 1935 2406 11,
1961 2346 2078 2394 583.
2104 2360 2146 2394 s.
2195 2343 2390 2393 Didaci
2415 2358 2449 2393 a
2474 2342 2526 2393 S.
2546 2343 2708 2393 Anto-

212 2431 323 2489 nio,
364 2428 489 2477 diss.
530 2428 597 2478 de
627 2429 861 2479 adventu
899 2429 1127 2495 Spiritus
1166 2429 1236 2492 S.,
1274 2430 1329 2479 in
1368 2430 1564 2479 enchir.
1593 2428 1782 2495 Script.
1809 2430 1908 2492 111,
1935 2432 2052 2480 450.
2078 2447 2120 2481 s.
2172 2429 2432 2493 Stiiudlin,
2470 2430 2707 2495 prolusio

212 2530 329 2581 qua
382 2517 606 2581 antiqua
660 2518 1025 2582 interpretatio
1082 2517 1188 2567 loci
1240 2518 1356 2567 Act.
1396 2519 1453 2579 2,
1494 2519 1680 2567 1-13,
1729 2517 2044 2567 vindicatur.
2108 2516 2250 2567 Gott.
2290 2518 2440 2567 1801.
2487 2532 2538 2582 p.
2581 2519 2626 2566 7.
2665 2533 2706 2566 s.

210 2603 423 2651 Liberti
460 2602 775 2666 Promondi,
825 2603 1023 2654 Comm.
1070 2604 1127 2653 in
1163 2604 1301 2653 Acta
1335 2604 1434 2669 Ap.
1474 2603 1554 2653 ed.
1591 2605 1722 2653 Lov.
1766 2606 1915 2654 1819.
1960 2603 2004 2652 1.
2031 2605 2114 2653 33.
2141 2621 2185 2653 s.
2236 2604 2294 2654 C.
2325 2603 2423 2652 Th.
2461 2602 2707 2666 Kuinoel,

213 2690 355 2738 Acta
390 2690 575 2755 Apost.
612 2691 687 2740 ill.
724 2691 804 2741 ed.
840 2694 888 2740 2.
936 2692 1084 2757 Lips.
1126 2693 1275 2741 1829.
1324 2708 1375 2756 p.
1411 2693 1493 2740 37.
1530 2706 1572 2739 s.
1629 2692 1684 2740 J.
1718 2690 1816 2739 Th.
1851 2690 2066 2750 Beelen‚
2109 2689 2308 2739 Comm.
2347 2690 2400 2738 in
2437 2688 2575 2738 Acta
2610 2689 2708 2754 Ap.

214 2777 353 2825 Lov.
382 2778 534 2827 1850.
572 2778 616 2839 1,
644 2780 725 2829 21.
774 2778 846 2827 Μ.
873 2778 1249 2845 Baumgarten,
1282 2779 1383 2828 Die
1410 2777 1939 2843 Apostelgeschichte
1973 2794 2020 2827 o.
2049 2777 2098 2826 d.
2124 2776 2710 2841 Entwickelungsgang·

212 2880 323 2913 von
360 2863 662 2913 Jerusalem
698 2865 779 2915 bis
815 2864 966 2914 Rom.
1004 2865 1180 2915 Halle.
1212 2866 1359 2915 1852.
1399 2866 1439 2928 1,
1467 2867 1551 2915 46.
1578 2880 1619 2915 S.
1671 2864 1766 2915 Ph.
1794 2864 1987 2926 Schaff,
2030 2863 2348 2914 Geschichte
2374 2863 2468 2913 der
2493 2868 2706 2929 aposto-

212 2950 423 3000 lischen
448 2951 659 3001 Kirche.
698 2952 881 3017 Leipz.
910 2954 1059 3001 1854.
1088 2970 1139 3017 p.
1166 2954 1279 3002 199.
1305 2966 1346 3002 s.
1384 2953 1435 3002 J.
1464 2952 1530 3001 H.
1556 2952 1617 3002 A.
1645 2952 1872 3015 Ebrard,
1901 2952 1986 3001 die
2010 2951 2410 3017 Apostelgesch.
2447 2952 2706 3017 Konigsb.

215 3040 371 3088 1862.
400 3054 451 3103 p.
478 3040 562 3087 46.
611 3038 767 3099 Quod
793 3038 863 3088 ad
889 3038 1083 3090 donum
1120 3039 1421 3105 linguarum
1460 3040 1664 3101 attinet,
1703 3039 1769 3088 de
1805 3038 1907 3089 hoc
1940 3055 2040 3089 nos
2079 3039 2184 3089 alio
2221 3038 2341 3089 loco
2377 3040 2631 3089 dicemus.

432 3124 471 3187 ¹)
510 3124 643 3174 Cum
680 3126 988 3190 proselytis,
1036 3128 1127 3191 qui
1164 3125 1233 3175 ad
1269 3127 1462 3176 festum
1498 3126 1844 3177 Pentecostes
1883 3128 1948 3177 de
1985 3142 2130 3176 more
2173 3133 2436 3176 venerant
2471 3127 2524 3175 in
2563 3126 2710 3176 cultu

214 3212 400 3261 divino
438 3210 635 3261 devoti.
697 3211 739 3275 2)
780 3212 1015 3263 Venusto
1054 3212 1107 3262 S.
1137 3212 1425 3278 Gregorius
1462 3214 1782 3277 Nyssemus,
1823 3228 2024 3262 encom.
2062 3215 2118 3262 in
2157 3212 2209 3262 S.
2243 3212 2584 3279 Stephanum,
2625 3211 2706 3261 cd.

214 3299 399 3363 Migne
436 3298 543 3361 III,
582 3300 697 3348 705.
762 3298 1093 3365 „Oportebat
1126 3301 1267 3349 enim
1300 3315 1417 3363 eos,
1467 3300 1557 3365 qui
1593 3301 1650 3349 in
1685 3305 1930 3350 terrenae
1967 3302 2127 3350 turris
2171 3299 2530 3349 exstructione
2569 3314 2707 3347 com-

214 3388 523 3435 munionem
559 3384 774 3451 linguae
811 3388 1067 3453 vocisque
1104 3387 1445 3437 concordiam
1483 3386 1778 3450 solverant,
1823 3388 1881 3436 in
1925 3387 2190 3452 spirituali
2239 3385 2516 3435 Ecclesiae
2565 3384 2706 3434 aedi-

214 3472 469 3522 ficatione
508 3488 693 3523 rursus
730 3473 797 3523 ad
836 3475 1205 3523 commercium
1242 3474 1459 3539 linguae
1485 3475 1687 3535 venire,
1725 3478 1884 3539 atque
1922 3473 2122 3523 idcirco
2161 3472 2213 3521 S.
2242 3472 2470 3538 Spiritus
2495 3472 2706 3538 dispen-

214 3560 359 3608 satio
396 3564 539 3609 recte
587 3562 811 3624 gratiam
856 3561 979 3611 hinc
1027 3557 1257 3623 orditur,
1308 3566 1367 3609 ut
1412 3576 1690 3611 commune
1738 3559 2008 3610 hominum
2051 3560 2370 3609 beneficium
2407 3560 2462 3608 in
2498 3575 2706 3609 omnem

212 3646 547 3695 intellectum
586 3646 849 3697 humanae
880 3648 1026 3697 vocis
1054 3649 1467 3713 dispertiretur.“
1520 3645 1706 3712 Neque
1742 3646 2160 3712 praetereundus
2200 3647 2251 3697 S.
2282 3646 2512 3710 Cyrillus
2539 3646 2704 3709 Hier„

216 3732 438 3782 Catech.
478 3733 648 3795 xvl1,
687 3736 766 3783 17.
804 3751 855 3799 p.
892 3736 1009 3783 272.
1074 3736 1278 3796 „Facta
1314 3740 1394 3783 est
1429 3736 1483 3783 in
1522 3750 1705 3784 eorum
1743 3735 1833 3800 qui
1880 3734 2161 3784 audierant
2205 3732 2540 3783 multitudine
2579 3750 2703 3782 con-

214 3820 385 3882 fusio,
433 3820 677 3870 confusio
726 3821 896 3871 altera
942 3822 1187 3887 opposita
1231 3822 1394 3887 priori
1440 3822 1519 3870 illi
1562 3823 1814 3887 praeviae
1861 3823 1918 3869 in
1969 3820 2248 3886 Babylone
2285 3820 2606 3881 confusioni3
2653 3820 2707 3867 in

214 3906 315 3955 illa
350 3906 612 3971 siquidem
658 3907 955 3973 linguarum
994 3909 1335 3969 confusione,
1384 3910 1679 3959 animorum
1728 3923 1792 3958 ac
1835 3909 2172 3958 voluntatum
2219 3908 2408 3958 divisio
2446 3907 2568 3956 fuit:
2621 3905 2708 3954 hic

215 4009 347 4041 vero
385 3996 663 4044 restitutae
711 4001 763 4045 et
807 3996 1074 4045 adunatae
1121 3997 1373 4045 mentium
1420 3997 1732 4045 sententiae.
1795 3996 1898 4045 Per
1934 4010 2072 4059 quae
2119 3995 2341 4059 contigit
2382 4008 2564 4052 casus,
2613 4008 2708 4057 per

216 4080 405 4129 eadem
454 4083 737 4131 reversio.“
787 4082 851 4131 V.
900 4082 969 4131 H.
1024 4083 1088 4131 V.
1135 4082 1197 4131 T.
1246 4100 1297 4148 p.
1334 4085 1417 4132 41.
1482 4083 1523 4147 ³)
1561 4082 1729 4131 Juxta
1768 4082 1940 4131 Joelis
1979 4080 2252 4131 oraculum
2291 4082 2338 4142 2,
2376 4080 2459 4128 28.
2507 4078 2706 4128 Divino

216 4170 341 4231 igne
354 4168 547 4219 Petrus
572 4182 860 4218 succensus
886 4170 963 4219 sic
986 4170 1043 4218 in
1068 4168 1203 4218 Jesu
1226 4170 1518 4234 potentiam
1544 4184 1608 4218 ac
1632 4170 1962 4218 maiestatem
1991 4165 2374 4233 propalandam
2395 4165 2706 4227 effunditur3

215 4262 275 4305 ut
312 4257 401 4321 qui
441 4254 670 4305 antehac
708 4254 975 4306 Christum
1011 4256 1096 4305 vel
1136 4270 1457 4320 cognoscere
1497 4256 1797 4318 verebatur,
1825 4260 1934 4304 tum
1972 4256 2027 4302 in
2064 4253 2334 4319 publicum
2381 4252 2630 4317 prodiens
2656 4257 2710 4301 et

214 4344 317 4392 Dei
356 4342 524 4391 filium
562 4347 617 4391 et
650 4341 829 4391 mundi
868 4342 1201 4392 Salvator-em
1238 4346 1397 4407 atque
1434 4343 1666 4392 omnium
1702 4342 1948 4392 Judicem
1983 4340 2269 4406 praedicet.
2313 4340 2531 4400 „Petrus
2569 4339 2708 4388 inter

212 4429 507 4495 Apostolos
543 4430 744 4495 primus
791 4429 1166 4494 praedicavit.“
1232 4430 1660 4499 chrysostomus,
1700 4428 1835 4475 hom.
1874 4427 1970 4476 111.
2020 4428 2066 4475 2.
2113 4426 2180 4475 de
2230 4426 2419 4475 statuis
2469 4425 2536 4474 ad
2583 4442 2706 4491 pop.

214 4524 325 4567 ant.
351 4517 423 4579 11,
452 4518 536 4566 37.
578 4516 659 4565 Cf.
686 4532 731 4565 e.
758 4516 1031 4581 Stengelii,
1072 4516 1269 4565 Comm.
1307 4534 1357 4580 p.
1400 4518 1515 4565 165.
1541 4532 1582 4564 s.
1632 4515 1684 4564 J.
1719 4515 1806 4563 Fr.
1834 4513 2058 4575 Buddei,
2095 4513 2346 4563 Ecclesia
2381 4512 2706 4577 Apostolica.

212 4604 336 4655 qu.
367 4606 519 4654 1729.
564 4620 615 4669 p.
647 4605 726 4652 71.
754 4619 793 4652 s.
868 4604 909 4667 ⁴)
948 4603 1115 4652 Juxta
1151 4602 1329 4651 datam
1368 4618 1401 4651 a
1440 4602 1652 4651 Christo
1688 4602 1918 4651 Domino
1958 4600 2131 4651 fidem.
2182 4601 2262 4650 Cf.
2289 4616 2340 4669 p.
2373 4603 2486 4653 118.
