3267 5259
635 433 762 495 262
1386 446 1449 485 n·
1476 446 1672 487 fontibus
1700 444 1864 487 mutor.
1894 445 1944 485 n.
1975 445 2028 485 u.
2057 445 2102 485 J.
2131 444 2177 485 c,
2206 456 2355 485 comm.

634 631 694 682 et
724 625 959 701 quidem
989 624 1256 682 divinam
1282 622 1317 696 ¹,
1360 644 1507 703 quae
1536 630 1624 682 est
1669 624 1740 681 ad
1781 625 2028 682 salutem
2048 620 2091 681 ².
2133 624 2447 698 Evangelii
2477 624 2666 698 igitur
2695 644 2762 681 ea
2789 632 2870 682 est
2895 626 3058 695 virtus,

636 734 705 787 ut
752 720 1121 786 credentibus
1164 728 1243 786 sit
1288 728 1501 804 pignus
1546 728 1770 799 salutis,
1819 730 1974 786 unde
2007 724 2336 803 εὐαγγέλιον
2377 728 2740 803 adpellatur:
2785 724 2959 803 ,λόγος
2991 734 3063 801 τῆς

638 832 783 905 ζωῆς
804 830 827 869 3
876 838 1051 911 atque
1094 835 1193 904 τῆς
1238 830 1527 909 σωτηρίοιςί
1547 830 1590 890 ·¹.
1653 832 1820 895 Quod
1867 854 2002 907 ergo
2059 839 2146 890 tot
2201 832 2496 911 tantisque
2540 832 2734 891 titulis
2777 834 2986 891 eximiis
3015 836 3061 891 in

634 938 779 1014 ipsis
854 938 1044 995 Sacris
1098 938 1314 995 Literis
1366 937 1702 1009 extollitur,
1759 956 1874 995 non
1943 943 2133 1013 potest
2185 958 2302 994 non
2363 938 2628 995 omnium
2672 938 2734 994 in
2786 958 2843 995 se
2883 938 3060 995 animos

636 1062 859 1117 rapere,
907 1046 1256 1119 cunctosque
1297 1043 1370 1099 ad
1415 1042 1852 1100 venerationem
1897 1046 2095 1099 tantae
2133 1040 2516 1098 excellentiae
2561 1042 2835 1099 inducere
2853 1040 2889 1099 ³³.
2945 1042 3063 1103 Quae

636 1148 914 1225 quoniam
944 1150 1031 1203 ita
1058 1165 1119 1203 se
1148 1146 1367 1203 habent
1410 1166 1616 1221 operae
1663 1147 1918 1221 pretium
1955 1144 2070 1202 erit
2100 1144 2413 1219 diligenter
2443 1147 2514 1202 de
2543 1146 2792 1219 singulis
2826 1146 2879 1203 S.
2909 1147 3062 1203 Evan-

638 1251 925 1324 geliorum
978 1251 1390 1326 scriptoribus:
1445 1251 1597 1328 quod
1651 1251 1723 1307 ad
1777 1268 2106 1325 personam,
2160 1250 2379 1321 locum,
2437 1256 2692 1325 tempuS,
2747 1253 3062 1319 occasionem,

636 1354 945 1413 consilium
975 1355 1206 1426 attinet,
1243 1357 1459 1413 videre.

854 1562 888 1623 ¹)
927 1561 952 1609 Ι
981 1560 1102 1609 Cor.
1130 1564 1175 1622 1,
1205 1562 1287 1611 18.
1314 1562 1395 1609 24.
1468 1560 1509 1625 ²)
1546 1560 1698 1610 Rom.
1729 1562 1773 1622 1,
1805 1564 1883 1611 16.
1911 1560 2044 1610 Phil.
2075 1566 2119 1621 1,
2147 1563 2229 1610 27.
2257 1562 2338 1610 28.
2377 1561 2574 1610 dicitur
2609 1558 2816 1623 ἔνδειξις,
2849 1562 3069 1618 indicium,

640 1648 1019 1697 demonstratio
1058 1647 1206 1697 exitii
1241 1646 1561 1709 infidelibus,
1602 1648 1942 1697 credentibus
1981 1647 2196 1712 salutis3
2234 1648 2396 1713 idque
2434 1664 2552 1699 esse
2589 1664 2623 1697 a
2659 1648 2794 1699 Dee.
2845 1649 2942 1709 Qui
2970 1648 3070 1697 Jesu

638 1731 857 1803 ,,λο’γον“
896 1734 1061 1798 audit,
1101 1735 1289 1799 recipit
1314 1734 1447 1783 etin
1484 1734 1643 1785 corde
1681 1740 1980 1797 conservat,
2017 1734 2180 1785 habet
2213 1736 2378 1784 vitam
2415 1740 2704 1785 aeternam.
2741 1736 2927 1785 Joann.
2949 1738 2990 1795 5,
3011 1737 3072 1783 24.

640 1824 723 1881 20,
762 1823 843 1871 31.
904 1822 1058 1871 Haec
1104 1826 1186 1870 est
1234 1817 1517 1887 ἐπαγγελία,
1557 1836 1718 1887 quam
1765 1822 1917 1871 Deus
1963 1822 2118 1871 nobis
2166 1823 2431 1887 promisit,
2481 1828 2534 1871 et
2577 1822 2714 1871 haec
2751 1827 2828 1871 est
2863 1817 3074 1889 μαρτυρία,

642 1908 786 1972 quod
821 1909 933 1957 vita
970 1912 1190 1957 aeterna
1226 1924 1323 1957 nos
1371 1907 1607 1957 donavit.
1666 1909 1693 1957 I
1726 1908 1924 1957 Joann.
1961 1911 2009 1969 2,
2049 1910 2131 1957 25.
2177 1910 2226 1969 5,
2267 1910 2348 1957 11.
2409 1908 2600 1973 Neque
2645 1908 2879 1958 homines
2921 1906 3076 1970 singuli

640 1995 923 2059 Evangelii
968 1995 1141 2044 medio
1190 2000 1493 2057 servantur3
1543 1993 1638 2043 sed
1683 2010 1780 2059 per
1825 1994 1879 2043 id
1927 1998 2095 2043 totum
2140 2010 2308 2060 genus
2355 1994 2644 2044 hluuanum
2689 1994 2886 2045 salvum
2921 1994 3076 2043 evadit.

640 2082 839 2146 Ephes.
879 2084 927 2143 2,
966 2082 1185 2130 12-18,
1250 2081 1290 2145 ³)
1328 2082 1444 2130 Act.
1472 2084 1519 2143 5,
1551 2082 1632 2130 20.
1695 2081 1738 2145 ⁴)
1774 2080 1802 2129 I
1827 2080 1942 2129 Pet.
1971 2084 2016 2143 1,
2045 2083 2126 2131 10.
2189 2080 2230 2145 ⁵)
2269 2081 2332 2129 In
2369 2082 2522 2131 cuius
2557 2084 2636 2131 rei
2675 2082 3076 2131 confirmationem

640 2170 774 2218 libet
800 2169 1110 2219 eruditionis
1138 2182 1303 2217 causa
1339 2167 1607 2219 delibare:
1647 2175 1864 2236 quantus
1899 2170 2084 2221 sanctis
2112 2171 2206 2221 Da·
2237 2169 2525 2236 Evanyeliis
2561 2170 2700 2221 omni
2733 2174 2931 2237 tempore
2951 2168 3080 2235 fta-erit

639 2258 795 2309 honor
839 2256 1089 2309 erhibicus.
1146 2256 1376 2321 ‘Priscus
1424 2261 1566 2305 certe
1612 2254 1667 2303 id
1713 2272 1841 2305 usus
1887 2255 2052 2305 habet
2085 2255 2155 2304 ad
2205 2256 2478 2305 solennem
2513 2256 2798 2321 Evangelii
2843 2255 3078 2305 lectionem
3164 2300 3165 2313 ἶ

643 2342 898 2393 extollere
936 2358 1137 2404 vocem,
1178 2342 1471 2391 accendere
1510 2358 1711 2399 cereos,
1749 2341 1906 2391 thura
1943 2342 2174 2392 adolere.
2235 2343 2298 2391 V.
2325 2358 2366 2392 s.
2394 2342 2725 2407 Hieronymi,
2761 2346 2936 2392 contra
2968 2340 3080 2401 Vigi-

639 2430 771 2479 lant.
814 2430 885 2492 ΙΙ,
920 2432 1037 2478 394.
1099 2428 1216 2477 Mos
1254 2445 1382 2478 vero
1422 2428 1735 2492 assurgendi
1773 2428 2071 2492 Evangelio
2111 2428 2247 2478 lecto
2286 2430 2340 2477 in
2378 2435 2492 2477 tota
2527 2428 2778 2479 Ecclesia
2813 2435 2892 2478 est
2925 2428 3082 2493 pariter
3164 2460 3165 2479 ,

642 2517 801 2582 longe
829 2517 1243 2581 antiquissimus.
1294 2517 1376 2564 De
1402 2516 1504 2564 hoc
1545 2515 1862 2577 assurgendi
1899 2520 1952 2565 et
1987 2516 2160 2565 standi
2211 2530 2356 2565 more
2381 2520 2564 2581 utpote
2591 2516 2826 2579 generali
2863 2522 3085 2563 testantur
3164 2538 3165 2547 ÷

644 2604 765 2654 libri
792 2604 1009 2653 Rituum
1048 2603 1241 2653 Graeci
1279 2607 1333 2652 et
1355 2602 1553 2663 Latini,
1594 2602 1837 2652 Concilia
1873 2602 2088 2667 aliaque
2125 2604 2466 2652 monimenta.
2523 2602 2604 2652 Cf.
2632 2602 2913 2652 Constitut.
2937 2600 3084 2665 Apost.

645 2691 715 2753 Π,
742 2694 824 2741 57.
853 2692 934 2741 ed.
970 2690 1139 2741 Cotel.
1168 2690 1212 2752 1,
1238 2692 1355 2739 265.
1388 2690 1659 2740 Anastasii
1683 2691 1726 2739 I.
1751 2690 1812 2739 P.
1839 2688 1997 2753 decr„
2025 2690 2167 2755 apud
2193 2689 2359 2739 Hard.
2387 2688 2521 2739 Con.
2543 2688 2707 2739 Cone.
2731 2690 2774 2751 1,
2799 2690 2916 2739 973.
2943 2684 3088 2736 Philo·
3164 2694 3165 2697 ’

644 2780 846 2843 stoi-gii,
874 2778 1011 2827 Hist.
1036 2777 1183 2827 Eccl.
1211 2778 1307 2839 ΙΙΙ,
1329 2780 1377 2827 5.
1398 2794 1447 2843 Ρ.
1469 2780 1587 2827 478.
1614 2777 1698 2827 ed.
1735 2776 1952 2839 Valesii,
1979 2794 2021 2827 s.
2047 2776 2254 2839 Isidori,
2281 2792 2365 2841 ep.
2390 2776 2431 2838 Ι,
2461 2777 2576 2825 136.
2601 2794 2653 2841 p.
2675 2778 2792 2826 271.
2829 2773 3089 2828 Sozomeni,
3164 2838 3165 2841 Ἴ

643 2864 783 2913 Hist.
820 2866 947 2913 eccl.
983 2866 1099 2927 VII,
1141 2868 1220 2915 19.
1250 2882 1300 2930 p.
1330 2866 1445 2913 735.
1492 2864 1824 2929 aliorumque
1861 2864 1998 2913 bene
2035 2864 2320 2913 multorum
2357 2865 2690 2926 testimonia,
2727 2878 2864 2929 quae
2901 2862 3092 2911 collecta
3164 2904 3165 2923 ἶ

646 2949 795 3000 dabit
828 2952 961 3001 Eus.
994 2951 1378 3011 Renaudotius‚
1416 2950 1619 3016 Liturg.
1663 2952 1849 3001 orient.
1887 2952 2007 3000 coll.
2032 2952 2154 3000 Par.
2185 2952 2336 3000 1716.
2381 2950 2424 3013 I,
2455 2952 2569 3001 138.
2597 2952 2716 3000 210.
2743 2968 2784 3000 s.
2832 2950 2904 3010 11,
2929 2952 2972 2997 9.
2995 2949 3091 2997 500.
3164 3000 3165 3013 χ

643 3036 762 3086 Jac.
802 3036 960 3099 Goar,
997 3038 1064 3086 ad
1099 3038 1471 3101 Euchologion
1508 3038 1621 3087 sive
1659 3038 1872 3087 Rituale
1911 3038 2236 3087 Graecorum
2275 3038 2356 3087 ed.
2393 3038 2527 3087 Ven.
2564 3038 2716 3087 1730.
2753 3036 2834 3087 ed.
2869 3041 2916 3085 2.
2950 3053 2994 3101 Ρ.
3027 3034 3094 3081 54.

648 3125 763 3174 108.
816 3124 874 3173 C.
900 3124 951 3174 J.
978 3126 1146 3185 Bona,
1184 3125 1379 3173 Rerum
1413 3125 1489 3174 lit.
1528 3124 1597 3185 II,
1639 3126 1684 3173 7.
1715 3125 1797 3174 ed.
1823 3125 1988 3175 Amst.
2015 3127 2166 3175 1723.
2189 3142 2242 3190 Ρ.
2269 3126 2386 3174 327.
2447 3124 2867 3189 Evangeliorum
2903 3121 3094 3173 Codices
3164 3116 3165 3121 ’

645 3210 814 3260 literis
866 3210 1117 3275 descripti
1166 3212 1343 3261 aureis
1398 3216 1453 3260 et
1500 3212 1792 3275 argenteis,
1841 3213 2012 3260 ornati
2059 3212 2304 3275 gemmis,
2355 3212 2412 3259 in
2459 3210 2650 3260 throno
2707 3210 3094 3260 collocabantur.

644 3297 709 3347 1..
730 3312 772 3345 s.
794 3297 979 3361 Cyrilli
1005 3297 1105 3357 Al.,
1132 3298 1398 3361 apologet.
1424 3297 1494 3346 ad
1511 3296 1779 3347 Theodos.
1805 3298 1930 3363 imp.
1957 3298 2049 3359 IX,
2077 3299 2196 3347 471.
2225 3296 2424 3347 Sancta
2450 3297 2682 3362 denique
2705 3298 2805 3347 Dei
2833 3293 3098 3359 Evangelia

646 3384 703 3432 in
738 3382 1219 3448 supplicationibus
1256 3382 1487 3447 publicis
1512 3388 1746 3447 gestata3
1784 3384 1840 3431 in
1865 3383 2298 3449 processionibus
2335 3384 2648 3433 solennibus
2685 3383 2950 3449 praelat-23
2984 3382 3098 3429 lecta
3164 3388 3165 3451 ἐ

648 3484 681 3519 a
716 3470 953 3534 Regibus
991 3470 1169 3535 palam
1214 3470 1458 3535 deposita
1494 3470 1755 3535 tantisper
1802 3472 1950 3533 regia
1993 3476 2140 3519 veste
2179 3486 2242 3519 ac
2280 3486 2534 3536 persona;
2581 3470 2649 3520 de
2699 3470 2835 3520 collo
2876 3480 3098 3535 appensa,
3164 3482 3165 3513 ι

648 3558 1013 3616 veneratione,
1078 3557 1478 3606 deosculatione
1542 3563 1595 3605 et
1649 3557 2020 3621 obsignatione
2074 3558 2331 3620 reverita3
2394 3556 2808 3607 ordinandorum
2865 3554 3102 3621 capitibus
3164 3554 3165 3559 ’

647 3643 919 3707 imposita3
958 3642 1062 3693 illis
1100 3644 1329 3693 ostensis
1364 3644 1673 3693 inimicitiae
1711 3643 2003 3709 depositae,
2049 3644 2277 3709 denique
2313 3650 2374 3693 ut
2409 3644 2540 3693 nihil
2577 3650 2994 3709 praetereamus,
3025 3652 3104 3704 per
3164 3690 3165 3697 ,

650 3744 715 3778 ea
750 3730 979 3779 iuratum
1019 3736 1073 3780 et
1106 3732 1445 3779 innocentiae
1482 3728 1613 3781 fides
1651 3731 1810 3779 facta.
1873 3730 1955 3779 cf.
1981 3746 2022 3779 s.
2047 3731 2246 3781 Joann.
2273 3730 2654 3795 chrysostomi,
2689 3732 2744 3780 in
2779 3730 2964 3781 Matth.
2987 3728 3104 3776 hom.

650 3816 871 3875 LXXII,
910 3820 957 3865 2.
984 3834 1034 3881 p.
1064 3818 1177 3865 703.
1230 3816 1282 3864 S.
1310 3817 1648 3881 Hieronymi,
1686 3817 1754 3865 ad
1779 3817 1966 3866 Matth.
1994 3820 2076 3877 23,
2105 3820 2154 3866 5.
2191 3817 2309 3879 VII,
2346 3819 2458 3869 184.
2535 3817 2789 3879 Socratis,
2825 3818 2963 3866 Hist.
2997 3812 3106 3864 eccl.
3164 3848 3165 3879 ᾗ

648 3904 767 3965 VII,
797 3905 877 3953 13.
904 3920 955 3967 p.
984 3905 1100 3951 351.
1152 3902 1477 3967 Capitularis
1518 3904 1964 3967 Aquisgranensis
2000 3904 2118 3952 VII.
2143 3904 2198 3952 in
2225 3902 2308 3953 ed.
2335 3904 2394 3952 P.
2427 3902 2494 3952 dc
2520 3902 2798 3954 Chiniach.
2831 3904 2954 3953 Par.
2981 3900 3108 3949 1780.
3164 3910 3165 3929 l

648 3988 691 4049 Ι,
729 3992 847 4039 384.
898 3988 1101 4038 Canon.
1136 3989 1311 4038 Isaaci
1346 3990 1453 4053 Ep.
1482 3989 1711 4053 Lingon.
1749 3990 1842 4050 XI,
1881 3992 1930 4039 3.
1955 3990 2027 4039 ib.
2053 4005 2105 4054 p.
2136 3990 2285 4039 1277.
2335 3988 2622 4054 Nicephori
2661 3988 2956 4055 Gregorae,
2993 3986 3108 4035 Hist-

648 4076 872 4141 Byzant.
902 4076 1021 4136 XII,
1050 4079 1097 4125 5.
1126 4075 1209 4125 ed.
1236 4076 1365 4123 Ven.
1397 4078 1545 4125 1729.
1572 4093 1623 4140 p.
1651 4078 1770 4126 295.
1819 4077 1882 4125 R.
1911 4075 2107 4137 Simon,
2135 4077 2308 4127 Nouv.
2335 4076 2544 4126 observ,
2579 4092 2674 4125 sur
2707 4076 2760 4126 le
2793 4082 2938 4127 texte
2970 4080 3020 4123 et
3047 4074 3112 4120 les
3164 4092 3165 4107 ÷

650 4178 785 4213 vers.
813 4162 885 4211 du
912 4163 974 4211 N.
1002 4162 1063 4211 T.
1091 4160 1211 4212 Par.
1243 4163 1391 4213 1695.
1418 4180 1469 4227 p.
1500 4164 1614 4213 121.
1663 4162 1777 4212 Jos.
1806 4162 2123 4227 Ciampiani‚
2161 4164 2280 4212 Vet.
2309 4178 2539 4213 monum.
2565 4164 2758 4213 musiv.
2795 4164 2838 4224 Ι,
2867 4165 2947 4212 16.
2991 4161 3040 4209 J.
3061 4158 3111 4206 A·
3164 4212 3165 4219 χ

652 4248 923 4310 Schmidii,
950 4250 1068 4312 trig.
1096 4248 1221 4297 diss.
1248 4248 1299 4297 h.
1325 4248 1398 4297 th.
1426 4247 1492 4298 de
1518 4249 1666 4298 cultu
1692 4249 2108 4315 Evangeliorum
2132 4250 2255 4299 Jen.
2285 4252 2436 4299 1692.
2483 4250 2656 4315 Pagii,
2683 4251 2800 4299 crit.
2823 4252 2960 4299 Ann.
2985 4246 3115 4297 Eccl.
3164 4304 3165 4313 ἵ

651 4334 869 4385 Baronii
889 4335 957 4384 ad
978 4350 1025 4383 a.
1047 4336 1165 4385 825.
1186 4351 1237 4384 n.
1260 4338 1341 4385 23.
1363 4335 1443 4385 ed.
1465 4336 1595 4385 Luc.
1617 4336 1760 4397 XIV,
1781 4337 1864 4385 86.
1903 4332 2018 4385 Em.
2043 4336 2312 4387 Gonzalez
2338 4336 2536 4398 Tellez,
2559 4337 2762 4387 Comm.
2787 4339 2842 4385 in
2869 4332 3117 4385 Decretal.

654 4420 735 4468 ed.
753 4420 926 4485 Lugd.
950 4424 1099 4471 1673.
1120 4421 1189 4483 ΙΙ,
1212 4422 1328 4471 159.
1350 4421 1419 4471 ad
1436 4422 1507 4483 ΙΙ,
1532 4422 1575 4471 7.
1599 4437 1644 4470 c.
1659 4420 1747 4471 fin.
1771 4421 2028 4473 Sufficere
2053 4423 2188 4472 haec
2213 4424 2532 4473 arbitramur
2568 4423 2639 4472 ad
2665 4422 3118 4474 demonstrandum

654 4510 911 4570 quantum
948 4508 1303 4558 sacrosanctis
1344 4508 1655 4572 Evangeliis
1681 4510 1820 4557 omni
1865 4514 2102 4574 tempore
2125 4508 2376 4559 detulerit
2395 4511 2770 4573 reverentiam,
2807 4517 3010 4575 quanta
3041 4508 3122 4556 illa
3164 4542 3165 4557 ι

656 4591 911 4657 dig-nitate
948 4594 1342 4659 praefulgeant,
1382 4599 1581 4660 quanto
1618 4594 1820 4645 idcirca
1843 4601 1897 4645 et
1920 4611 1954 4645 a
1977 4598 2132 4647 nobis
2160 4597 2410 4663 deinceps
2445 4598 2555 4647 sint
2578 4596 2784 4647 honore
2809 4593 3124 4662 excipienda.
3164 4626 3165 4659 3
