<?xml version="1.0" encoding="UTF-8"?>
<!DOCTYPE html PUBLIC "-//W3C//DTD XHTML 1.0 Transitional//EN"
    "http://www.w3.org/TR/xhtml1/DTD/xhtml1-transitional.dtd">
<html xmlns="http://www.w3.org/1999/xhtml" xml:lang="en" lang="en">
 <head>
  <title>
</title>
<meta http-equiv="Content-Type" content="text/html;charset=utf-8" />
  <meta name='ocr-system' content='tesseract 3.04.00' />
  <meta name='ocr-capabilities' content='ocr_page ocr_carea ocr_par ocr_line ocrx_word'/>
</head>
<body>
  <div class='ocr_page' id='page_1' title='image "./historiarevelat00unkngoog_0478.png"; bbox 0 0 3267 5259; ppageno 0'>
   <div class='ocr_carea' id='block_1_1' title="bbox 550 402 2293 466">
    <p class='ocr_par' dir='ltr' id='par_1_1' title="bbox 550 402 2293 466">
     <span class='ocr_line' id='line_1_1' title="bbox 550 402 2293 466; baseline -0.001 -9"><span class='ocrx_word' id='word_1_1' title='bbox 550 402 683 466; x_wconf 48' lang='lat'><strong>35)</strong></span> <span class='ocrx_word' id='word_1_2' title='bbox 1288 416 1409 456; x_wconf 66' lang='lat' dir='ltr'><strong>nist.</strong></span> <span class='ocrx_word' id='word_1_3' title='bbox 1436 416 1547 457; x_wconf 68' lang='lat' dir='ltr'><strong>Ber.</strong></span> <span class='ocrx_word' id='word_1_4' title='bbox 1574 415 1666 455; x_wconf 77' lang='lat' dir='ltr'><strong>div.</strong></span> <span class='ocrx_word' id='word_1_5' title='bbox 1695 414 1866 456; x_wconf 69' lang='lat' dir='ltr'><strong>Paiod.</strong></span> <span class='ocrx_word' id='word_1_6' title='bbox 1893 413 1951 455; x_wconf 88' lang='lat'><strong>11.</strong></span> <span class='ocrx_word' id='word_1_7' title='bbox 1969 426 2066 465; x_wconf 74' lang='lat' dir='ltr'><strong>cap.</strong></span> <span class='ocrx_word' id='word_1_8' title='bbox 2093 414 2293 465; x_wconf 70' lang='lat' dir='ltr'><strong>pri-un.</strong></span> 
     </span>
    </p>
   </div>
   <div class='ocr_carea' id='block_1_2' title="bbox 551 592 3044 1403">
    <p class='ocr_par' dir='ltr' id='par_1_2' title="bbox 551 592 3044 1403">
     <span class='ocr_line' id='line_1_2' title="bbox 551 592 3042 679; baseline -0.001 -26"><span class='ocrx_word' id='word_1_9' title='bbox 551 614 687 653; x_wconf 83' lang='lat' dir='ltr'><strong>rum</strong></span> <span class='ocrx_word' id='word_1_10' title='bbox 716 595 1009 669; x_wconf 72' lang='lat' dir='ltr'><strong>ingroesm</strong></span> <span class='ocrx_word' id='word_1_11' title='bbox 1038 602 1267 670; x_wconf 78' lang='lat' dir='ltr'><strong>postera</strong></span> <span class='ocrx_word' id='word_1_12' title='bbox 1294 594 1391 651; x_wconf 90' lang='lat' dir='ltr'><strong>die</strong></span> <span class='ocrx_word' id='word_1_13' title='bbox 1420 594 1658 651; x_wconf 88' lang='lat' dir='ltr'><strong>Derben</strong></span> <span class='ocrx_word' id='word_1_14' title='bbox 1681 592 1718 663; x_wconf 75' lang='lat'><strong>¹,</strong></span> <span class='ocrx_word' id='word_1_15' title='bbox 1751 594 2022 651; x_wconf 85' lang='lat' dir='ltr'><strong>Barnaba</strong></span> <span class='ocrx_word' id='word_1_16' title='bbox 2047 594 2276 663; x_wconf 79' lang='lat' dir='ltr'><strong>comite,</strong></span> <span class='ocrx_word' id='word_1_17' title='bbox 2309 594 2633 679; x_wconf 66' lang='lat' dir='ltr'><strong>discedens3</strong></span> <span class='ocrx_word' id='word_1_18' title='bbox 2665 593 2734 650; x_wconf 89' lang='lat' dir='ltr'><strong>in</strong></span> <span class='ocrx_word' id='word_1_19' title='bbox 2765 594 2882 651; x_wconf 81' lang='lat' dir='ltr'><strong>isto</strong></span> <span class='ocrx_word' id='word_1_20' title='bbox 2907 612 3042 671; x_wconf 87' lang='lat' dir='ltr'><strong>quo·</strong></span> 
     </span>
     <span class='ocr_line' id='line_1_3' title="bbox 552 696 3044 777; baseline -0.001 -20"><span class='ocrx_word' id='word_1_21' title='bbox 552 719 667 777; x_wconf 85' lang='lat' dir='ltr'><strong>qne</strong></span> <span class='ocrx_word' id='word_1_22' title='bbox 694 700 1025 776; x_wconf 74' lang='lat' dir='ltr'><strong>Lycaoniae</strong></span> <span class='ocrx_word' id='word_1_23' title='bbox 1062 696 1315 775; x_wconf 84' lang='lat' dir='ltr'><strong>oppido²</strong></span> <span class='ocrx_word' id='word_1_24' title='bbox 1344 699 1738 774; x_wconf 73' lang='lat' dir='ltr'><strong>Evangelium</strong></span> <span class='ocrx_word' id='word_1_25' title='bbox 1778 700 2036 756; x_wconf 84' lang='lat' dir='ltr'><strong>maximo</strong></span> <span class='ocrx_word' id='word_1_26' title='bbox 2066 718 2200 757; x_wconf 87' lang='lat' dir='ltr'><strong>cum</strong></span> <span class='ocrx_word' id='word_1_27' title='bbox 2229 718 2492 757; x_wconf 84' lang='lat' dir='ltr'><strong>successu</strong></span> <span class='ocrx_word' id='word_1_28' title='bbox 2521 699 2912 774; x_wconf 72' lang='lat' dir='ltr'><strong>praedicavit.</strong></span> <span class='ocrx_word' id='word_1_29' title='bbox 2955 700 3044 755; x_wconf 86' lang='lat' dir='ltr'><strong>Ex</strong></span> 
     </span>
     <span class='ocr_line' id='line_1_4' title="bbox 552 801 3044 882; baseline -0 -21"><span class='ocrx_word' id='word_1_30' title='bbox 552 804 629 861; x_wconf 84' lang='lat' dir='ltr'><strong>iis</strong></span> <span class='ocrx_word' id='word_1_31' title='bbox 658 806 763 882; x_wconf 83' lang='lat' dir='ltr'><strong>qui</strong></span> <span class='ocrx_word' id='word_1_32' title='bbox 786 804 1021 862; x_wconf 86' lang='lat' dir='ltr'><strong>Christo</strong></span> <span class='ocrx_word' id='word_1_33' title='bbox 1050 824 1265 862; x_wconf 86' lang='lat' dir='ltr'><strong>nomen</strong></span> <span class='ocrx_word' id='word_1_34' title='bbox 1292 804 1501 861; x_wconf 77' lang='lat' dir='ltr'>dedere</span> <span class='ocrx_word' id='word_1_35' title='bbox 1529 802 1872 861; x_wconf 74' lang='lat' dir='ltr'><strong>Timotheus</strong></span> <span class='ocrx_word' id='word_1_36' title='bbox 1885 801 1912 841; x_wconf 74' lang='lat'>³</span> <span class='ocrx_word' id='word_1_37' title='bbox 1939 808 2314 875; x_wconf 75' lang='lat' dir='ltr'><strong>memoratur,</strong></span> <span class='ocrx_word' id='word_1_38' title='bbox 2349 823 2484 861; x_wconf 87' lang='lat' dir='ltr'><strong>cum</strong></span> <span class='ocrx_word' id='word_1_39' title='bbox 2509 810 2706 861; x_wconf 87' lang='lat' dir='ltr'><strong>matre</strong></span> <span class='ocrx_word' id='word_1_40' title='bbox 2737 805 2964 861; x_wconf 86' lang='lat' dir='ltr'><strong>Euniee</strong></span> <span class='ocrx_word' id='word_1_41' title='bbox 2991 810 3044 859; x_wconf 83' lang='lat' dir='ltr'><strong>et</strong></span> 
     </span>
     <span class='ocr_line' id='line_1_5' title="bbox 556 907 3042 984; baseline -0.001 -17"><span class='ocrx_word' id='word_1_42' title='bbox 556 907 739 967; x_wconf 86' lang='lat' dir='ltr'><strong>Loide</strong></span> <span class='ocrx_word' id='word_1_43' title='bbox 788 908 947 967; x_wconf 71' lang='lat' dir='ltr'><strong>avia.</strong></span> <span class='ocrx_word' id='word_1_44' title='bbox 992 908 1139 967; x_wconf 86' lang='lat' dir='ltr'><strong>Cum</strong></span> <span class='ocrx_word' id='word_1_45' title='bbox 1170 915 1369 965; x_wconf 87' lang='lat' dir='ltr'><strong>autem</strong></span> <span class='ocrx_word' id='word_1_46' title='bbox 1410 928 1471 967; x_wconf 87' lang='lat' dir='ltr'><strong>se</strong></span> <span class='ocrx_word' id='word_1_47' title='bbox 1502 908 1620 966; x_wconf 82' lang='lat' dir='ltr'><strong>alio</strong></span> <span class='ocrx_word' id='word_1_48' title='bbox 1663 908 1864 967; x_wconf 82' lang='lat' dir='ltr'><strong>vocari</strong></span> <span class='ocrx_word' id='word_1_49' title='bbox 1916 928 2130 967; x_wconf 85' lang='lat' dir='ltr'><strong>arcana</strong></span> <span class='ocrx_word' id='word_1_50' title='bbox 2177 908 2434 984; x_wconf 78' lang='lat' dir='ltr'><strong>Spiritus</strong></span> <span class='ocrx_word' id='word_1_51' title='bbox 2471 929 2520 965; x_wconf 89' lang='lat' dir='ltr'><strong>s.</strong></span> <span class='ocrx_word' id='word_1_52' title='bbox 2551 928 2696 967; x_wconf 80' lang='lat' dir='ltr'><strong>voce</strong></span> <span class='ocrx_word' id='word_1_53' title='bbox 2741 909 3042 977; x_wconf 78' lang='lat' dir='ltr'>sentirent,</span> 
     </span>
     <span class='ocr_line' id='line_1_6' title="bbox 552 1010 3044 1090; baseline -0.001 -19"><span class='ocrx_word' id='word_1_54' title='bbox 552 1013 807 1087; x_wconf 81' lang='lat' dir='ltr'><strong>vestigia</strong></span> <span class='ocrx_word' id='word_1_55' title='bbox 826 1034 933 1071; x_wconf 86' lang='lat' dir='ltr'><strong>sua</strong></span> <span class='ocrx_word' id='word_1_56' title='bbox 952 1019 1112 1073; x_wconf 86' lang='lat' dir='ltr'><strong>retro</strong></span> <span class='ocrx_word' id='word_1_57' title='bbox 1135 1013 1391 1088; x_wconf 83' lang='lat' dir='ltr'><strong>legentes</strong></span> <span class='ocrx_word' id='word_1_58' title='bbox 1408 1014 1654 1090; x_wconf 73' lang='lat' dir='ltr'><strong>Lystras</strong></span> <span class='ocrx_word' id='word_1_59' title='bbox 1665 1011 1708 1083; x_wconf 76' lang='lat'><strong>⁴,</strong></span> <span class='ocrx_word' id='word_1_60' title='bbox 1735 1012 2004 1071; x_wconf 88' lang='lat' dir='ltr'><strong>Iconium</strong></span> <span class='ocrx_word' id='word_1_61' title='bbox 2019 1011 2060 1084; x_wconf 82' lang='lat'><strong>⁵,</strong></span> <span class='ocrx_word' id='word_1_62' title='bbox 2087 1018 2146 1069; x_wconf 86' lang='lat' dir='ltr'><strong>et</strong></span> <span class='ocrx_word' id='word_1_63' title='bbox 2165 1013 2546 1071; x_wconf 79' lang='lat' dir='ltr'><strong>Antiochiam</strong></span> <span class='ocrx_word' id='word_1_64' title='bbox 2563 1010 2590 1049; x_wconf 72' lang='lat'><strong>⁶</strong></span> <span class='ocrx_word' id='word_1_65' title='bbox 2609 1014 2846 1071; x_wconf 77' lang='lat' dir='ltr'><strong>reversi</strong></span> <span class='ocrx_word' id='word_1_66' title='bbox 2865 1010 3044 1070; x_wconf 69' lang='lat' dir='ltr'><strong>sunt7.</strong></span> 
     </span>
     <span class='ocr_line' id='line_1_7' title="bbox 552 1115 3044 1194; baseline 0 -19"><span class='ocrx_word' id='word_1_67' title='bbox 552 1118 749 1177; x_wconf 84' lang='lat' dir='ltr'><strong>Rebus</strong></span> <span class='ocrx_word' id='word_1_68' title='bbox 778 1120 867 1175; x_wconf 85' lang='lat' dir='ltr'><strong>ita</strong></span> <span class='ocrx_word' id='word_1_69' title='bbox 892 1118 1225 1193; x_wconf 88' lang='lat' dir='ltr'><strong>compositis</strong></span> <span class='ocrx_word' id='word_1_70' title='bbox 1254 1124 1615 1192; x_wconf 69' lang='lat' dir='ltr'><strong>transgressa</strong></span> <span class='ocrx_word' id='word_1_71' title='bbox 1643 1116 1870 1176; x_wconf 86' lang='lat' dir='ltr'><strong>Pisidia</strong></span> <span class='ocrx_word' id='word_1_72' title='bbox 1897 1118 2124 1192; x_wconf 82' lang='lat' dir='ltr'><strong>Pergen</strong></span> <span class='ocrx_word' id='word_1_73' title='bbox 2143 1115 2168 1154; x_wconf 67' lang='lat'><strong>‘⁵</strong></span> <span class='ocrx_word' id='word_1_74' title='bbox 2195 1119 2499 1189; x_wconf 81' lang='lat' dir='ltr'><strong>adierunt,</strong></span> <span class='ocrx_word' id='word_1_75' title='bbox 2553 1137 2630 1174; x_wconf 87' lang='lat' dir='ltr'><strong>ex</strong></span> <span class='ocrx_word' id='word_1_76' title='bbox 2661 1136 2789 1194; x_wconf 82' lang='lat' dir='ltr'><strong>qua</strong></span> <span class='ocrx_word' id='word_1_77' title='bbox 2819 1138 3044 1175; x_wconf 85' lang='lat' dir='ltr'><strong>annun-</strong></span> 
     </span>
     <span class='ocr_line' id='line_1_8' title="bbox 552 1222 3044 1299; baseline -0 -20"><span class='ocrx_word' id='word_1_78' title='bbox 552 1223 707 1280; x_wconf 84' lang='lat' dir='ltr'><strong>ciato</strong></span> <span class='ocrx_word' id='word_1_79' title='bbox 734 1224 916 1281; x_wconf 77' lang='lat' dir='ltr'><strong>verbo</strong></span> <span class='ocrx_word' id='word_1_80' title='bbox 946 1223 1057 1279; x_wconf 89' lang='lat' dir='ltr'><strong>Dei</strong></span> <span class='ocrx_word' id='word_1_81' title='bbox 1082 1223 1345 1281; x_wconf 85' lang='lat' dir='ltr'><strong>Ataliam</strong></span> <span class='ocrx_word' id='word_1_82' title='bbox 1360 1222 1387 1251; x_wconf 81' lang='lat'>⁹</span> <span class='ocrx_word' id='word_1_83' title='bbox 1414 1223 1802 1299; x_wconf 76' lang='lat' dir='ltr'><strong>Pamphyliae</strong></span> <span class='ocrx_word' id='word_1_84' title='bbox 1832 1230 2069 1298; x_wconf 90' lang='lat' dir='ltr'><strong>portum</strong></span> <span class='ocrx_word' id='word_1_85' title='bbox 2098 1223 2468 1293; x_wconf 79' lang='lat' dir='ltr'><strong>descendere3</strong></span> <span class='ocrx_word' id='word_1_86' title='bbox 2501 1222 2670 1279; x_wconf 86' lang='lat' dir='ltr'><strong>illinc</strong></span> <span class='ocrx_word' id='word_1_87' title='bbox 2703 1242 2862 1280; x_wconf 70' lang='lat' dir='ltr'><strong>nave</strong></span> <span class='ocrx_word' id='word_1_88' title='bbox 2891 1240 3044 1280; x_wconf 80' lang='lat' dir='ltr'><strong>cons-</strong></span> 
     </span>
     <span class='ocr_line' id='line_1_9' title="bbox 552 1324 2652 1403; baseline -0 -18"><span class='ocrx_word' id='word_1_89' title='bbox 552 1346 727 1385; x_wconf 86' lang='lat' dir='ltr'><strong>censa</strong></span> <span class='ocrx_word' id='word_1_90' title='bbox 756 1326 1137 1384; x_wconf 72' lang='lat' dir='ltr'><strong>Antiochiam</strong></span> <span class='ocrx_word' id='word_1_91' title='bbox 1166 1326 1376 1403; x_wconf 81' lang='lat' dir='ltr'>Syriae</span> <span class='ocrx_word' id='word_1_92' title='bbox 1400 1324 1467 1398; x_wconf 86' lang='lat'><strong>¹⁰,</strong></span> <span class='ocrx_word' id='word_1_93' title='bbox 1502 1327 1658 1383; x_wconf 91' lang='lat' dir='ltr'><strong>unde</strong></span> <span class='ocrx_word' id='word_1_94' title='bbox 1687 1328 1900 1401; x_wconf 75' lang='lat' dir='ltr'>egressi</span> <span class='ocrx_word' id='word_1_95' title='bbox 1931 1327 2186 1395; x_wconf 83' lang='lat' dir='ltr'><strong>fuerant,</strong></span> <span class='ocrx_word' id='word_1_96' title='bbox 2221 1332 2559 1384; x_wconf 88' lang='lat' dir='ltr'><strong>remearunt</strong></span> <span class='ocrx_word' id='word_1_97' title='bbox 2585 1324 2652 1383; x_wconf 78' lang='lat'><strong>¹¹.</strong></span> 
     </span>
    </p>
   </div>
   <div class='ocr_carea' id='block_1_3' title="bbox 554 1615 3049 1793">
    <p class='ocr_par' dir='ltr' id='par_1_3' title="bbox 554 1615 3049 1793">
     <span class='ocr_line' id='line_1_10' title="bbox 554 1615 3049 1702; baseline -0.002 -21"><span class='ocrx_word' id='word_1_98' title='bbox 554 1620 613 1697; x_wconf 64' lang='grc' dir='ltr'><strong>ξ.</strong></span> <span class='ocrx_word' id='word_1_99' title='bbox 661 1620 763 1684; x_wconf 82' lang='lat'><strong>71.</strong></span> <span class='ocrx_word' id='word_1_100' title='bbox 838 1615 963 1679; x_wconf 93' lang='lat' dir='ltr'><strong>De</strong></span> <span class='ocrx_word' id='word_1_101' title='bbox 1024 1615 1403 1681; x_wconf 90' lang='lat' dir='ltr'><strong>concilio</strong></span> <span class='ocrx_word' id='word_1_102' title='bbox 1466 1615 2256 1701; x_wconf 87' lang='lat' dir='ltr'><strong>hierosolymitano</strong></span> <span class='ocrx_word' id='word_1_103' title='bbox 2321 1617 2696 1702; x_wconf 88' lang='lat' dir='ltr'><strong>eiusque</strong></span> <span class='ocrx_word' id='word_1_104' title='bbox 2763 1617 3049 1680; x_wconf 83' lang='lat' dir='ltr'><strong>causis</strong></span> 
     </span>
     <span class='ocr_line' id='line_1_11' title="bbox 1486 1727 2124 1793; baseline 0.002 -1"><span class='ocrx_word' id='word_1_105' title='bbox 1486 1738 1571 1793; x_wconf 92' lang='lat' dir='ltr'><strong>et</strong></span> <span class='ocrx_word' id='word_1_106' title='bbox 1615 1727 2124 1793; x_wconf 85' lang='lat' dir='ltr'><strong>effectibus.</strong></span> 
     </span>
    </p>
   </div>
   <div class='ocr_carea' id='block_1_4' title="bbox 547 1917 3057 3021">
    <p class='ocr_par' dir='ltr' id='par_1_4' title="bbox 547 1917 3057 3021">
     <span class='ocr_line' id='line_1_12' title="bbox 762 1917 3051 1984; baseline 0 -2"><span class='ocrx_word' id='word_1_107' title='bbox 762 1917 1180 1984; x_wconf 80' lang='lat' dir='ltr'><strong>Antiochiam</strong></span> <span class='ocrx_word' id='word_1_108' title='bbox 1238 1918 1485 1982; x_wconf 88' lang='lat' dir='ltr'><strong>reversi</strong></span> <span class='ocrx_word' id='word_1_109' title='bbox 1547 1917 1791 1983; x_wconf 88' lang='lat' dir='ltr'><strong>Paulus</strong></span> <span class='ocrx_word' id='word_1_110' title='bbox 1837 1928 1904 1983; x_wconf 89' lang='lat' dir='ltr'><strong>et</strong></span> <span class='ocrx_word' id='word_1_111' title='bbox 1945 1918 2285 1984; x_wconf 86' lang='lat' dir='ltr'><strong>Barnabas</strong></span> <span class='ocrx_word' id='word_1_112' title='bbox 2345 1928 2760 1983; x_wconf 84' lang='lat' dir='ltr'><strong>convocatae</strong></span> <span class='ocrx_word' id='word_1_113' title='bbox 2821 1917 3051 1983; x_wconf 85' lang='lat' dir='ltr'><strong>Eccle-</strong></span> 
     </span>
     <span class='ocr_line' id='line_1_13' title="bbox 556 2030 3054 2118; baseline -0 -22"><span class='ocrx_word' id='word_1_114' title='bbox 556 2034 721 2115; x_wconf 86' lang='lat' dir='ltr'><strong>siae,</strong></span> <span class='ocrx_word' id='word_1_115' title='bbox 767 2055 808 2096; x_wconf 88' lang='lat' dir='ltr'><strong>a</strong></span> <span class='ocrx_word' id='word_1_116' title='bbox 864 2055 997 2118; x_wconf 86' lang='lat' dir='ltr'><strong>qua</strong></span> <span class='ocrx_word' id='word_1_117' title='bbox 1041 2030 1286 2095; x_wconf 76' lang='lat' dir='ltr'><strong>dimissi</strong></span> <span class='ocrx_word' id='word_1_118' title='bbox 1328 2032 1617 2115; x_wconf 86' lang='lat' dir='ltr'><strong>fucrant,</strong></span> <span class='ocrx_word' id='word_1_119' title='bbox 1665 2054 1928 2096; x_wconf 88' lang='lat' dir='ltr'><strong>suorum</strong></span> <span class='ocrx_word' id='word_1_120' title='bbox 1976 2042 2328 2097; x_wconf 85' lang='lat' dir='ltr'><strong>eventuum</strong></span> <span class='ocrx_word' id='word_1_121' title='bbox 2387 2033 2626 2095; x_wconf 85' lang='lat' dir='ltr'><strong>seriem</strong></span> <span class='ocrx_word' id='word_1_122' title='bbox 2677 2041 3054 2111; x_wconf 78' lang='lat' dir='ltr'><strong>narrarunt,</strong></span> 
     </span>
     <span class='ocr_line' id='line_1_14' title="bbox 556 2142 3052 2231; baseline -0 -23"><span class='ocrx_word' id='word_1_123' title='bbox 556 2144 875 2231; x_wconf 89' lang='lat' dir='ltr'><strong>simulque</strong></span> <span class='ocrx_word' id='word_1_124' title='bbox 922 2144 1005 2209; x_wconf 88' lang='lat' dir='ltr'><strong>de</strong></span> <span class='ocrx_word' id='word_1_125' title='bbox 1054 2144 1235 2209; x_wconf 86' lang='lat' dir='ltr'><strong>aditu</strong></span> <span class='ocrx_word' id='word_1_126' title='bbox 1280 2144 1366 2209; x_wconf 88' lang='lat' dir='ltr'><strong>ad</strong></span> <span class='ocrx_word' id='word_1_127' title='bbox 1408 2142 1609 2209; x_wconf 87' lang='lat' dir='ltr'><strong>fidem</strong></span> <span class='ocrx_word' id='word_1_128' title='bbox 1671 2145 1945 2210; x_wconf 79' lang='lat' dir='ltr'><strong>ethnicis</strong></span> <span class='ocrx_word' id='word_1_129' title='bbox 1989 2144 2244 2211; x_wconf 90' lang='lat' dir='ltr'><strong>recluso</strong></span> <span class='ocrx_word' id='word_1_130' title='bbox 2298 2144 2456 2209; x_wconf 87' lang='lat' dir='ltr'><strong>laeti</strong></span> <span class='ocrx_word' id='word_1_131' title='bbox 2502 2156 2968 2231; x_wconf 82' lang='lat' dir='ltr'><strong>exposuerunt</strong></span> <span class='ocrx_word' id='word_1_132' title='bbox 2989 2146 3052 2206; x_wconf 80' lang='lat'><strong>¹².</strong></span> 
     </span>
     <span class='ocr_line' id='line_1_15' title="bbox 556 2257 3053 2340; baseline -0.001 -17"><span class='ocrx_word' id='word_1_133' title='bbox 556 2257 721 2323; x_wconf 87' lang='lat' dir='ltr'><strong>Cum</strong></span> <span class='ocrx_word' id='word_1_134' title='bbox 763 2257 1151 2322; x_wconf 89' lang='lat' dir='ltr'><strong>Antiochiae</strong></span> <span class='ocrx_word' id='word_1_135' title='bbox 1198 2257 1437 2323; x_wconf 88' lang='lat' dir='ltr'><strong>diutius</strong></span> <span class='ocrx_word' id='word_1_136' title='bbox 1482 2270 1894 2324; x_wconf 87' lang='lat' dir='ltr'><strong>morarentur</strong></span> <span class='ocrx_word' id='word_1_137' title='bbox 1919 2262 1988 2340; x_wconf 78' lang='lat'><strong>¹³,</strong></span> <span class='ocrx_word' id='word_1_138' title='bbox 2035 2258 2213 2323; x_wconf 86' lang='lat' dir='ltr'><strong>fama</strong></span> <span class='ocrx_word' id='word_1_139' title='bbox 2255 2258 2445 2323; x_wconf 87' lang='lat' dir='ltr'><strong>huius</strong></span> <span class='ocrx_word' id='word_1_140' title='bbox 2487 2260 2740 2323; x_wconf 86' lang='lat' dir='ltr'><strong>itineris</strong></span> <span class='ocrx_word' id='word_1_141' title='bbox 2785 2258 2830 2323; x_wconf 88' lang='lat' dir='ltr'><strong>J</strong></span> <span class='ocrx_word' id='word_1_142' title='bbox 2835 2282 3053 2323; x_wconf 88' lang='lat' dir='ltr'><strong>eroso-</strong></span> 
     </span>
     <span class='ocr_line' id='line_1_16' title="bbox 548 2369 3055 2457; baseline 0 -23"><span class='ocrx_word' id='word_1_143' title='bbox 548 2369 758 2457; x_wconf 82' lang='lat' dir='ltr'><strong>lymas</strong></span> <span class='ocrx_word' id='word_1_144' title='bbox 802 2370 1073 2457; x_wconf 87' lang='lat' dir='ltr'><strong>perlata,</strong></span> <span class='ocrx_word' id='word_1_145' title='bbox 1122 2374 1373 2435; x_wconf 82' lang='lat' dir='ltr'><strong>animus</strong></span> <span class='ocrx_word' id='word_1_146' title='bbox 1432 2370 1894 2436; x_wconf 83' lang='lat' dir='ltr'><strong>nonnullorum</strong></span> <span class='ocrx_word' id='word_1_147' title='bbox 1919 2376 1966 2414; x_wconf 81' lang='lat'><strong>¹⁴</strong></span> <span class='ocrx_word' id='word_1_148' title='bbox 2011 2370 2491 2437; x_wconf 88' lang='lat' dir='ltr'><strong>inconsiderato</strong></span> <span class='ocrx_word' id='word_1_149' title='bbox 2539 2369 2682 2435; x_wconf 87' lang='lat' dir='ltr'><strong>zelo</strong></span> <span class='ocrx_word' id='word_1_150' title='bbox 2715 2393 2848 2457; x_wconf 89' lang='lat' dir='ltr'><strong>pro</strong></span> <span class='ocrx_word' id='word_1_151' title='bbox 2881 2371 3055 2435; x_wconf 86' lang='lat' dir='ltr'><strong>insti-</strong></span> 
     </span>
     <span class='ocr_line' id='line_1_17' title="bbox 547 2482 3056 2569; baseline 0 -22"><span class='ocrx_word' id='word_1_152' title='bbox 547 2485 703 2548; x_wconf 82' lang='lat' dir='ltr'><strong>tutis</strong></span> <span class='ocrx_word' id='word_1_153' title='bbox 748 2485 1049 2548; x_wconf 80' lang='lat' dir='ltr'><strong>mosaicis</strong></span> <span class='ocrx_word' id='word_1_154' title='bbox 1094 2482 1586 2549; x_wconf 82' lang='lat' dir='ltr'><strong>incendebatur.</strong></span> <span class='ocrx_word' id='word_1_155' title='bbox 1647 2482 2064 2548; x_wconf 87' lang='lat' dir='ltr'><strong>Antiochiam</strong></span> <span class='ocrx_word' id='word_1_156' title='bbox 2091 2486 2138 2527; x_wconf 84' lang='lat'><strong>¹⁵</strong></span> <span class='ocrx_word' id='word_1_157' title='bbox 2183 2483 2448 2569; x_wconf 86' lang='lat' dir='ltr'><strong>quidam</strong></span> <span class='ocrx_word' id='word_1_158' title='bbox 2493 2483 2728 2548; x_wconf 90' lang='lat' dir='ltr'><strong>horum</strong></span> <span class='ocrx_word' id='word_1_159' title='bbox 2775 2506 2856 2549; x_wconf 85' lang='lat' dir='ltr'><strong>se</strong></span> <span class='ocrx_word' id='word_1_160' title='bbox 2907 2506 3056 2548; x_wconf 90' lang='lat' dir='ltr'><strong>con-</strong></span> 
     </span>
     <span class='ocr_line' id='line_1_18' title="bbox 548 2595 3056 2682; baseline -0 -21"><span class='ocrx_word' id='word_1_161' title='bbox 548 2595 854 2679; x_wconf 88' lang='lat' dir='ltr'><strong>tulerunt,</strong></span> <span class='ocrx_word' id='word_1_162' title='bbox 900 2595 1121 2682; x_wconf 88' lang='lat' dir='ltr'><strong>ibique</strong></span> <span class='ocrx_word' id='word_1_163' title='bbox 1170 2599 1621 2662; x_wconf 86' lang='lat' dir='ltr'><strong>auctoritatem</strong></span> <span class='ocrx_word' id='word_1_164' title='bbox 1667 2596 2155 2682; x_wconf 83' lang='lat' dir='ltr'><strong>Apostolorum,</strong></span> <span class='ocrx_word' id='word_1_165' title='bbox 2203 2598 2316 2681; x_wconf 82' lang='lat' dir='ltr'><strong>qui</strong></span> <span class='ocrx_word' id='word_1_166' title='bbox 2359 2596 2402 2661; x_wconf 87' lang='lat' dir='ltr'>J</span> <span class='ocrx_word' id='word_1_167' title='bbox 2406 2596 2792 2682; x_wconf 82' lang='lat' dir='ltr'><strong>erosolymis</strong></span> <span class='ocrx_word' id='word_1_168' title='bbox 2825 2619 3056 2662; x_wconf 80' lang='lat' dir='ltr'><strong>versa·</strong></span> 
     </span>
     <span class='ocr_line' id='line_1_19' title="bbox 550 2707 3057 2794; baseline -0 -21"><span class='ocrx_word' id='word_1_169' title='bbox 550 2708 807 2791; x_wconf 86' lang='lat' dir='ltr'><strong>bantur,</strong></span> <span class='ocrx_word' id='word_1_170' title='bbox 855 2707 1313 2791; x_wconf 88' lang='lat' dir='ltr'><strong>obtendentes,</strong></span> <span class='ocrx_word' id='word_1_171' title='bbox 1360 2708 1754 2773; x_wconf 87' lang='lat' dir='ltr'><strong>docuerunt:</strong></span> <span class='ocrx_word' id='word_1_172' title='bbox 1805 2732 1840 2773; x_wconf 92' lang='lat' dir='ltr'><strong>e</strong></span> <span class='ocrx_word' id='word_1_173' title='bbox 1873 2710 2178 2794; x_wconf 87' lang='lat' dir='ltr'><strong>gentibus</strong></span> <span class='ocrx_word' id='word_1_174' title='bbox 2216 2708 2447 2773; x_wconf 89' lang='lat' dir='ltr'><strong>fideles</strong></span> <span class='ocrx_word' id='word_1_175' title='bbox 2477 2712 2812 2775; x_wconf 83' lang='lat' dir='ltr'><strong>mosaicae</strong></span> <span class='ocrx_word' id='word_1_176' title='bbox 2847 2708 3057 2794; x_wconf 83' lang='lat' dir='ltr'><strong>Legis</strong></span> 
     </span>
     <span class='ocr_line' id='line_1_20' title="bbox 548 2820 3056 2908; baseline 0.001 -24"><span class='ocrx_word' id='word_1_177' title='bbox 548 2823 919 2908; x_wconf 85' lang='lat' dir='ltr'><strong>praeceptis</strong></span> <span class='ocrx_word' id='word_1_178' title='bbox 965 2820 1310 2906; x_wconf 84' lang='lat' dir='ltr'><strong>adstringi,</strong></span> <span class='ocrx_word' id='word_1_179' title='bbox 1358 2844 1435 2886; x_wconf 86' lang='lat' dir='ltr'><strong>ac</strong></span> <span class='ocrx_word' id='word_1_180' title='bbox 1481 2821 1758 2908; x_wconf 88' lang='lat' dir='ltr'><strong>proinde</strong></span> <span class='ocrx_word' id='word_1_181' title='bbox 1805 2820 2166 2887; x_wconf 86' lang='lat' dir='ltr'><strong>servandos</strong></span> <span class='ocrx_word' id='word_1_182' title='bbox 2211 2824 2371 2887; x_wconf 86' lang='lat' dir='ltr'><strong>ritus</strong></span> <span class='ocrx_word' id='word_1_183' title='bbox 2417 2822 2711 2888; x_wconf 86' lang='lat' dir='ltr'><strong>iudaicos</strong></span> <span class='ocrx_word' id='word_1_184' title='bbox 2739 2826 2809 2886; x_wconf 74' lang='lat'><strong>¹⁸.</strong></span> <span class='ocrx_word' id='word_1_185' title='bbox 2895 2824 3056 2887; x_wconf 87' lang='lat' dir='ltr'><strong>Fer·</strong></span> 
     </span>
     <span class='ocr_line' id='line_1_21' title="bbox 549 2934 3057 3021; baseline 0.001 -24"><span class='ocrx_word' id='word_1_186' title='bbox 549 2934 715 2998; x_wconf 85' lang='lat' dir='ltr'><strong>vidis</strong></span> <span class='ocrx_word' id='word_1_187' title='bbox 758 2934 879 2999; x_wconf 87' lang='lat' dir='ltr'><strong>illis</strong></span> <span class='ocrx_word' id='word_1_188' title='bbox 924 2934 1423 3000; x_wconf 82' lang='lat' dir='ltr'><strong>Judaizantibus</strong></span> <span class='ocrx_word' id='word_1_189' title='bbox 1470 2937 1760 3021; x_wconf 84' lang='lat' dir='ltr'><strong>contigit,</strong></span> <span class='ocrx_word' id='word_1_190' title='bbox 1805 2945 1878 3000; x_wconf 85' lang='lat' dir='ltr'><strong>ut</strong></span> <span class='ocrx_word' id='word_1_191' title='bbox 1922 2936 2402 3001; x_wconf 79' lang='lat' dir='ltr'><strong>Antiochenam</strong></span> <span class='ocrx_word' id='word_1_192' title='bbox 2445 2934 2822 3001; x_wconf 87' lang='lat' dir='ltr'><strong>Ecclesiam</strong></span> <span class='ocrx_word' id='word_1_193' title='bbox 2859 2936 3057 3001; x_wconf 86' lang='lat' dir='ltr'><strong>turba</strong></span> 
     </span>
    </p>
   </div>
   <div class='ocr_carea' id='block_1_5' title="bbox 554 3070 965 3078">
    <p class='ocr_par' dir='ltr' id='par_1_5' title="bbox 554 3070 965 3078">
     <span class='ocr_line' id='line_1_22' title="bbox 554 3070 965 3078; baseline 0 2181"><span class='ocrx_word' id='word_1_194' title='bbox 554 3070 965 3078; x_wconf 95' lang='lat' dir='ltr'><strong> </strong></span> 
     </span>
    </p>
   </div>
   <div class='ocr_carea' id='block_1_6' title="bbox 546 3129 3058 4673">
    <p class='ocr_par' dir='ltr' id='par_1_6' title="bbox 546 3129 3058 4673">
     <span class='ocr_line' id='line_1_23' title="bbox 768 3129 3058 3196; baseline 0 -17"><span class='ocrx_word' id='word_1_195' title='bbox 768 3130 803 3193; x_wconf 91' lang='lat'><strong>¹)</strong></span> <span class='ocrx_word' id='word_1_196' title='bbox 838 3129 1135 3179; x_wconf 85' lang='lat' dir='ltr'><strong>Duodecim</strong></span> <span class='ocrx_word' id='word_1_197' title='bbox 1170 3129 1298 3179; x_wconf 90' lang='lat' dir='ltr'><strong>mill.</strong></span> <span class='ocrx_word' id='word_1_198' title='bbox 1336 3146 1499 3195; x_wconf 81' lang='lat' dir='ltr'><strong>germ.</strong></span> <span class='ocrx_word' id='word_1_199' title='bbox 1561 3130 1601 3194; x_wconf 84' lang='lat'><strong>²)</strong></span> <span class='ocrx_word' id='word_1_200' title='bbox 1653 3129 1814 3180; x_wconf 82' lang='lat' dir='ltr'><strong>Nulla</strong></span> <span class='ocrx_word' id='word_1_201' title='bbox 1861 3131 2006 3196; x_wconf 88' lang='lat' dir='ltr'><strong>quod</strong></span> <span class='ocrx_word' id='word_1_202' title='bbox 2043 3133 2392 3196; x_wconf 83' lang='lat' dir='ltr'><strong>comperimus</strong></span> <span class='ocrx_word' id='word_1_203' title='bbox 2429 3130 2588 3181; x_wconf 87' lang='lat' dir='ltr'><strong>laude</strong></span> <span class='ocrx_word' id='word_1_204' title='bbox 2623 3130 2908 3193; x_wconf 83' lang='lat' dir='ltr'><strong>inclitum,</strong></span> <span class='ocrx_word' id='word_1_205' title='bbox 2965 3132 3058 3181; x_wconf 83' lang='lat' dir='ltr'><strong>sed</strong></span> 
     </span>
     <span class='ocr_line' id='line_1_24' title="bbox 549 3216 3056 3283; baseline 0.001 -18"><span class='ocrx_word' id='word_1_206' title='bbox 549 3216 827 3267; x_wconf 82' lang='lat' dir='ltr'><strong>Timotheo</strong></span> <span class='ocrx_word' id='word_1_207' title='bbox 865 3218 982 3267; x_wconf 80' lang='lat' dir='ltr'><strong>cive</strong></span> <span class='ocrx_word' id='word_1_208' title='bbox 1018 3217 1374 3280; x_wconf 88' lang='lat' dir='ltr'><strong>nobilitatum,</strong></span> <span class='ocrx_word' id='word_1_209' title='bbox 1413 3233 1519 3282; x_wconf 89' lang='lat' dir='ltr'><strong>quo</strong></span> <span class='ocrx_word' id='word_1_210' title='bbox 1556 3218 1808 3267; x_wconf 88' lang='lat' dir='ltr'><strong>maiorem</strong></span> <span class='ocrx_word' id='word_1_211' title='bbox 1845 3218 2183 3267; x_wconf 81' lang='lat' dir='ltr'><strong>melioremve</strong></span> <span class='ocrx_word' id='word_1_212' title='bbox 2221 3234 2493 3283; x_wconf 82' lang='lat' dir='ltr'><strong>nunquam</strong></span> <span class='ocrx_word' id='word_1_213' title='bbox 2527 3217 2664 3267; x_wconf 82' lang='lat' dir='ltr'><strong>tulit.</strong></span> <span class='ocrx_word' id='word_1_214' title='bbox 2705 3218 2791 3268; x_wconf 84' lang='lat' dir='ltr'><strong>cf.</strong></span> <span class='ocrx_word' id='word_1_215' title='bbox 2817 3218 2946 3269; x_wconf 80' lang='lat' dir='ltr'><strong>Act.</strong></span> <span class='ocrx_word' id='word_1_216' title='bbox 2975 3222 3056 3279; x_wconf 77' lang='lat'><strong>20,</strong></span> 
     </span>
     <span class='ocr_line' id='line_1_25' title="bbox 548 3302 3056 3370; baseline 0.001 -18"><span class='ocrx_word' id='word_1_217' title='bbox 548 3305 598 3353; x_wconf 85' lang='lat'><strong>4.</strong></span> <span class='ocrx_word' id='word_1_218' title='bbox 644 3302 931 3367; x_wconf 87' lang='lat' dir='ltr'><strong>Wieseler,</strong></span> <span class='ocrx_word' id='word_1_219' title='bbox 988 3302 1239 3355; x_wconf 85' lang='lat' dir='ltr'><strong>Chronol.</strong></span> <span class='ocrx_word' id='word_1_220' title='bbox 1292 3320 1346 3370; x_wconf 87' lang='lat' dir='ltr'><strong>p.</strong></span> <span class='ocrx_word' id='word_1_221' title='bbox 1389 3307 1472 3354; x_wconf 81' lang='grc'><strong>25.</strong></span> <span class='ocrx_word' id='word_1_222' title='bbox 1516 3321 1557 3355; x_wconf 87' lang='lat' dir='ltr'><strong>s.</strong></span> <span class='ocrx_word' id='word_1_223' title='bbox 1640 3303 1682 3369; x_wconf 81' lang='lat'><strong>³)</strong></span> <span class='ocrx_word' id='word_1_224' title='bbox 1735 3304 1816 3353; x_wconf 89' lang='lat' dir='ltr'><strong>Ab</strong></span> <span class='ocrx_word' id='word_1_225' title='bbox 1871 3304 2208 3355; x_wconf 86' lang='lat' dir='ltr'><strong>incunabulis</strong></span> <span class='ocrx_word' id='word_1_226' title='bbox 2263 3306 2430 3355; x_wconf 84' lang='lat' dir='ltr'><strong>sacris</strong></span> <span class='ocrx_word' id='word_1_227' title='bbox 2483 3304 2680 3354; x_wconf 89' lang='lat' dir='ltr'><strong>Literis</strong></span> <span class='ocrx_word' id='word_1_228' title='bbox 2735 3306 3056 3355; x_wconf 78' lang='lat' dir='ltr'><strong>instructus.</strong></span> 
     </span>
     <span class='ocr_line' id='line_1_26' title="bbox 549 3389 3057 3459; baseline 0.002 -20"><span class='ocrx_word' id='word_1_229' title='bbox 549 3390 591 3453; x_wconf 81' lang='lat'><strong>⁴)</strong></span> <span class='ocrx_word' id='word_1_230' title='bbox 628 3389 927 3441; x_wconf 88' lang='lat' dir='ltr'><strong>Duodecim</strong></span> <span class='ocrx_word' id='word_1_231' title='bbox 964 3390 1089 3440; x_wconf 89' lang='lat' dir='ltr'><strong>mill.</strong></span> <span class='ocrx_word' id='word_1_232' title='bbox 1126 3406 1289 3456; x_wconf 83' lang='lat' dir='ltr'><strong>germ.</strong></span> <span class='ocrx_word' id='word_1_233' title='bbox 1352 3392 1392 3455; x_wconf 81' lang='lat'><strong>⁵)</strong></span> <span class='ocrx_word' id='word_1_234' title='bbox 1441 3391 1692 3456; x_wconf 80' lang='lat' dir='ltr'><strong>Quinque</strong></span> <span class='ocrx_word' id='word_1_235' title='bbox 1727 3390 1854 3440; x_wconf 90' lang='lat' dir='ltr'><strong>mill.</strong></span> <span class='ocrx_word' id='word_1_236' title='bbox 1891 3406 2054 3455; x_wconf 83' lang='lat' dir='ltr'><strong>germ.</strong></span> <span class='ocrx_word' id='word_1_237' title='bbox 2117 3391 2156 3453; x_wconf 70' lang='grc' dir='ltr'><strong>θ)</strong></span> <span class='ocrx_word' id='word_1_238' title='bbox 2195 3390 2467 3441; x_wconf 84' lang='lat' dir='ltr'><strong>Faciendo</strong></span> <span class='ocrx_word' id='word_1_239' title='bbox 2518 3390 2653 3458; x_wconf 77' lang='lat' dir='ltr'><em>16¹s2</em></span> <span class='ocrx_word' id='word_1_240' title='bbox 2703 3392 2838 3443; x_wconf 86' lang='lat' dir='ltr'><strong>mill.</strong></span> <span class='ocrx_word' id='word_1_241' title='bbox 2889 3410 3057 3459; x_wconf 76' lang='lat' dir='ltr'><strong>germ.</strong></span> 
     </span>
     <span class='ocr_line' id='line_1_27' title="bbox 554 3474 3058 3545; baseline 0 -18"><span class='ocrx_word' id='word_1_242' title='bbox 554 3474 593 3541; x_wconf 76' lang='lat'><strong>⁷)</strong></span> <span class='ocrx_word' id='word_1_243' title='bbox 629 3476 845 3543; x_wconf 87' lang='lat' dir='ltr'><strong>Ubique</strong></span> <span class='ocrx_word' id='word_1_244' title='bbox 880 3477 1172 3543; x_wconf 83' lang='lat' dir='ltr'><strong>discipulos</strong></span> <span class='ocrx_word' id='word_1_245' title='bbox 1218 3478 1287 3527; x_wconf 86' lang='lat' dir='ltr'><strong>ad</strong></span> <span class='ocrx_word' id='word_1_246' title='bbox 1324 3492 1479 3527; x_wconf 86' lang='lat' dir='ltr'><strong>casus</strong></span> <span class='ocrx_word' id='word_1_247' title='bbox 1526 3493 1871 3543; x_wconf 87' lang='lat' dir='ltr'><strong>quoscunque</strong></span> <span class='ocrx_word' id='word_1_248' title='bbox 1917 3477 2123 3528; x_wconf 82' lang='lat' dir='ltr'><strong>fortiter</strong></span> <span class='ocrx_word' id='word_1_249' title='bbox 2167 3478 2474 3528; x_wconf 83' lang='lat' dir='ltr'><strong>tolerandos</strong></span> <span class='ocrx_word' id='word_1_250' title='bbox 2519 3478 2808 3529; x_wconf 83' lang='lat' dir='ltr'><strong>cohortati.</strong></span> <span class='ocrx_word' id='word_1_251' title='bbox 2873 3480 3058 3545; x_wconf 81' lang='lat' dir='ltr'><strong>thue</strong></span> 
     </span>
     <span class='ocr_line' id='line_1_28' title="bbox 546 3562 3058 3633; baseline -0 -18"><span class='ocrx_word' id='word_1_252' title='bbox 546 3562 809 3615; x_wconf 84' lang='lat' dir='ltr'><strong>Ecclesiis</strong></span> <span class='ocrx_word' id='word_1_253' title='bbox 833 3564 1191 3630; x_wconf 74' lang='lat' dir='ltr'><strong>providerent,</strong></span> <span class='ocrx_word' id='word_1_254' title='bbox 1227 3566 1282 3614; x_wconf 89' lang='lat' dir='ltr'><strong>in</strong></span> <span class='ocrx_word' id='word_1_255' title='bbox 1306 3564 1530 3630; x_wconf 80' lang='lat' dir='ltr'><strong>singulis</strong></span> <span class='ocrx_word' id='word_1_256' title='bbox 1556 3578 1690 3629; x_wconf 87' lang='lat' dir='ltr'><strong>quas</strong></span> <span class='ocrx_word' id='word_1_257' title='bbox 1717 3565 2070 3627; x_wconf 85' lang='lat' dir='ltr'><strong>instituerant,</strong></span> <span class='ocrx_word' id='word_1_258' title='bbox 2095 3566 2438 3629; x_wconf 79' lang='lat' dir='ltr'><strong>presbyteros</strong></span> <span class='ocrx_word' id='word_1_259' title='bbox 2463 3571 2731 3616; x_wconf 87' lang='lat' dir='ltr'><strong>crearunt.</strong></span> <span class='ocrx_word' id='word_1_260' title='bbox 2779 3566 2822 3633; x_wconf 82' lang='lat' dir='ltr'><strong>s)</strong></span> <span class='ocrx_word' id='word_1_261' title='bbox 2849 3568 3058 3632; x_wconf 74' lang='lat' dir='ltr'><strong>Viginti</strong></span> 
     </span>
     <span class='ocr_line' id='line_1_29' title="bbox 548 3650 3057 3719; baseline 0 -18"><span class='ocrx_word' id='word_1_262' title='bbox 548 3650 678 3701; x_wconf 82' lang='lat' dir='ltr'><strong>mill.</strong></span> <span class='ocrx_word' id='word_1_263' title='bbox 716 3666 877 3715; x_wconf 79' lang='lat' dir='ltr'><strong>germ.</strong></span> <span class='ocrx_word' id='word_1_264' title='bbox 950 3652 991 3715; x_wconf 72' lang='grc'><strong>9)</strong></span> <span class='ocrx_word' id='word_1_265' title='bbox 1032 3651 1275 3712; x_wconf 84' lang='lat' dir='ltr'><strong>Quatuor</strong></span> <span class='ocrx_word' id='word_1_266' title='bbox 1311 3651 1438 3701; x_wconf 88' lang='lat' dir='ltr'><strong>mill.</strong></span> <span class='ocrx_word' id='word_1_267' title='bbox 1476 3667 1639 3717; x_wconf 79' lang='lat' dir='ltr'><strong>germ.</strong></span> <span class='ocrx_word' id='word_1_268' title='bbox 1718 3651 1778 3715; x_wconf 88' lang='lat'><strong>¹⁰)</strong></span> <span class='ocrx_word' id='word_1_269' title='bbox 1818 3651 2022 3700; x_wconf 83' lang='lat' dir='ltr'><strong>Novem</strong></span> <span class='ocrx_word' id='word_1_270' title='bbox 2067 3666 2231 3716; x_wconf 85' lang='lat' dir='ltr'><strong>supra</strong></span> <span class='ocrx_word' id='word_1_271' title='bbox 2276 3653 2671 3717; x_wconf 82' lang='lat' dir='ltr'><strong>quinquaginta</strong></span> <span class='ocrx_word' id='word_1_272' title='bbox 2713 3653 2849 3704; x_wconf 88' lang='lat' dir='ltr'><strong>mill.</strong></span> <span class='ocrx_word' id='word_1_273' title='bbox 2885 3670 3057 3719; x_wconf 82' lang='lat' dir='ltr'><strong>germ.</strong></span> 
     </span>
     <span class='ocr_line' id='line_1_30' title="bbox 556 3736 3058 3804; baseline 0.001 -17"><span class='ocrx_word' id='word_1_274' title='bbox 556 3736 616 3804; x_wconf 87' lang='lat'><strong>¹¹)</strong></span> <span class='ocrx_word' id='word_1_275' title='bbox 652 3738 768 3787; x_wconf 88' lang='lat' dir='ltr'><strong>Act.</strong></span> <span class='ocrx_word' id='word_1_276' title='bbox 799 3740 879 3801; x_wconf 86' lang='lat'><strong>14,</strong></span> <span class='ocrx_word' id='word_1_277' title='bbox 909 3741 955 3787; x_wconf 89' lang='lat'><strong>1.</strong></span> <span class='ocrx_word' id='word_1_278' title='bbox 983 3740 1065 3789; x_wconf 84' lang='grc'><strong>25.</strong></span> <span class='ocrx_word' id='word_1_279' title='bbox 1105 3738 1225 3789; x_wconf 88' lang='lat' dir='ltr'><strong>coll.</strong></span> <span class='ocrx_word' id='word_1_280' title='bbox 1254 3742 1335 3800; x_wconf 88' lang='grc'><strong>16,</strong></span> <span class='ocrx_word' id='word_1_281' title='bbox 1368 3742 1411 3787; x_wconf 88' lang='grc'><strong>1.</strong></span> <span class='ocrx_word' id='word_1_282' title='bbox 1438 3740 1487 3788; x_wconf 93' lang='grc'><strong>2.</strong></span> <span class='ocrx_word' id='word_1_283' title='bbox 1536 3738 1606 3788; x_wconf 93' lang='lat'><strong>11.</strong></span> <span class='ocrx_word' id='word_1_284' title='bbox 1636 3737 1757 3788; x_wconf 87' lang='lat' dir='ltr'><strong>Cor.</strong></span> <span class='ocrx_word' id='word_1_285' title='bbox 1786 3740 1866 3799; x_wconf 90' lang='lat'><strong>11,</strong></span> <span class='ocrx_word' id='word_1_286' title='bbox 1895 3740 1977 3787; x_wconf 82' lang='lat'><strong>25.</strong></span> <span class='ocrx_word' id='word_1_287' title='bbox 2026 3738 2097 3787; x_wconf 89' lang='grc' dir='ltr'><strong>ΙΙ.</strong></span> <span class='ocrx_word' id='word_1_288' title='bbox 2118 3738 2253 3787; x_wconf 87' lang='lat' dir='ltr'><strong>Tim.</strong></span> <span class='ocrx_word' id='word_1_289' title='bbox 2284 3742 2327 3799; x_wconf 88' lang='lat' dir='ltr'><strong>l,</strong></span> <span class='ocrx_word' id='word_1_290' title='bbox 2365 3742 2413 3789; x_wconf 86' lang='lat'><strong>5.</strong></span> <span class='ocrx_word' id='word_1_291' title='bbox 2451 3742 2499 3800; x_wconf 88' lang='lat'><strong>3,</strong></span> <span class='ocrx_word' id='word_1_292' title='bbox 2529 3741 2611 3790; x_wconf 89' lang='lat'><strong>11.</strong></span> <span class='ocrx_word' id='word_1_293' title='bbox 2643 3742 2724 3789; x_wconf 80' lang='lat'><strong>15.</strong></span> <span class='ocrx_word' id='word_1_294' title='bbox 2777 3740 2861 3790; x_wconf 80' lang='lat' dir='ltr'><strong>Cf.</strong></span> <span class='ocrx_word' id='word_1_295' title='bbox 2897 3758 2950 3791; x_wconf 89' lang='lat' dir='ltr'><strong>e.</strong></span> <span class='ocrx_word' id='word_1_296' title='bbox 2987 3740 3058 3790; x_wconf 86' lang='grc' dir='ltr'><strong>Η.</strong></span> 
     </span>
     <span class='ocr_line' id='line_1_31' title="bbox 548 3824 3056 3895; baseline 0.002 -22"><span class='ocrx_word' id='word_1_297' title='bbox 548 3824 743 3889; x_wconf 88' lang='lat' dir='ltr'><strong>Witsii,</strong></span> <span class='ocrx_word' id='word_1_298' title='bbox 781 3825 1005 3875; x_wconf 84' lang='lat' dir='ltr'><strong>Miscell.</strong></span> <span class='ocrx_word' id='word_1_299' title='bbox 1044 3843 1085 3876; x_wconf 89' lang='lat' dir='ltr'><strong>s.</strong></span> <span class='ocrx_word' id='word_1_300' title='bbox 1124 3825 1207 3876; x_wconf 89' lang='lat' dir='ltr'><strong>ed.</strong></span> <span class='ocrx_word' id='word_1_301' title='bbox 1246 3826 1411 3876; x_wconf 90' lang='lat' dir='ltr'><strong>Herb.</strong></span> <span class='ocrx_word' id='word_1_302' title='bbox 1452 3828 1601 3875; x_wconf 87' lang='grc'><strong>1712.</strong></span> <span class='ocrx_word' id='word_1_303' title='bbox 1641 3824 1711 3873; x_wconf 92' lang='lat'><strong>11.</strong></span> <span class='ocrx_word' id='word_1_304' title='bbox 1751 3825 1952 3873; x_wconf 85' lang='lat' dir='ltr'><strong>exercit</strong></span> <span class='ocrx_word' id='word_1_305' title='bbox 1987 3824 2128 3873; x_wconf 84' lang='lat' dir='ltr'><strong>XVI.</strong></span> <span class='ocrx_word' id='word_1_306' title='bbox 2174 3842 2224 3891; x_wconf 86' lang='lat' dir='ltr'><strong>p.</strong></span> <span class='ocrx_word' id='word_1_307' title='bbox 2262 3826 2380 3875; x_wconf 84' lang='lat'><strong>538.</strong></span> <span class='ocrx_word' id='word_1_308' title='bbox 2458 3824 2517 3892; x_wconf 88' lang='lat'><strong>¹²)</strong></span> <span class='ocrx_word' id='word_1_309' title='bbox 2555 3826 2778 3877; x_wconf 86' lang='lat' dir='ltr'><strong>Haecce</strong></span> <span class='ocrx_word' id='word_1_310' title='bbox 2815 3830 3056 3895; x_wconf 77' lang='lat' dir='ltr'><strong>peregri·</strong></span> 
     </span>
     <span class='ocr_line' id='line_1_32' title="bbox 550 3909 3054 3979; baseline 0.001 -17"><span class='ocrx_word' id='word_1_311' title='bbox 550 3914 697 3963; x_wconf 85' lang='lat' dir='ltr'><strong>natio</strong></span> <span class='ocrx_word' id='word_1_312' title='bbox 724 3913 1023 3978; x_wconf 85' lang='lat' dir='ltr'><strong>apostolica</strong></span> <span class='ocrx_word' id='word_1_313' title='bbox 1046 3927 1179 3964; x_wconf 89' lang='lat' dir='ltr'><strong>sane</strong></span> <span class='ocrx_word' id='word_1_314' title='bbox 1204 3912 1457 3979; x_wconf 87' lang='lat' dir='ltr'><strong>imprimis</strong></span> <span class='ocrx_word' id='word_1_315' title='bbox 1496 3912 1730 3977; x_wconf 81' lang='lat' dir='ltr'><strong>augebat</strong></span> <span class='ocrx_word' id='word_1_316' title='bbox 1766 3926 2040 3961; x_wconf 86' lang='lat' dir='ltr'><strong>numerum</strong></span> <span class='ocrx_word' id='word_1_317' title='bbox 2072 3909 2492 3962; x_wconf 84' lang='lat' dir='ltr'><strong>Christianorum</strong></span> <span class='ocrx_word' id='word_1_318' title='bbox 2517 3928 2549 3962; x_wconf 90' lang='lat' dir='ltr'>e</span> <span class='ocrx_word' id='word_1_319' title='bbox 2574 3914 2887 3978; x_wconf 70' lang='lat' dir='ltr'><strong>gentilibus,</strong></span> <span class='ocrx_word' id='word_1_320' title='bbox 2927 3930 3054 3965; x_wconf 83' lang='lat' dir='ltr'><strong>nam</strong></span> 
     </span>
     <span class='ocr_line' id='line_1_33' title="bbox 547 3998 3058 4066; baseline 0.001 -17"><span class='ocrx_word' id='word_1_321' title='bbox 547 3999 877 4051; x_wconf 84' lang='lat' dir='ltr'><strong>Judaeorum</strong></span> <span class='ocrx_word' id='word_1_322' title='bbox 924 4001 1161 4066; x_wconf 86' lang='lat' dir='ltr'><strong>plurimi,</strong></span> <span class='ocrx_word' id='word_1_323' title='bbox 1207 4000 1593 4051; x_wconf 81' lang='lat' dir='ltr'><strong>infensissimos</strong></span> <span class='ocrx_word' id='word_1_324' title='bbox 1641 3999 1978 4048; x_wconf 86' lang='lat' dir='ltr'><strong>adversarios</strong></span> <span class='ocrx_word' id='word_1_325' title='bbox 2027 3998 2150 4048; x_wconf 83' lang='lat' dir='ltr'><strong>fidei</strong></span> <span class='ocrx_word' id='word_1_326' title='bbox 2207 3998 2526 4050; x_wconf 81' lang='lat' dir='ltr'><strong>christianae</strong></span> <span class='ocrx_word' id='word_1_327' title='bbox 2563 4016 2622 4051; x_wconf 87' lang='lat' dir='ltr'><strong>se</strong></span> <span class='ocrx_word' id='word_1_328' title='bbox 2663 4002 3058 4066; x_wconf 80' lang='lat' dir='ltr'><strong>praebuerunt-</strong></span> 
     </span>
     <span class='ocr_line' id='line_1_34' title="bbox 556 4085 3056 4151; baseline 0.002 -16"><span class='ocrx_word' id='word_1_329' title='bbox 556 4086 613 4149; x_wconf 85' lang='lat'><strong>¹³)</strong></span> <span class='ocrx_word' id='word_1_330' title='bbox 661 4087 949 4151; x_wconf 87' lang='lat' dir='ltr'><strong>Apostolus</strong></span> <span class='ocrx_word' id='word_1_331' title='bbox 996 4088 1172 4138; x_wconf 89' lang='lat' dir='ltr'><strong>coetui</strong></span> <span class='ocrx_word' id='word_1_332' title='bbox 1214 4085 1662 4136; x_wconf 87' lang='lat' dir='ltr'><strong>Antiochenorum</strong></span> <span class='ocrx_word' id='word_1_333' title='bbox 1708 4085 2024 4151; x_wconf 78' lang='lat' dir='ltr'><strong>invigilavit.</strong></span> <span class='ocrx_word' id='word_1_334' title='bbox 2073 4086 2188 4135; x_wconf 85' lang='lat' dir='ltr'><strong>Act.</strong></span> <span class='ocrx_word' id='word_1_335' title='bbox 2228 4089 2307 4148; x_wconf 81' lang='lat'><strong>14,</strong></span> <span class='ocrx_word' id='word_1_336' title='bbox 2346 4090 2428 4136; x_wconf 88' lang='grc'><strong>26.</strong></span> <span class='ocrx_word' id='word_1_337' title='bbox 2455 4089 2538 4136; x_wconf 84' lang='grc'><strong>27.</strong></span> <span class='ocrx_word' id='word_1_338' title='bbox 2617 4088 2683 4151; x_wconf 73' lang='lat' dir='ltr'><strong>u)</strong></span> <span class='ocrx_word' id='word_1_339' title='bbox 2722 4090 2830 4149; x_wconf 84' lang='lat' dir='ltr'><strong>Qui</strong></span> <span class='ocrx_word' id='word_1_340' title='bbox 2865 4098 3056 4139; x_wconf 75' lang='lat' dir='ltr'><strong>sectae</strong></span> 
     </span>
     <span class='ocr_line' id='line_1_35' title="bbox 549 4172 3058 4238; baseline 0.001 -16"><span class='ocrx_word' id='word_1_341' title='bbox 549 4174 959 4223; x_wconf 82' lang='lat' dir='ltr'><strong>Pharisaeorum</strong></span> <span class='ocrx_word' id='word_1_342' title='bbox 1007 4174 1132 4223; x_wconf 89' lang='lat' dir='ltr'><strong>olim</strong></span> <span class='ocrx_word' id='word_1_343' title='bbox 1184 4174 1410 4236; x_wconf 87' lang='lat' dir='ltr'><strong>addicti,</strong></span> <span class='ocrx_word' id='word_1_344' title='bbox 1459 4173 1654 4223; x_wconf 87' lang='lat' dir='ltr'><strong>deinde</strong></span> <span class='ocrx_word' id='word_1_345' title='bbox 1701 4177 1878 4222; x_wconf 86' lang='lat' dir='ltr'><strong>castra</strong></span> <span class='ocrx_word' id='word_1_346' title='bbox 1925 4172 2119 4222; x_wconf 84' lang='lat' dir='ltr'><strong>Christi</strong></span> <span class='ocrx_word' id='word_1_347' title='bbox 2160 4174 2538 4238; x_wconf 84' lang='lat' dir='ltr'><strong>sequebantur.</strong></span> <span class='ocrx_word' id='word_1_348' title='bbox 2601 4176 2718 4225; x_wconf 88' lang='lat' dir='ltr'><strong>Hos</strong></span> <span class='ocrx_word' id='word_1_349' title='bbox 2767 4190 2810 4225; x_wconf 85' lang='lat' dir='ltr'><strong>s.</strong></span> <span class='ocrx_word' id='word_1_350' title='bbox 2846 4177 3058 4225; x_wconf 76' lang='lat' dir='ltr'><strong>Paulus</strong></span> 
     </span>
     <span class='ocr_line' id='line_1_36' title="bbox 550 4260 3058 4328; baseline 0.002 -19"><span class='ocrx_word' id='word_1_351' title='bbox 550 4261 617 4309; x_wconf 89' lang='lat' dir='ltr'><strong>ad</strong></span> <span class='ocrx_word' id='word_1_352' title='bbox 646 4260 762 4311; x_wconf 85' lang='lat' dir='ltr'><strong>Gal.</strong></span> <span class='ocrx_word' id='word_1_353' title='bbox 792 4264 838 4321; x_wconf 88' lang='grc'><strong>2,</strong></span> <span class='ocrx_word' id='word_1_354' title='bbox 865 4264 914 4311; x_wconf 83' lang='grc'><strong>4.</strong></span> <span class='ocrx_word' id='word_1_355' title='bbox 954 4260 1192 4327; x_wconf 85' lang='lat' dir='ltr'><strong>adpellat</strong></span> <span class='ocrx_word' id='word_1_356' title='bbox 1230 4260 1695 4322; x_wconf 86' lang='lat' dir='ltr'><strong>„subintroductos</strong></span> <span class='ocrx_word' id='word_1_357' title='bbox 1731 4260 1950 4323; x_wconf 83' lang='lat' dir='ltr'><strong>fratres3</strong></span> <span class='ocrx_word' id='word_1_358' title='bbox 1991 4262 2082 4325; x_wconf 91' lang='lat' dir='ltr'><strong>qui</strong></span> <span class='ocrx_word' id='word_1_359' title='bbox 2106 4261 2528 4313; x_wconf 83' lang='lat' dir='ltr'><strong>subintroierunt</strong></span> <span class='ocrx_word' id='word_1_360' title='bbox 2565 4262 2852 4328; x_wconf 83' lang='lat' dir='ltr'><strong>explorare</strong></span> <span class='ocrx_word' id='word_1_361' title='bbox 2887 4265 3058 4313; x_wconf 87' lang='lat' dir='ltr'><strong>Iiber-</strong></span> 
     </span>
     <span class='ocr_line' id='line_1_37' title="bbox 550 4346 3054 4415; baseline 0.001 -18"><span class='ocrx_word' id='word_1_362' title='bbox 550 4352 710 4397; x_wconf 82' lang='lat' dir='ltr'><strong>tatem</strong></span> <span class='ocrx_word' id='word_1_363' title='bbox 748 4354 997 4410; x_wconf 85' lang='lat' dir='ltr'><strong>nostram,</strong></span> <span class='ocrx_word' id='word_1_364' title='bbox 1039 4362 1197 4413; x_wconf 88' lang='lat' dir='ltr'><strong>quam</strong></span> <span class='ocrx_word' id='word_1_365' title='bbox 1232 4347 1490 4397; x_wconf 88' lang='lat' dir='ltr'><strong>habemus</strong></span> <span class='ocrx_word' id='word_1_366' title='bbox 1529 4348 1584 4397; x_wconf 89' lang='lat' dir='ltr'><strong>in</strong></span> <span class='ocrx_word' id='word_1_367' title='bbox 1623 4346 1832 4397; x_wconf 89' lang='lat' dir='ltr'><strong>Christo</strong></span> <span class='ocrx_word' id='word_1_368' title='bbox 1870 4346 2021 4407; x_wconf 85' lang='lat' dir='ltr'><strong>Jesu‚</strong></span> <span class='ocrx_word' id='word_1_369' title='bbox 2060 4351 2118 4397; x_wconf 88' lang='lat' dir='ltr'><strong>ut</strong></span> <span class='ocrx_word' id='word_1_370' title='bbox 2143 4363 2240 4397; x_wconf 88' lang='lat' dir='ltr'><strong>nos</strong></span> <span class='ocrx_word' id='word_1_371' title='bbox 2263 4348 2322 4397; x_wconf 90' lang='lat' dir='ltr'><strong>in</strong></span> <span class='ocrx_word' id='word_1_372' title='bbox 2347 4348 2656 4398; x_wconf 82' lang='lat' dir='ltr'><strong>servitutem</strong></span> <span class='ocrx_word' id='word_1_373' title='bbox 2689 4349 3054 4415; x_wconf 74' lang='lat' dir='ltr'><strong>redigerent-‘⁶</strong></span> 
     </span>
     <span class='ocr_line' id='line_1_38' title="bbox 554 4433 3058 4501; baseline 0.001 -18"><span class='ocrx_word' id='word_1_374' title='bbox 554 4434 613 4497; x_wconf 72' lang='lat'><strong>¹²¹³)</strong></span> <span class='ocrx_word' id='word_1_375' title='bbox 662 4434 765 4483; x_wconf 89' lang='lat' dir='ltr'><strong>Ubi</strong></span> <span class='ocrx_word' id='word_1_376' title='bbox 808 4433 1213 4500; x_wconf 79' lang='lat' dir='ltr'><strong>propugnacula</strong></span> <span class='ocrx_word' id='word_1_377' title='bbox 1248 4433 2102 4484; x_wconf 85' lang='lat' dir='ltr'><strong>Ethnico-Christianorum</strong></span> <span class='ocrx_word' id='word_1_378' title='bbox 2142 4461 2206 4469; x_wconf 95' lang='lat'>—</span> <span class='ocrx_word' id='word_1_379' title='bbox 2243 4434 2322 4483; x_wconf 90' lang='lat' dir='ltr'><strong>ita</strong></span> <span class='ocrx_word' id='word_1_380' title='bbox 2362 4449 2560 4485; x_wconf 82' lang='lat' dir='ltr'><strong>vocare</strong></span> <span class='ocrx_word' id='word_1_381' title='bbox 2601 4434 2786 4501; x_wconf 86' lang='lat' dir='ltr'><strong>placet</strong></span> <span class='ocrx_word' id='word_1_382' title='bbox 2819 4437 3058 4501; x_wconf 79' lang='lat' dir='ltr'><strong>gentiles</strong></span> 
     </span>
     <span class='ocr_line' id='line_1_39' title="bbox 550 4520 3058 4589; baseline 0.002 -20"><span class='ocrx_word' id='word_1_383' title='bbox 550 4535 838 4570; x_wconf 84' lang='lat' dir='ltr'><strong>conversos</strong></span> <span class='ocrx_word' id='word_1_384' title='bbox 877 4548 941 4557; x_wconf 92' lang='lat'><strong>-—</strong></span> <span class='ocrx_word' id='word_1_385' title='bbox 980 4522 1398 4587; x_wconf 83' lang='lat' dir='ltr'><strong>reperiebantur.</strong></span> <span class='ocrx_word' id='word_1_386' title='bbox 1476 4521 1536 4585; x_wconf 80' lang='lat'><strong>¹⁸)</strong></span> <span class='ocrx_word' id='word_1_387' title='bbox 1580 4520 1934 4571; x_wconf 87' lang='lat' dir='ltr'><strong>Retinendam</strong></span> <span class='ocrx_word' id='word_1_388' title='bbox 1979 4536 2023 4570; x_wconf 93' lang='lat' dir='ltr'><strong>e.</strong></span> <span class='ocrx_word' id='word_1_389' title='bbox 2064 4538 2112 4586; x_wconf 87' lang='lat' dir='ltr'><strong>g.</strong></span> <span class='ocrx_word' id='word_1_390' title='bbox 2140 4522 2596 4572; x_wconf 86' lang='lat' dir='ltr'><strong>circumcisionem</strong></span> <span class='ocrx_word' id='word_1_391' title='bbox 2639 4528 2696 4571; x_wconf 89' lang='lat' dir='ltr'><strong>et</strong></span> <span class='ocrx_word' id='word_1_392' title='bbox 2737 4524 3058 4589; x_wconf 76' lang='lat' dir='ltr'><strong>baptismati</strong></span> 
     </span>
     <span class='ocr_line' id='line_1_40' title="bbox 548 4607 2046 4673; baseline 0.001 -18"><span class='ocrx_word' id='word_1_393' title='bbox 548 4607 887 4672; x_wconf 80' lang='lat' dir='ltr'><strong>iungendam.</strong></span> <span class='ocrx_word' id='word_1_394' title='bbox 945 4608 1079 4657; x_wconf 89' lang='lat' dir='ltr'><strong>Coll.</strong></span> <span class='ocrx_word' id='word_1_395' title='bbox 1117 4609 1234 4658; x_wconf 86' lang='lat' dir='ltr'><strong>Act.</strong></span> <span class='ocrx_word' id='word_1_396' title='bbox 1276 4612 1355 4670; x_wconf 84' lang='lat'><strong>15,</strong></span> <span class='ocrx_word' id='word_1_397' title='bbox 1384 4611 1433 4657; x_wconf 84' lang='lat'><strong>6.</strong></span> <span class='ocrx_word' id='word_1_398' title='bbox 1472 4614 1633 4673; x_wconf 83' lang='lat' dir='ltr'><strong>atque</strong></span> <span class='ocrx_word' id='word_1_399' title='bbox 1671 4607 1858 4658; x_wconf 87' lang='lat' dir='ltr'><strong>Matth.</strong></span> <span class='ocrx_word' id='word_1_400' title='bbox 1887 4611 1936 4669; x_wconf 85' lang='lat'><strong>5,</strong></span> <span class='ocrx_word' id='word_1_401' title='bbox 1963 4610 2046 4658; x_wconf 85' lang='grc'><strong>20.</strong></span> 
     </span>
    </p>
   </div>
   <div class='ocr_carea' id='block_1_7' title="bbox 3235 0 3238 1187">
    <p class='ocr_par' dir='ltr' id='par_1_7' title="bbox 3235 0 3238 1187">
     <span class='ocr_line' id='line_1_41' title="bbox 3235 0 3238 1187; baseline 0 0"><span class='ocrx_word' id='word_1_402' title='bbox 3235 0 3238 1187; x_wconf 95' lang='lat' dir='ltr'><strong> </strong></span> 
     </span>
    </p>
   </div>
   <div class='ocr_carea' id='block_1_8' title="bbox 3236 2888 3237 3705">
    <p class='ocr_par' dir='ltr' id='par_1_8' title="bbox 3236 2888 3237 3705">
     <span class='ocr_line' id='line_1_42' title="bbox 3236 2888 3237 3705; baseline 0 0"><span class='ocrx_word' id='word_1_403' title='bbox 3236 2888 3237 3705; x_wconf 95' lang='lat' dir='ltr'><strong> </strong></span> 
     </span>
    </p>
   </div>
   <div class='ocr_carea' id='block_1_9' title="bbox 3236 4150 3237 5035">
    <p class='ocr_par' dir='ltr' id='par_1_9' title="bbox 3236 4150 3237 5035">
     <span class='ocr_line' id='line_1_43' title="bbox 3236 4150 3237 5035; baseline 0 0"><span class='ocrx_word' id='word_1_404' title='bbox 3236 4150 3237 5035; x_wconf 95' lang='lat' dir='ltr'><strong> </strong></span> 
     </span>
    </p>
   </div>
  </div>
 </body>
</html>
