3267 5259
1082 422 1129 464 s.
1148 422 1269 465 rem-1
1293 422 1463 465 labore·
1490 422 1734 475 ape-tonet.
2523 408 2654 475 335

212 594 391 645 dubium
422 610 636 646 movere
672 600 947 659 conentur,
986 612 1057 646 an
1092 610 1327 662 unquam
1364 595 1511 662 quod
1544 596 1726 647 Lucas
1767 603 1952 648 narrat
1987 596 2278 648 acciderit?
2333 595 2420 647 Ita
2453 596 2518 647 F.
2555 596 2652 648 eh.

212 680 344 744 Bam,
376 682 574 733 Paulus
621 682 715 733 der
756 682 976 749 Apostel
1013 682 1067 733 J.
1106 681 1229 731 Chr.
1277 681 1472 749 Stuttg.
1510 684 1662 734 1845.
1711 700 1763 749 p.
1802 685 1884 734 60.
1922 699 1963 734 s.
2036 683 2231 747 Zeller,
2279 683 2364 733 die
2407 683 2652 750 Apostel-

210 767 351 831 gesch.
384 784 433 819 ιι.
470 769 637 819 ihrem
672 769 852 819 Inhalt
886 785 939 820 u.
977 770 1259 837 Ursprung
1294 770 1374 819 kr.
1410 775 1523 820 unt.
1563 768 1756 836 Stuttg.
1797 772 1946 821 1854.
1992 787 2043 836 p.
2081 773 2201 821 200.
2237 786 2280 821 s.
2316 770 2560 835 Holsten‚
2597 774 2654 821 in

210 854 489 919 Hilgenfeld,
526 857 783 907 Zeitschr.
821 856 857 906 f.
894 858 1035 907 wiss.
1072 856 1259 907 Theol.
1299 858 1449 907 1861.
1494 856 1593 919 ΙΠ,
1632 858 1750 907 323.
1789 874 1830 908 s.
1889 857 2215 924 Hilgenfeld,
2253 858 2324 907 ib.
2365 860 2516 908 1864.
2550 858 2651 921 ΙΠ,

210 942 300 990 173.
336 956 373 993 s.
444 942 601 994 Certe
648 960 777 995 vero
832 945 1017 1005 „Sauli
1062 950 1169 998 tam
1214 945 1383 998 subita
1428 946 1670 997 mutatio‘*
1729 960 1793 996 ex
1845 929 2204 997 infensissimo
2251 943 2445 995 Christi
2499 944 2650 997 hoste

208 1029 250 1076 in
296 1032 593 1081 acerrimum
648 1031 1013 1095 defensorem3
1078 1038 1303 1101 „praeter
1358 1038 1577 1085 naturae
1635 1032 1772 1101 leqss.
1825 1032 1876 1085 vi
1932 1033 2156 1101 quadam
2212 1033 2648 1087 extraordinaria‘*

207 1114 321 1165 facta
359 1122 451 1168 est.
512 1119 761 1184 Quinque
806 1118 893 1167 hie
938 1124 1184 1169 notamus
1230 1118 1287 1168 in
1330 1118 1501 1169 Paulo
1554 1133 1746 1169 causas
1796 1120 2013 1183 erroris,
2066 1123 2120 1169 et
2165 1120 2388 1170 totidem
2433 1118 2650 1185 impedi-

208 1208 349 1253 menta
391 1206 782 1268 conversionis,
838 1205 905 1254 de
954 1205 1149 1271 quibus
1196 1204 1543 1271 triumphavit
1593 1206 1782 1271 gratia.
1844 1222 1889 1254 α.
1943 1204 2336 1255 Praeiudicium
2383 1204 2653 1271 religionis

208 1290 583 1355 antiquissimae.
639 1288 684 1358 β.
722 1291 1048 1343 Animositas
1086 1296 1276 1343 contra
1310 1293 1603 1343 novitatem
1641 1298 2004 1359 apparentem.
2051 1309 2099 1360 γ.
2136 1292 2393 1343 Eiusdem
2425 1292 2652 1345 indoles.

207 1372 240 1423 ὃ.
270 1377 405 1429 zelus
438 1384 835 1447 praeposterus.
873 1396 909 1429 ε.
946 1380 1179 1431 Ambitio
1206 1380 1341 1431 alios
1378 1380 1684 1446 superandi.
1719 1380 1868 1431 Nihil
1901 1381 1958 1430 in
1993 1381 2166 1431 maius
2203 1384 2418 1431 auctum
2454 1378 2653 1445 allega-

206 1464 357 1529 vimus,
390 1466 617 1517 Paulum
652 1468 829 1533 ipsum
862 1467 1123 1518 habemus
1159 1467 1500 1517 confitentem
1534 1482 1712 1532 reum3
1751 1468 1841 1532 qui
1877 1481 2008 1518 sane
2044 1472 2328 1534 postquam
2363 1482 2652 1519 conversus

176 1572 182 1580 ·
207 1557 281 1611 est,
313 1554 584 1603 commissa
620 1555 843 1605 crimina
878 1554 1159 1605 uberrimis
1196 1556 1432 1621 expiavit
1464 1554 1714 1605 lacrimis.
1764 1553 1960 1605 Saulus
1993 1554 2274 1606 interfecto
2313 1568 2355 1604 s.
2381 1552 2652 1621 Stephano

204 1652 429 1704 nusquam
471 1642 751 1705 remissus,
812 1656 1021 1707 semper
1064 1643 1235 1693 minas
1282 1640 1609 1707 caedemque
1645 1642 1884 1707 spirans,
1943 1641 2146 1691 recenti
2179 1641 2344 1707 plaga
2377 1641 2653 1707 perculsos

206 1722 498 1777 Christianos
536 1728 763 1779 obruere
799 1729 1077 1795 pergebat.
1149 1728 1371 1779 Herculi
1414 1728 1561 1794 prius
1616 1728 1826 1778 clavam
1870 1733 2188 1795 extorquere
2236 1728 2460 1794 quisse
2493 1742 2654 1794 posse

204 1818 365 1877 speret,
400 1828 559 1880 quam
597 1814 763 1866 Saulo
798 1815 944 1865 illam
980 1816 1079 1865 sub
1116 1808 1335 1882 pectore
1370 1815 1683 1881 flagrantem
1718 1814 1950 1865 vexandi
1972 1814 2328 1881 vastandique
2352 1814 2653 1866 Ecclesiam

204 1900 523 1952 ambitionem.
589 1902 779 1969 Neque
815 1903 1057 1969 profecto
1092 1902 1357 1953 humanae
1395 1903 1513 1968 opis
1548 1906 1680 1963 erat,
1719 1908 1828 1951 tam
1865 1903 2188 1967 pertinacem
2226 1903 2390 1952 animi
2425 1904 2652 1967 rig-orem

202 1985 402 2053 flectere3
450 1988 711 2040 miraculo
750 1989 1043 2040 debebatur
1086 1989 1230 2041 illius
1278 1989 1347 2039 ad
1395 1989 1716 2039 contrariam
1752 1989 2054 2055 bonamque
2091 1993 2319 2039 mentem
2356 1990 2651 2041 conversio.

204 2072 321 2132 Quin
352 2076 547 2127 Paulus
584 2078 701 2143 ipse
736 2077 980 2128 miraculi
1014 2076 1431 2143 magnitudinem
1466 2077 1545 2127 ita
1578 2076 1869 2142 praedicat,
1907 2080 1967 2126 ut
2000 2076 2056 2125 in
2083 2075 2197 2127 eius
2221 2072 2655 2142 frequentissima

204 2165 669 2214 commemoratione
705 2165 789 2215 sui
823 2166 1076 2229 criminis,
1114 2178 1386 2230 nunquam
1420 2179 1529 2214 non
1565 2164 1682 2214 sine
1719 2162 1902 2215 dolore
1939 2164 2243 2214 memoriam
2277 2162 2516 2228 refricet3
2555 2178 2655 2214 sua

204 2248 374 2298 seilicet
405 2250 744 2301 confessione
780 2250 1087 2316 significans
1123 2267 1233 2301 non
1268 2252 1471 2301 minore
1508 2264 1668 2317 quam
1705 2251 2121 2316 praesentissimi
2156 2250 2371 2301 Domini
2407 2250 2655 2300 machina

204 2349 315 2399 opus
353 2336 540 2399 fuisse,
592 2336 661 2387 ad
708 2338 1114 2388 concutiendam
1150 2338 1597 2389 obstinatissimae
1632 2337 1824 2386 mentis
1870 2336 2130 2387 duritiem.
2166 2334 2209 2386 1.
2249 2336 2369 2387 Cor.
2406 2339 2456 2399 9,
2483 2340 2530 2388 1.
2572 2340 2652 2400 15,

205 2420 243 2468 8.
274 2424 314 2473 9.
349 2421 461 2473 Gal.
503 2426 549 2486 1,
592 2426 673 2473 16.
713 2425 794 2473 13.
832 2423 1063 2491 Philipp.
1103 2426 1152 2488 3,
1191 2426 1239 2475 6.
1288 2424 1368 2474 cf.
1406 2422 1459 2475 S.
1497 2422 1736 2474 'rhomae
1779 2423 1895 2489 Aq„
1933 2422 2130 2473 Summ.
2167 2423 2266 2473 m.
2292 2426 2342 2474 9.
2379 2425 2462 2487 5⁷,
2501 2426 2549 2475 6.
2585 2424 2652 2485 X,

204 2508 330 2557 1186.
362 2509 517 2559 Hune
554 2526 709 2561 sunm
735 2510 1021 2562 Dominum
1056 2511 1191 2562 vidit
1216 2508 1428 2575 Saulus,
1465 2527 1573 2563 nou
1598 2512 1830 2577 speciem
1856 2512 1968 2561 eius
1994 2511 2278 2576 quandam,
2315 2512 2522 2561 visione
2545 2527 2655 2561 non

204 2597 363 2645 mentis
406 2595 501 2647 sed
547 2600 815 2663 eorporis3
862 2603 923 2648 ut
959 2614 1023 2648 ex
1059 2599 1263 2649 iteratis
1299 2600 1479 2649 verbis
1516 2598 1737 2663 Christi,
1783 2598 2052 2661 Ananiae,
2098 2598 2410 2661 Barnabae,
2452 2599 2652 2659 Lucae,

202 2678 343 2745 ipsius
364 2683 591 2751 denique
616 2684 789 2747 Pauli,
816 2685 883 2735 de
909 2685 1010 2736 hac
1034 2686 1241 2736 visione
1266 2686 1501 2749 coelesti,
1528 2691 1589 2737 ut
1611 2685 2046 2752 Apostolatus
2073 2687 2175 2737 sui
2200 2686 2392 2750 signo
2415 2684 2652 2735 invictis-

202 2768 327 2833 simo,
359 2770 633 2837 gloriantis
672 2773 803 2823 satis
842 2778 1082 2838 apparet.
1129 2771 1246 2823 Act.
1273 2775 1322 2836 9,
1351 2774 1399 2823 5.
1428 2774 1508 2823 17.
1537 2775 1620 2824 27.
1659 2775 1741 2837 22,
1768 2774 1816 2823 2.
1842 2788 1885 2823 s.
1926 2774 2010 2836 26,
2037 2774 2120 2823 14.
2145 2789 2188 2824 s.
2237 2772 2385 2822 Idem
2412 2773 2656 2837 sequitur

204 2870 257 2904 ex
276 2857 345 2919 iis,
382 2873 518 2924 quae
542 2858 611 2908 de
638 2858 791 2909 Sauli
815 2859 1099 2909 comitibus
1130 2875 1317 2910 vocem
1343 2864 1396 2910 et
1427 2860 1599 2910 lucem
1625 2859 2060 2925 percipientibus,
2097 2874 2256 2925 porro
2283 2857 2349 2909 de
2378 2860 2653 2921 coecitate,

202 2957 290 3006 qua
308 2960 395 3010 per
414 2945 650 2995 triduum
674 2945 921 2997 affectum
945 2946 1207 3009 novimus,
1245 2946 1475 3012 denique
1499 2946 1565 2997 de
1591 2946 1814 3008 visione,
1852 2960 1964 3011 qua
1996 2945 2290 2997 Ananias
2317 2951 2369 2996 et
2391 2945 2509 3013 ipse
2533 2946 2652 2995 Deo

202 3030 477 3083 moderante
521 3048 653 3083 usus
690 3038 795 3095 est,
841 3038 1143 3083 narrantur.
1205 3034 1279 3084 Ut
1324 3032 1455 3082 nihil
1502 3032 1553 3083 h.
1588 3032 1624 3081 l.
1663 3032 1904 3083 dicamus
1949 3031 2016 3082 de
2061 3024 2330 3099 ἀξιοπιστίᾳ
2373 3032 2555 3083 Lucae
2598 3032 2655 3082 in

203 3119 449 3169 scribendo
482 3120 715 3170 Actuum
738 3120 1167 3187 Apostolicorum
1201 3119 1355 3173 libro.
1406 3119 1543 3169 Vide
1570 3135 1615 3169 c.
1643 3119 1944 3182 Heumann,
1983 3119 2050 3169 de
2072 3118 2462 3170 illuminatione
2488 3118 2652 3170 Sauli.

200 3202 301 3254 Jen.
324 3208 469 3257 1741.
506 3224 560 3273 p.
587 3209 669 3258 16.
696 3223 739 3258 s.
790 3206 853 3257 G.
878 3206 1175 3272 Lyttleton,
1201 3206 1451 3257 Anmerk.
1480 3210 1529 3256 ss.
1556 3205 1606 3255 d.
1630 3204 1956 3271 Bekehrung
1990 3206 2162 3256 Pauli.
2201 3222 2265 3257 ex
2295 3206 2436 3271 angl.
2475 3206 2653 3256 Hann.

204 3292 329 3343 1748.
382 3293 433 3343 .Ῐ.
469 3295 529 3344 P.
565 3293 772 3356 Miller,
812 3293 879 3342 de
914 3292 1049 3343 Jesu
1086 3308 1121 3342 a
1155 3292 1325 3343 Paulo
1362 3294 1495 3343 viso.
1547 3291 1690 3342 Gott.
1730 3294 1880 3342 1778.
1941 3291 2271 3355 Haselaarii,
2309 3292 2376 3341 de
2411 3292 2653 3343 nonnull.

202 3378 299 3426 Act.
330 3380 423 3445 Ap.
460 3385 514 3430 et
548 3396 632 3445 ep.
670 3380 731 3430 P.
772 3379 840 3429 ad
875 3378 997 3430 bist.
1032 3378 1189 3429 Pauli
1224 3384 1357 3445 pert.
1395 3378 1545 3430 locis.
1592 3378 1767 3445 Lugd.
1803 3379 1924 3428 Bat.
1965 3380 2115 3429 1806.
2160 3396 2210 3445 p.
2251 3380 2333 3431 72.
2371 3394 2414 3429 s.
2474 3378 2652 3441 Khun,

204 3463 335 3514 Pauli
376 3466 699 3532 Bekehrung
750 3465 861 3516 und
907 3465 1238 3531 Lehrtypus,
1285 3466 1343 3515 in
1392 3481 1515 3516 ann.
1560 3465 1900 3515 Jahrbueher
1945 3465 2032 3515 fiir
2074 3464 2260 3515 Theol.
2308 3464 2402 3515 IV.
2441 3468 2498 3529 2,
2535 3466 2654 3516 287.

203 3549 381 3616 Meyer,
414 3552 816 3619 Apostelgesoh.
854 3569 905 3617 p.
944 3553 1058 3603 180.
1094 3570 1136 3603 s.
1184 3552 1410 3615 Beelen,
1452 3553 1651 3604 Comm.
1698 3570 1749 3618 p.
1792 3554 1906 3602 192.
1944 3568 1986 3603 s.
2035 3552 2106 3601 M.
2141 3552 2526 3618 Baumgarten,
2570 3552 2655 3602 die

202 3638 569 3705 Apostelgesch.
603 3640 648 3702 I,
678 3640 795 3689 189.
822 3654 930 3704 seq.
979 3638 1075 3689 Ph.
1103 3638 1297 3701 Schaff,
1336 3638 1527 3690 Gesoh.
1555 3640 1605 3689 d.
1632 3653 1720 3705 ap.
1742 3638 1940 3689 Kirche
1974 3656 2026 3704 p.
2053 3640 2170 3689 234.
2196 3655 2238 3689 s.
2286 3638 2547 3689 Hofstede
2589 3638 2654 3689 de

206 3722 361 3789 Groot,
382 3726 535 3777 Pauli
560 3726 841 3777 conversio
859 3742 911 3791 p.
934 3726 1049 3775 164.
1080 3725 1308 3787 Ebrard‚
1336 3725 1423 3775 die
1440 3724 1984 3791 Apostelgesehichte.
2011 3724 2268 3790 Ktinigsb.
2293 3726 2442 3776 1862.
2463 3743 2514 3791 p.
2539 3728 2653 3776 142.

206 3810 457 3877 Hoffmann,
494 3814 543 3864 d.
578 3814 629 3865 h.
668 3812 721 3863 S.
760 3813 809 3862 d.
843 3812 909 3862 N.
945 3813 1006 3862 Τ.
1038 3812 1081 3861 Ι.
1119 3829 1170 3877 p.
1199 3814 1314 3862 113.
1340 3829 1383 3863 s.
1432 3812 1518 3863 W.
1550 3812 1868 3879 Beyschlag,
1906 3812 1992 3862 die
2026 3811 2422 3878 Auferstehung
2458 3811 2654 3862 Christi

206 3912 248 3961 p.
272 3902 343 3949 53.
364 3917 404 3951 s.
443 3900 521 3951 Id.
546 3903 603 3950 in
629 3915 755 3951 ann.
784 3898 934 3949 Stud.
960 3916 1013 3949 u.
1051 3899 1187 3948 Krit.
1218 3900 1368 3949 1864.
1394 3916 1446 3965 p.
1475 3902 1591 3951 197.
1618 3915 1660 3949 s.
1690 3900 1841 3950 1865.
1874 3916 1927 3965 p.
1953 3900 2072 3949 230.
2099 3914 2141 3948 s.
2167 3900 2284 3949 272.
2311 3914 2352 3949 s.

924 4176 983 4257 ξ.
1031 4176 1135 4244 67.
1234 4175 1456 4241 Acta
1514 4171 1581 4240 S.
1643 4172 1899 4240 Petri.

376 4366 723 4433 Exstincta
780 4368 1269 4453 persecutione,
1334 4322 1666 4452 rebusque
1733 4388 1854 4451 per
1914 4363 2092 4430 Sauli
2160 4364 2654 4430 conversionem

205 4482 551 4567 tranquillis,
598 4480 801 4565 longe
833 4478 1094 4565 lateque
1139 4479 1487 4544 christiana
1531 4477 1759 4563 religio
1807 4479 2154 4565 propagari
2203 4478 2438 4563 coepit,
2477 4477 2656 4542 Petri

204 4588 462 4675 Apostoli
482 4594 803 4681 imprimis
828 4614 1049 4677 opera.
1096 4592 1225 4657 Hic
1248 4592 1291 4657 J
1293 4590 1528 4675 udaea,
1561 4590 1859 4657 Galilaea
1883 4600 1947 4657 et
1972 4590 2268 4657 Samaria
2292 4592 2656 4677 peragratis
