3267 5259
586 404 715 468 338
1324 417 1444 458 nist.
1472 418 1582 461 sev.
1612 419 1702 459 civ.
1731 417 1898 459 rerico.
1929 418 1985 459 11.
2007 429 2100 468 cap.
2133 420 2331 468 primun.

590 590 917 656 debantur
936 614 1069 657 non
1106 598 1355 655 tantum
1387 593 1802 677 acquievere,
1835 590 1953 655 sed
1975 591 2196 655 Deum
2225 594 2494 656 summis
2523 591 2834 657 laudibus
2865 616 3078 678 prose-

590 706 723 769 cuti
746 714 915 787 sunt,
942 704 1120 789 quod
1146 713 1211 769 et
1242 714 1472 789 gentes
1501 704 1587 767 ad
1614 704 1851 769 Christi
1877 706 2276 789 agnitionem
2303 716 2578 770 vocaret
2601 709 2638 769 ¹.
2681 704 3080 791 Exemplum

586 818 760 881 istud
792 818 969 882 Petri
1002 820 1209 882 secuti
1238 816 1529 883 nonnulli
1562 816 1862 903 discipuli
1893 816 2234 903 apostolici
2247 820 2290 900 ²,
2325 817 2656 883 Christum
2687 818 3082 883 Antiochiae

590 932 785 995 etiam
818 931 1089 995 ethnicis
1121 932 1619 1013 annunciarunt‚
1664 953 1940 1015 quorum
1971 930 2229 1016 plurimi
2261 930 2682 995 christianam
2717 931 3082 995 doctrinam

592 1042 1013 1107 admiserunt.
1078 1043 1227 1109 Hoc
1265 1042 1378 1107 ubi
1421 1045 1804 1108 innotuisset
1835 1042 2172 1107 Ecclesiae
2203 1042 2874 1128 Hierosolymitanae‚
2915 1044 3083 1131 Apo·

586 1156 732 1221 stoli
763 1156 1179 1220 Barnabam³
1225 1178 1303 1220 eo
1352 1158 1691 1239 miserunt,
1740 1158 1848 1241 qui
1897 1154 2123 1220 fideles
2167 1156 2568 1239 hortaretur,
2615 1168 2690 1221 ut
2735 1160 2804 1221 in
2855 1170 3078 1223 sancto

586 1270 921 1355 proposito
966 1278 1431 1354 permanerent
1448 1272 1491 1333 ⁴.
1568 1268 1890 1353 Idemque
1941 1278 2164 1333 coetus
2223 1291 2467 1355 opera
2523 1294 2573 1333 s.
2620 1270 2846 1334 Petri
2905 1271 3081 1335 brevi

798 1464 833 1530 ¹)
871 1464 985 1513 Act.
1016 1464 1097 1523 11,
1128 1463 1311 1512 1—18.
1376 1462 1416 1527 2)
1443 1463 1786 1513 Potissimum
1813 1462 2196 1528 discipulorum
2234 1462 2552 1528 Cypriorum
2584 1470 2640 1513 et
2665 1463 3082 1529 Cyrenaeorum.

586 1552 627 1618 ³)
668 1551 920 1617 Cyprium
957 1548 1191 1599 nobilem
1228 1550 1379 1599 illum
1405 1549 1741 1599 Christianae
1779 1550 2051 1615 religionis
2087 1564 2410 1615 praeconem
2447 1556 2501 1600 et
2537 1550 2828 1601 vindicem.
2893 1553 2937 1615 ⁸)
2971 1556 3084 1602 Act.

586 1641 667 1701 11,
694 1640 813 1688 20-
833 1639 917 1687 24.
978 1638 1254 1689 Annotatv‘o
1288 1638 1349 1689 de
1384 1656 1419 1691 ε.
1454 1640 1601 1690 Petro
1636 1638 1887 1691 Ecclesiae
1922 1638 2258 1690 Antiochenae
2296 1640 2606 1691 Fundatura.
2669 1638 2900 1689 Coetum
2937 1642 3084 1690 Anti-

585 1726 861 1787 ochenam,
890 1740 995 1790 quo
1020 1724 1210 1775 melius
1236 1724 1523 1787 ordinaret,
1550 1739 1591 1773 s.
1612 1724 1803 1775 Petrus
1830 1740 1958 1775 usus
1985 1730 2288 1790 opportuna
2312 1740 2347 1774 a
2369 1726 2488 1775 Deo
2513 1727 2780 1789 praestita
2801 1727 3084 1779 Ecclesiae

584 1828 715 1865 suae
760 1811 1146 1878 tranquillitate
1192 1810 1557 1876 Jerosolymas
1604 1828 1851 1876 egressus
1896 1813 2094 1861 invisit.
2157 1812 2314 1873 Quod
2359 1829 2403 1862 s.
2434 1812 2617 1863 Lucas
2665 1813 2889 1878 quidem
2935 1829 3084 1879 prae-

584 1902 743 1963 teriit,
782 1900 876 1949 sed
911 1900 1134 1949 Veteres
1170 1899 1334 1948 ferme
1373 1914 1555 1949 omnes
1593 1898 1942 1948 tradiderunt.
2003 1900 2088 1949 Ita
2125 1915 2188 1949 ex
2225 1900 2464 1949 eiusdem
2500 1900 2790 1950 Ecclesiae
2827 1904 3086 1967 antiquis·

584 1989 728 2039 simis
752 1987 1089 2037 monimentis
1115 1986 1301 2035 refert:
1326 1986 1612 2048 Eusebius,
1643 1986 1942 2037 Caesareae
1966 1986 2272 2052 Episcopus
2293 2014 2358 2023 —
2378 1987 2544 2051 igitur
2567 1986 2684 2037 sedi
2712 1988 3082 2038 Antiochense

587 2076 858 2141 proximus
896 2100 963 2109 ——-
997 2074 1146 2123 Eccl.
1173 2072 1313 2122 Hist.
1346 2072 1445 2135 ΙΙΙ,
1472 2075 1555 2123 36.
1592 2090 1646 2139 p.
1675 2074 1790 2123 106.
1847 2072 1898 2124 S.
1927 2072 2335 2138 chrysostomus
2376 2074 2662 2139 presbyter
2695 2074 3084 2135 Antiochenus,

584 2162 724 2211 hom.
750 2163 807 2212 in
844 2160 895 2209 S.
934 2161 1201 2226 Ignatium
1237 2164 1536 2223 martyrem,
1574 2176 1625 2209 n.
1653 2161 1703 2209 4.
1739 2159 1812 2222 Π,
1837 2162 1957 2209 597.
2006 2160 2106 2211 His
2143 2162 2410 2210 consentit
2446 2160 2731 2226 Origenes,
2769 2164 2828 2211 in
2865 2162 3083 2213 Lucam.

583 2248 721 2299 hom.
756 2248 847 2298 VI.
875 2246 956 2296 ed.
994 2246 1197 2297 Lomm.
1234 2247 1297 2309 V,
1328 2249 1444 2297 104.
1493 2247 1879 2310 TheodoretuS,
1919 2263 1999 2313 ep.
2027 2249 2108 2297 86.
2159 2248 2422 2297 Flaviano
2454 2264 2536 2313 ep.
2577 2248 2868 2299 Constant.
2905 2250 3000 2300 lv.
3033 2254 3086 2309 2,

584 2337 735 2387 1157.
784 2339 945 2400 atque
991 2335 1219 2398 scriptor
1264 2334 1406 2383 vitae
1452 2350 1495 2383 s.
1532 2334 1766 2383 Theclae
1803 2348 1844 2384 s.
1883 2351 1934 2383 n.
1971 2334 2160 2383 Basilii
2207 2333 2545 2385 Seleucensis
2589 2335 2626 2385 1.
2663 2336 2707 2385 1.
2751 2336 2838 2386 ed.
2879 2354 2957 2403 gr.
2991 2338 3082 2387 lat.

580 2423 703 2473 Par.
732 2424 884 2472 1622.
920 2438 974 2486 p.
999 2422 1116 2470 276.
1178 2420 1327 2470 Idem
1362 2422 1644 2471 manifeste
1679 2426 1907 2471 testatur
1943 2420 1996 2470 S.
2027 2421 2403 2486 Hieronymus,
2443 2422 2510 2471 de
2546 2424 2678 2471 viris
2715 2424 2916 2475 illustr.
2953 2440 3000 2473 c.
3039 2428 3084 2473 1.

584 2510 665 2560 ed.
702 2510 866 2560 Fabr.
901 2526 955 2575 p.
993 2510 1073 2559 18.
1121 2514 1175 2557 et
1211 2508 1553 2559 disertissime
1593 2524 1779 2559 comm.
1818 2511 1872 2557 in
1911 2524 1994 2575 ep.
2033 2508 2102 2558 ad
2141 2508 2260 2558 Gal.
2296 2512 2344 2571 2,
2386 2511 2468 2559 13.
2531 2511 2820 2575 „Denique
2858 2512 3082 2576 primum

580 2598 908 2663 Episcopum
944 2594 1310 2645 Antiochenae
1346 2596 1628 2647 Ecclesiae
1665 2596 1880 2647 Petrum
1927 2597 2093 2645 fuisse
2139 2598 2469 2663 accepimus,
2518 2603 2572 2647 et
2613 2598 2847 2648 Romam
2898 2598 3082 2649 exinde

581 2683 947 2735 translatum.“
998 2682 1119 2746 VII,
1145 2685 1263 2732 410.
1312 2682 1389 2733 Et
1422 2700 1492 2733 ne
1517 2683 1678 2733 alicui
1717 2682 1936 2733 dubium
1972 2684 2237 2734 incuteret
2273 2684 2323 2733 d.
2349 2684 2534 2734 Lucae
2571 2684 2848 2734 silentium
2890 2702 2945 2751 p.
2969 2687 3082 2734 409.

582 2772 881 2839 praemisit:
936 2770 1079 2831 „Nec
1124 2771 1313 2819 mirum
1360 2785 1503 2832 esse,
1549 2772 1595 2819 si
1631 2770 1811 2821 Lucas
1856 2770 1994 2820 hanc
2041 2787 2150 2821 rem
2198 2773 2448 2835 tacuerit,
2496 2788 2620 2822 cum
2657 2778 2714 2822 et
2749 2772 2868 2823 alia
2903 2772 3082 2832 multa,

585 2874 724 2925 quae
749 2858 951 2909 Paulus
977 2858 1295 2907 sustinuisse
1320 2872 1377 2907 se
1402 2857 1644 2921 replicat,
1682 2857 2096 2924 historiographi
2118 2858 2338 2909 licentia
2359 2861 2838 2925 praetermissi-iu
2899 2860 3084 2924 Neque

589 2961 721 2997 vero
758 2961 921 2995 unum
948 2961 990 2995 s.
1010 2943 1395 3010 Hieronymum
1434 2944 1734 2996 traditionis
1763 2944 1921 2995 huius
1948 2946 2002 2995 in
2028 2944 2320 2996 Occidente
2357 2952 2628 2997 auctorem
2666 2946 2956 3009 habemus,
2993 2945 3084 2996 sed

583 3038 798 3099 praesto
846 3037 971 3082 sunt
1017 3033 1176 3081 etiam
1214 3060 1279 3069 —
1314 3048 1383 3082 ne
1428 3034 1753 3084 recentiores
1798 3048 1936 3099 pene
1973 3034 2277 3083 innumeros
2312 3049 2669 3083 memoremus
2701 3053 2801 3084 -ε
2839 3032 2895 3085 S.
2929 3036 3080 3085 Inno-

584 3122 792 3171 centius
829 3120 871 3170 1.
899 3136 981 3185 ep.
1008 3122 1092 3169 24.
1130 3118 1197 3169 ad
1223 3118 1582 3169 Alexandrum
1621 3136 1703 3185 ep.
1730 3119 1974 3170 Antioch.
2002 3120 2083 3170 ed.
2111 3118 2516 3171 Schoenemann
2541 3138 2594 3187 p.
2620 3122 2746 3171 603.
2799 3122 2855 3172 S.
2885 3122 3080 3187 Grego-

582 3210 693 3258 rius
729 3208 818 3271 M„
858 3224 938 3273 ep.
966 3206 1000 3256 l.
1026 3206 1147 3255 VII.
1174 3206 1283 3256 ind.
1312 3208 1391 3255 15.
1431 3206 1499 3255 ad
1530 3206 1820 3273 Eulogium
1856 3208 2037 3272 Episc.
2063 3210 2148 3257 40.
2184 3207 2257 3269 11,
2285 3208 2402 3257 888.
2453 3206 2505 3257 S.
2532 3207 2648 3257 Leo
2673 3208 2750 3257 Μ.
2779 3224 2867 3277 ep.
2895 3212 2981 3259 92.
3015 3210 3080 3259 ad

582 3296 871 3345 Maximum
905 3292 1149 3344 Antioch.
1186 3293 1290 3359 Ep.
1329 3309 1375 3342 c.
1410 3296 1459 3342 2.
1486 3292 1569 3342 ed.
1604 3294 1737 3343 Ven.
1768 3295 1916 3343 1748.
1955 3295 1997 3357 Ι,
2033 3296 2150 3343 193.
2201 3294 2274 3344 Ut
2309 3294 2420 3344 alia
2455 3302 2776 3360 argumenta
2811 3298 3080 3346 mittamus

582 3382 685 3432 hoc
738 3380 1080 3432 confirmant:
1136 3395 1184 3429 a.
1242 3380 1347 3430 duo
1402 3380 1764 3431 Romanorum
1815 3379 2134 3431 Pontificum
2189 3380 2422 3447 catalogi
2477 3382 2544 3433 ab
2595 3383 2662 3431 E.
2711 3382 3078 3445 Schelstratio,

582 3470 799 3535 Antiqu.
827 3469 958 3519 eccl.
994 3468 1146 3517 Rom.
1174 3470 1325 3519 1692.
1364 3468 1406 3531 Ι,
1434 3469 1550 3521 611.
1580 3469 1698 3519 633.
1739 3467 1896 3532 editi;
1943 3468 1995 3517 b.
2033 3470 2394 3519 testimonium
2428 3470 2651 3519 Maximi
2687 3486 2776 3535 ep.
2817 3472 3078 3529 antioch..

585 3556 676 3623 qui
700 3558 757 3605 in
783 3556 1022 3606 Concilio
1055 3553 1481 3606 Chalcedonensi
1517 3556 1632 3604 Act.
1661 3554 1781 3605 VII.
1808 3571 1895 3620 ap.
1919 3554 2086 3605 Hard.
2113 3555 2184 3615 II,
2209 3558 2328 3606 491.
2367 3556 2666 3619 affirmavit,
2707 3560 2930 3608 nemine
2965 3561 3076 3609 630.

582 3644 803 3693 Patrum
856 3641 1209 3692 reclamante:
1266 3635 1381 3705 „t'ov
1433 3638 1604 3710 θρόνον
1655 3639 1953 3710 Ἀντιοχιέων
2007 3638 2351 3710 μητροπόλεως
2397 3636 2480 3693 τὸν
2525 3644 2611 3693 τοῦ
2665 3639 2812 3711 ἁγίου
2859 3642 3078 3713 Πέτρα-οὖ·

586 3745 718 3780 esse.
769 3728 935 3781 Cuius
968 3731 1043 3779 rei
1082 3746 1127 3779 c.
1166 3732 1471 3780 memoriam
1498 3730 1565 3779 ab
1594 3730 1816 3795 antiquo
1843 3732 1926 3779 22.
1953 3730 2232 3780 Februarii
2270 3745 2450 3781 annua
2486 3731 2806 3781 celebritate
2843 3734 3074 3783 recolere

584 3819 875 3867 consuevit.
931 3816 1011 3866 cf.
1047 3816 1321 3879 Bollandi,
1360 3818 1476 3867 Act.
1518 3817 1568 3866 S.
1607 3817 1767 3867 Febr.
1804 3816 1912 3881 111,
1947 3819 2061 3867 282.
2099 3820 2217 3867 283.
2276 3818 2526 3884 Denique
2565 3818 2615 3868 d.
2654 3820 2702 3869 si
2737 3820 2941 3871 Petrus
2977 3836 3075 3869 non

582 3906 829 3955 fundavit
863 3904 1249 3955 Antiochenam
1284 3904 1611 3967 Ecclesiam,
1661 3906 1753 3970 qui
1789 3905 1988 3955 factum
2028 3909 2109 3955 est
2145 3910 2204 3954 ut
2240 3920 2274 3954 a
2307 3906 2490 3971 primis
2537 3907 2645 3955 iam
2691 3906 2932 3957 saeculis
2977 3922 3076 3956 nna

585 4009 613 4043 e
670 3992 971 4059 praecipuis
1026 3991 1270 4054 sedibus,
1330 4006 1462 4058 quas
1516 3992 1642 4041 inde
1699 3992 2085 4056 patriarchales
2140 3992 2415 4054 dixerunt,
2470 4007 2683 4059 semper
2733 3996 2807 4043 sit
2858 3992 3076 4044 habita?

584 4079 885 4140 Tillemont,
934 4078 1091 4129 Mem.
1133 4077 1177 4127 Ι.
1221 4082 1329 4129 not.
1374 4082 1457 4129 25.
1509 4096 1559 4145 p.
1598 4081 1715 4130 518.
1755 4082 1802 4129 9.
1849 4080 2102 4145 imprimis
2148 4094 2406 4145 operosus
2455 4086 2560 4143 est,
2609 4086 2670 4130 ut
2716 4081 2972 4131 ostendat
3017 4098 3076 4131 ex

582 4166 1080 4232 Recognitionibus,
1130 4182 1179 4230 q.
1219 4165 1267 4215 d.
1316 4165 1627 4229 Clementis,
1675 4166 1920 4217 haustam
1969 4182 2086 4216 esse
2138 4168 2456 4217 sententiam
2493 4167 2560 4217 de
2611 4166 2886 4217 Cathedra
2935 4168 3074 4217 Petri

583 4254 932 4305 Antiochena.
992 4252 1319 4303 Tillemontii
1345 4281 1410 4288 —
1438 4255 1524 4303 cui
1561 4253 1792 4320 praeivit
1825 4254 1920 4304 ref.
1959 4252 2228 4317 Vedelius,
2265 4252 2297 4302 l.
2333 4255 2366 4303 i.
2393 4270 2438 4303 c.
2475 4271 2528 4320 p.
2556 4257 2678 4304 234.
2703 4272 2746 4305 s.
2773 4282 2842 4291 —-
2865 4260 3074 4305 senten-

584 4341 714 4390 tiam
759 4340 971 4406 repet-iit
1016 4338 1155 4389 Sam.
1204 4340 1503 4405 Basnagius
1548 4340 2109 4403 Flottemanvillaeus,
2161 4340 2502 4404 reformatus,
2551 4342 2748 4391 Annal.
2793 4342 2904 4409 pol.
2949 4340 3074 4392 eccl.

585 4426 858 4478 Rotterod.
888 4428 1037 4477 1706.
1075 4427 1117 4489 Ι,
1144 4429 1261 4477 503.
1288 4442 1331 4477 s.
1382 4426 1441 4477 C.
1475 4428 1540 4477 E.
1568 4428 1895 4490 VVeismann,
1932 4427 2132 4478 Introd.
2171 4428 2228 4477 in
2262 4428 2632 4478 memorabilia
2667 4430 2820 4479 Eccl.
2854 4428 3002 4479 Hist-
3039 4445 3076 4479 a

585 4511 709 4563 Hal.
750 4515 900 4563 1745.
947 4513 989 4575 I,
1028 4516 1113 4565 44.
1175 4513 1372 4565 Secuta
1420 4519 1503 4565 est
1550 4514 1775 4565 aliorum
1825 4514 2256 4565 Acatholicorum
2305 4530 2484 4580 seges,
2535 4516 2736 4580 quibus
2781 4532 2900 4566 cum
2951 4516 3080 4567 facit

583 4598 635 4648 J.
673 4598 1053 4663 Ruttenstock,
1100 4602 1238 4651 Hist.
1276 4602 1424 4652 Eccl.
1472 4602 1537 4654 N.
1581 4603 1643 4652 Τ.
1692 4602 1882 4651 Vienn.
1931 4604 2081 4657 1832.
2127 4602 2180 4663 Ι,
2224 4603 2338 4653 176.
2375 4618 2426 4651 n.
2489 4602 2714 4653 Interim
2760 4602 3077 4655 Antiochiae
