3267 5259
1224 428 1421 471 obst-tus
1448 430 1633 482 patiens.
2538 418 2663 485 135

210 600 355 665 Male
396 600 513 667 sibi
558 602 811 667 conscii
854 601 1355 688 responderunt,
1402 602 1591 669 nobis
1648 627 1782 669 non
1826 604 1982 671 licet
2023 604 2390 670 interficere
2438 627 2660 692 quem-

212 736 397 799 quam.
462 711 633 777 Cum
692 713 943 779 Pilatus
1002 713 1089 778 ad
1142 717 1421 801 primam
1476 718 1851 781 instantiam
1913 739 2050 783 non
2091 716 2292 781 vellet
2335 740 2478 783 esse
2523 719 2660 783 vin-

212 824 395 889 dictae
435 824 691 891 illorum
740 825 1019 909 satelles,
1066 826 1468 892 insolescunt
1512 826 1903 894 clamantes:
1971 851 2106 894 non
2151 828 2359 895 solum
2405 828 2488 893 ab
2521 828 2661 893 aliis

210 936 569 1019 audivimuS,
615 937 737 1003 sed
778 940 903 1024 ipsi
956 948 1157 1004 testes
1210 939 1449 1004 oculati
1494 963 1736 1023 sumus,
1783 940 1958 1006 hunc
2002 940 2477 1027 rempublicam
2522 950 2655 1006 tur·

212 1048 341 1113 bare
370 1058 433 1113 et
460 1049 843 1115 subvertere
868 1054 907 1115 ¹.
940 1050 1367 1137 Compertum
1398 1051 1551 1116 sibi:
1587 1051 1914 1118 Christum
1945 1075 2088 1117 esse
2118 1052 2447 1117 hominem
2477 1076 2659 1118 aver-

210 1170 420 1225 tentem
482 1162 803 1248 populum
851 1186 891 1227 a
938 1163 1383 1230 Romanorum
1430 1164 1835 1249 obedientia,
1889 1164 2344 1251 prohibentem
2393 1164 2660 1230 Caesari

212 1273 417 1338 tributa
461 1274 651 1357 dare3
712 1275 911 1361 idque
959 1298 1045 1340 ex
1107 1299 1185 1342 eo
1232 1276 1535 1363 probant,
1584 1279 1893 1363 quoniam
1940 1277 2288 1343 audierunt
2333 1277 2660 1342 dicentem

210 1408 265 1449 se
302 1408 515 1471 regem
564 1410 728 1453 esse.
792 1388 873 1452 In
917 1391 1317 1475 praetorium
1364 1412 1521 1475 ergo
1567 1392 1802 1455 iterum
1847 1392 2045 1454 intrat
2072 1389 2321 1455 Pilatus
2353 1388 2436 1454 de
2466 1390 2661 1455 rebus

210 1508 317 1563 tam
354 1500 664 1585 gravibus
716 1501 967 1566 scilicet
1020 1504 1398 1588 cogniturus
1458 1503 1844 1585 solenniter,
1913 1513 2110 1588 atque
2176 1503 2262 1567 ad
2329 1525 2399 1567 se
2466 1513 2663 1567 vocat

210 1610 405 1677 Jesum
452 1622 517 1677 et
564 1615 813 1679 crimen
856 1614 1119 1679 iudicat.
1185 1616 1228 1680 J
1232 1637 1381 1681 esus
1429 1618 1537 1702 qui
1586 1636 1808 1681 coram
1851 1615 2060 1681 Pilato
2109 1614 2342 1698 stabat,
2388 1624 2545 1679 tunc
2575 1615 2659 1679 ab

212 1746 273 1788 eo
312 1726 774 1811 interrogatus:
839 1749 924 1792 an
970 1735 1143 1792 esset
1186 1727 1333 1791 Rex
1388 1728 1828 1811 Judaeorum,
1890 1750 1960 1793 se
2026 1750 2168 1792 esse
2226 1727 2660 1814 respondens3

210 1837 461 1901 vicissim
506 1840 852 1924 quaesivit,
920 1862 1076 1903 num
1142 1862 1182 1905 a
1250 1842 1596 1927 semetipso
1668 1840 1794 1905 hoc
1869 1840 2116 1905 diceret
2133 1841 2178 1904 2.
2251 1839 2474 1925 Aegre
2549 1838 2660 1903 ad-

210 1948 441 2013 modum
498 1950 667 2015 haec
732 1950 937 2015 verba
996 1951 1143 2016 tulit
1204 1951 1479 2018 Pilatus:
1526 1951 1881 2039 populares
1925 1954 2018 2017 tui
2062 1961 2127 2016 te
2172 1960 2245 2016 ut
2289 1951 2505 2035 talem,
2553 1953 2660 2033 ait,

212 2070 505 2127 accusant.
549 2063 664 2127 Ad
723 2062 890 2128 haec
950 2064 1147 2131 Jesus
1191 2064 1479 2130 nobilem
1522 2065 1700 2130 illam
1748 2064 1952 2129 edidit
1997 2064 2507 2130 confessionem:
2553 2086 2660 2127 me

212 2194 401 2259 regem
469 2198 611 2241 esse
680 2199 816 2242 non
880 2199 1089 2262 neg03
1176 2177 1295 2243 sed
1364 2200 1643 2263 regnum
1706 2200 1926 2242 meum
2000 2200 2137 2242 non
2213 2185 2311 2241 est
2377 2176 2460 2241 de
2534 2176 2662 2242 hoc

212 2416 359 2461 autem
390 2412 747 2478 plurimorum
784 2412 1111 2464 eruditorum
1146 2412 1418 2479 placitum,
1472 2414 1676 2464 nullum
1715 2418 1830 2464 erat
1865 2414 2010 2480 apud
2045 2413 2284 2465 Judaeos
2321 2430 2386 2464 eo
2422 2419 2662 2479 tempore

210 2497 277 2545 ius
306 2500 587 2565 sanguinis,
626 2506 681 2551 et
718 2502 962 2564 quamvis
998 2500 1105 2551 illis
1143 2500 1209 2550 de
1247 2501 1555 2551 criminibus
1594 2500 1918 2567 capitalibus
1955 2502 2207 2566 cognosci
2253 2500 2660 2565 permitteretur,

212 2585 423 2647 capitalis
457 2591 639 2637 tamen
674 2587 978 2637 sententiae
1013 2586 1145 2637 latio
1184 2592 1239 2637 et
1274 2589 1545 2637 exsecutio
1584 2586 1654 2637 ad
1688 2587 1998 2652 provinciae
2034 2590 2432 2651 procuratorem
2455 2590 2662 2652 specta-

214 2668 297 2719 bat.
328 2671 403 2721 Ita
422 2676 671 2723 censent:
711 2672 1082 2735 Gasaubonus,
1104 2674 1303 2723 exercit
1319 2673 1560 2724 Antibar.
1586 2674 1730 2735 XVI,
1754 2675 1835 2723 77.
1855 2690 1906 2739 p.
1929 2675 2046 2723 610.
2072 2673 2141 2722 Η.
2167 2672 2456 2734 Relandus,
2482 2670 2660 2737 Antiq.

210 2768 243 2802 s.
264 2756 315 2805 V.
336 2758 399 2808 Η.
425 2758 496 2808 11.
525 2761 571 2821 7,
598 2762 650 2809 9.
676 2776 729 2825 p.
757 2761 875 2809 123.
910 2759 1175 2825 Basnage,
1211 2759 1405 2810 Annal.
1440 2760 1571 2810 eccl.
1610 2760 1680 2809 ad
1717 2774 1766 2809 a.
1800 2759 1869 2809 D.
1895 2762 1976 2809 33.
2002 2760 2046 2821 1,
2073 2761 2188 2809 381.
2228 2760 2290 2809 B.
2317 2759 2662 2825 Carpzovius,

210 2848 357 2893 annot.
366 2846 477 2895 XV.
493 2844 564 2895 ad
582 2844 918 2909 Schickardi,
937 2846 1023 2895 ius
1042 2847 1247 2910 regium
1256 2846 1627 2897 Hebraeorum
1653 2846 1821 2896 theor.
1843 2848 1942 2909 14„
1963 2848 2019 2895 in
2031 2845 2306 2895 Thesauro
2316 2845 2535 2911 Ugolini
2544 2847 2662 2909 XX,

210 2930 303 2978 «328.
336 2930 389 2981 C.
414 2932 565 2995 Iken,
592 2932 721 2983 diss.
748 2932 835 2997 ph.
860 2932 934 2982 th.
961 2932 1113 2982 Leid.
1143 2935 1293 2984 1749.
1318 2933 1389 2995 11,
1416 2934 1534 2983 517.
1570 2948 1613 2983 s.
1654 2932 1798 2982 Diss.
1823 2932 1879 2981 11
1914 2932 1982 2982 de
2015 2938 2175 2997 temp.
2211 2932 2404 2983 celebr.
2443 2948 2478 2982 a
2513 2931 2662 2983 Serv.

211 3014 285 3063 ult.
306 3032 445 3067 coen.
480 3018 641 3069 Pasc.
664 3018 755 3067 Fr.
780 3019 985 3081 Lflcke,
1012 3019 1279 3077 Commii.
1295 3018 1673 3069 d.Ev.Joann.
1699 3018 1769 3081 11,
1793 3020 1908 3069 735.
1918 3034 1960 3067 s.
1996 3018 2284 3082 Friedlieb,
2309 3018 2660 3084 Archaeolog.

212 3099 249 3149 d.
278 3102 329 3150 L.
366 3122 417 3170 p.
451 3106 537 3155 96.
584 3105 825 3167 Ebrard,
865 3105 963 3154 das
998 3106 1101 3155 Ev.
1128 3105 1222 3155 des
1244 3105 1335 3155 Jo.
1367 3122 1418 3171 p.
1448 3106 1563 3155 160.
1590 3122 1633 3155 s.
1681 3105 1751 3154 H.
1787 3104 1854 3153 A.
1885 3105 1972 3153 W.
2004 3104 2206 3169 Meyer,
2239 3106 2340 3153 Ev.
2377 3105 2428 3155 d.
2461 3106 2658 3155 Joann.

210 3202 249 3250 p·
270 3190 370 3239 468.
396 3208 439 3241 s.
482 3191 625 3253 Keil,
650 3191 866 3241 Handb.
895 3191 944 3241 d.
970 3191 1099 3241 bibl.
1123 3191 1373 3242 Archaol.
1396 3192 1468 3253 11,
1495 3193 1613 3242 258.
1641 3208 1682 3242 s.
1724 3190 1795 3243 M.
1821 3192 2022 3256 Dupin,
2047 3190 2084 3241 J
2087 3206 2210 3241 esus
2235 3191 2432 3241 devant
2457 3190 2660 3256 Caiphe

212 3281 253 3321 et
280 3274 455 3328 Pilate.
489 3294 543 3342 p.
570 3279 653 3327 67.
704 3278 757 3327 J.
788 3279 1032 3344 Langen,
1070 3277 1157 3328 die
1190 3279 1387 3328 letzten
1420 3277 1762 3343 Lebenstage
1799 3276 1948 3326 Jesu.
1986 3293 2038 3342 p.
2063 3279 2180 3327 254.
2207 3292 2250 3327 s.
2292 3278 2528 3327 Praeivit
2559 3277 2663 3327 hac

210 3362 423 3425 opinione
440 3380 483 3415 s.
497 3363 743 3415 «Ioannes
755 3364 1183 3429 Chrysostomus,
1202 3364 1381 3415 homil.
1400 3366 1460 3414 in
1475 3364 1511 3415 J
1515 3379 1672 3415 oann.
1688 3363 1988 3423 LXXXIII,
2011 3366 2060 3413 3.
2085 3363 2228 3425 vm,
2253 3364 2372 3413 494.
2393 3364 2657 3413 scribens:

213 3445 325 3500 .Sed
346 3466 433 3501 cur
458 3452 563 3517 ipsi
601 3466 724 3501 eum
748 3467 856 3501 non
880 3451 1191 3501 occiderunt
1222 3452 1317 3500 sed
1355 3451 1424 3501 ad
1448 3451 1678 3501 Pilatum
1705 3452 2005 3501 duxerunt?
2040 3450 2164 3501 Jam
2185 3449 2410 3499 multum
2435 3450 2568 3515 ipsis
2593 3450 2660 3499 de

212 3540 416 3597 potentia
463 3543 519 3588 et
564 3536 635 3587 de
678 3538 901 3603 imperio
939 3538 1174 3587 decisum
1200 3541 1330 3601 erat,
1357 3554 1475 3588 cum
1511 3537 1766 3588 Romanis
1792 3539 1970 3587 omnia
2003 3538 2246 3601 subiecta
2279 3542 2506 3587 essent.“
2551 3538 2660 3587 Nos

212 3636 387 3688 quoqne
420 3624 561 3675 hanc
596 3626 917 3674 sententiam
953 3625 1107 3675 alteri
1131 3624 1479 3689 praeferimus
1502 3629 1804 3689 propterea,
1831 3623 1974 3689 quod
1997 3624 2034 3673 J
2037 3624 2196 3673 udaei
2220 3643 2269 3676 a.
2297 3625 2656 3673 autonomiam

214 3722 263 3757 so
290 3716 511 3777 tempore
546 3714 655 3763 iam
678 3726 787 3762 non
810 3711 1106 3775 habebant,
1142 3711 1237 3761 sed
1270 3712 1582 3762 amiserant:
1620 3717 1682 3761 ut
1703 3725 1884 3761 coram
1907 3710 2082 3761 Pilato
2121 3710 2440 3760 confitentur
2461 3711 2658 3760 Joann.

214 3796 385 3859 18,31.,
409 3805 463 3849 et
485 3801 603 3864 ipse
628 3798 835 3851 Pilatus
862 3801 943 3860 19,
973 3800 1055 3849 10.
1082 3798 1226 3849 dicit.
1253 3798 1335 3848 cf.
1358 3798 1500 3849 Hist.
1523 3798 1587 3847 R.
1613 3797 1682 3847 D.
1707 3798 1770 3847 V.
1797 3797 1859 3846 Τ.
1885 3813 1937 3862 p.
1964 3798 2080 3847 577.
2101 3812 2142 3845 s.
2169 3797 2424 3847 Poterant
2448 3796 2658 3861 quidem

212 3881 265 3929 in‘
284 3890 583 3936 stamtorum
620 3900 839 3936 suorum
874 3890 1296 3950 transgressores
1345 3884 1772 3934 animadvertere
1808 3883 1928 3933 coll.
1971 3883 2088 3933 Act.
2123 3886 2172 3946 5,
2211 3886 2292 3933 18.
2327 3885 2410 3933 40.
2458 3885 2540 3944 16,
2575 3885 2658 3931 22.

216 3966 269 4017 Π.
299 3969 408 4021 Cor.
446 3976 527 4035 11,
566 3974 681 4035 24.;
718 3972 817 4023 sed
849 3978 1019 4023 morte
1056 3971 1288 4038 plectere
1327 3986 1419 4021 eos
1456 3986 1566 4021 non
1598 3974 1863 4036 poterant.
1905 3970 2044 4019 Nam
2079 3970 2224 4034 quod
2253 3984 2294 4019 s.
2331 3968 2658 4034 Stephanum

218 4052 511 4122 hpidamnt,
546 4060 606 4110 in
642 4058 901 4121 tumultu,
947 4074 1044 4124 per
1089 4059 1232 4108 viam
1279 4058 1409 4107 faeti
1457 4058 1633 4107 citra
1677 4057 1844 4105 iuris
1890 4056 2398 4121 competentiam
2447 4053 2658 4105 accidit.

218 4140 305 4191 Aet.
328 4145 369 4205 7,
388 4146 472 4195 57.
490 4147 575 4195 58.
602 4144 711 4195 Sed
747 4149 805 4194 et
836 4145 877 4197 b.
916 4161 981 4195 ex
1017 4160 1259 4195 sermone
1299 4144 1495 4193 Christi
1530 4158 1746 4209 quoque
1783 4145 1992 4191 constat
2024 4142 2198 4192 Pilato
2224 4156 2452 4205 superne
2479 4140 2658 4190 datam

218 4232 565 4295 auctoritatem,
602 4236 665 4281 ut
698 4232 745 4281 is
781 4231 964 4281 ultimo
1002 4232 1267 4297 supplicio
1302 4231 1361 4281 in
1396 4230 1548 4280 illum
1584 4228 2046 4279 animadverteret.
2095 4228 2292 4277 Joann.
2321 4228 2402 4288 19,
2432 4230 2513 4277 11.

389 4316 425 4383 ¹)
460 4318 767 4369 Haereseos
802 4318 1079 4384 falsaeque
1116 4318 1391 4387 doctrinae
1428 4318 1629 4367 crimen
1665 4316 1701 4365 J
1705 4331 1798 4365 esu
1837 4330 1942 4363 non
1978 4314 2279 4378 impingunt
2312 4312 2524 4376 Judaei,
2563 4313 2658 4363 sed

219 4398 479 4466 admoui„
531 4404 637 4455 hoc
683 4406 883 4470 quippe
928 4404 998 4454 ad
1042 4403 1277 4455 tribunal
1312 4404 1473 4453 Pilati
1510 4402 1834 4469 pertinebat,
1880 4400 2016 4450 illud
2055 4415 2162 4450 non
2197 4400 2376 4465 magni
2411 4400 2659 4449 momenti

220 4488 331 4549 apud
362 4491 657 4555 praesidem
694 4505 971 4541 romanum
1006 4491 1211 4542 fuisset.
1272 4490 1314 4556 ²)
1351 4492 1413 4551 Q.
1442 4490 1492 4540 d.
1529 4491 1796 4552 Quoniam
1831 4488 1929 4538 tibi
1964 4488 2184 4539 incessit
2214 4501 2281 4538 ea
2302 4488 2552 4553 suspicio,
2589 4500 2660 4536 an

221 4584 333 4635 vero,
367 4580 614 4642 quoniam
652 4577 748 4627 alii
784 4592 869 4627 me
903 4577 1007 4627 hoe
1042 4578 1263 4627 crimine
1298 4576 1690 4639 insimularunt,
1727 4576 1951 4626 hoccine
1989 4574 2238 4639 quaeris?
