3267 5259
636 428 721 493 84
1306 444 1419 485 nist.
1452 444 1558 485 Rev.
1586 444 1673 485 div.
1705 444 1760 486 N.
1787 444 1836 485 T.
1867 443 2034 487 Portos.
2065 444 2100 487 Ι.
2119 456 2212 495 esp.
2242 445 2444 497 primun.

635 616 945 700 magistro
972 618 1010 697 ¹,
1056 615 1391 681 adducunt
1434 619 1686 683 asinam
1741 620 2008 704 eiusque
2067 618 2346 705 pullum,
2389 643 2516 706 quo
2567 620 2907 687 substratis
2939 624 3087 709 Apo-

636 728 948 793 stolorum
991 728 1283 793 vestibus
1327 739 1557 795 vectus
1587 731 1784 796 Jesus
1823 732 1948 797 iter
1985 731 2432 817 Jerosolymas
2461 734 3000 819 prosequebatur,
3035 746 3090 799 ut

631 839 1013 927 impleretur
1056 840 1417 907 Zachariae
1464 844 1842 907 vaticinium
1886 866 2066 927 ,ecce
2097 844 2246 909 Rex
2289 856 2438 911 tuus
2485 848 2705 911 veniet
2747 846 2867 911 tibi
2919 850 3090 911 iustus

636 962 702 1017 et
762 952 1097 1037 Salvator,
1162 955 1303 1040 ipse
1362 976 1617 1041 pauper
1677 966 1744 1019 et
1801 956 2167 1021 ascendens
2225 980 2424 1044 super
2489 960 2739 1023 asinam
2801 970 2868 1025 et
2923 983 3091 1046 super

630 1064 877 1151 pullum
922 1064 1124 1131 filium
1172 1067 1438 1131 asinae!
1511 1067 1798 1131 Rumore
1845 1090 1966 1153 per
2005 1070 2314 1133 viciniam
2357 1093 2620 1157 sparso:
2679 1094 2841 1136 eece
2885 1095 3089 1158 appro-

629 1180 905 1264 pinquat
963 1177 1006 1243 J
1010 1200 1177 1262 esus,
1241 1180 1351 1264 qui
1408 1177 1664 1244 Lazaro
1725 1182 1928 1245 vitam
1993 1182 2307 1265 restituit,
2367 1183 2670 1268 misitque
2733 1206 2908 1247 nunc
2967 1207 3088 1247 suos

628 1290 901 1376 legatos,
934 1301 1005 1355 nt
1033 1294 1392 1356 iumentum
1424 1292 1564 1376 sibi,
1598 1292 1828 1357 urbem
1865 1295 2204 1359 introituro
2251 1306 2586 1380 peterent;
2631 1298 2868 1380 ingens
2911 1296 3088 1359 multi-

628 1402 788 1467 tudo
822 1406 1025 1489 portis
1054 1406 1180 1469 vici
1216 1406 1478 1488 effusa2,
1527 1428 1676 1469 cum
1724 1403 2052 1470 Christum
2083 1408 2286 1489 asino,
2319 1406 2784 1493 discipulorum
2831 1407 3088 1471 vestibus

630 1516 915 1603 ephippii
961 1519 1165 1582 instar
1210 1527 1458 1601 ornato,
1503 1528 1768 1582 vectum
1813 1518 2068 1583 viderat
2107 1520 2165 1583 ei
2203 1522 2504 1585 occurrit.
2571 1520 2929 1585 Exuebant
2961 1520 3088 1583 laeti

628 1628 827 1715 pallia
870 1652 1009 1713 sua,
1040 1631 1249 1715 iisque
1294 1632 1466 1693 viam
1514 1629 1910 1714 sternebant,
1946 1654 2078 1717 qua
2119 1633 2242 1696 iter
2279 1632 2572 1696 facturus
2605 1636 2824 1716 erat33
2869 1635 3088 1697 interea

626 1825 1047 1891 ingrederentur,
1074 1830 1127 1874 et
1150 1830 1276 1885 tum,
1304 1841 1423 1875 cum
1454 1824 1740 1887 solverent,
1780 1825 2048 1874 dominum
2075 1826 2484 1875 reclamaturum
2507 1827 2752 1891 primum,
2779 1826 3086 1892 postmodum

625 1928 981 1975 assensurum,
1018 1912 1178 1979 idque
1216 1913 1458 1978 quamvis
1494 1913 1680 1976 ignota
1703 1928 1812 1961 non
1837 1918 1952 1961 erat
1981 1914 2106 1977 pagi
2141 1913 2330 1962 incolis
2369 1912 2604 1978 synedrii
2640 1913 2706 1962 de
2743 1912 3084 1963 interficiendo

626 1999 835 2050 Christo
873 2000 1152 2049 sententia.

838 2085 874 2153 ¹)
912 2087 1085 2137 Dictis
1129 2100 1231 2137 sua
1276 2086 1423 2137 fides.
1486 2085 1621 2136 Cum
1659 2088 1837 2137 statim
1875 2086 1945 2135 ad
1979 2100 2175 2152 pagum
2211 2086 2588 2152 procederent,
2627 2088 2704 2137 ita
2738 2087 2898 2152 plane
2933 2087 3089 2135 omnia

623 2174 968 2223 inveniebant
1014 2175 1093 2223 uti
1136 2175 1389 2238 magister
1424 2173 1772 2223 indicaverat.
1845 2172 1949 2234 Illi,
1988 2175 2079 2239 qui
2115 2173 2321 2238 legates
2357 2172 2491 2223 Jesu
2537 2174 2797 2240 impedire
2841 2173 3085 2233 volebant,

624 2262 907 2326 quominus
934 2260 1187 2310 animalia
1210 2277 1391 2311 secum
1425 2260 1697 2323 ducerent,
1731 2260 1914 2309 audito
1950 2260 2036 2309 τοῦ
2073 2256 2240 2327 κυρίου
2275 2260 2526 2310 mandato
2565 2262 2746 2311 statim
2783 2260 3088 2310 desistebant

622 2348 689 2397 ab
736 2349 825 2410 iis,
870 2349 1153 2413 asinosque
1190 2347 1461 2412 Apostolis
1506 2346 1851 2397 adducendos
1896 2346 2196 2397 tradebant..
2271 2346 2312 2412 ²)
2365 2348 2484 2397 Non
2521 2348 2836 2397 incredibile
2872 2352 2976 2407 est,
3021 2347 3084 2393 eis

621 2434 927 2485 interfuisse
965 2436 1137 2500 ipsum
1174 2436 1445 2485 asinorum
1482 2433 1776 2496 (lominum,
1815 2434 1904 2499 qui
1943 2434 1987 2483 si
2025 2434 2160 2483 sorte
2195 2448 2306 2483 una
2342 2448 2462 2483 cnm
2497 2433 2736 2484 laetante
2761 2434 2920 2484 turba
2951 2434 3084 2483 Jero·

620 2520 851 2586 solymas
897 2522 1168 2587 ingressus
1214 2525 1319 2583 est,
1356 2522 1473 2586 ipse
1520 2520 1798 2581 animalia,
1834 2526 2118 2586 postquam
2153 2522 2218 2571 iis
2259 2537 2388 2571 usus
2427 2520 2603 2570 fuerat
2639 2521 2898 2581 Christus,
2933 2520 3086 2586 potuit

619 2607 969 2673 Bethphagen
988 2608 1257 2658 reducere.
1276 2607 1559 2672 Discipuli,
1575 2624 1682 2672 quo
1703 2608 2031 2657 commodius
2049 2608 2308 2657 Dominus
2328 2608 2629 2670 veheretur,
2644 2610 2854 2673 utrique
2873 2609 3084 2657 iumento

618 2700 795 2745 vestes
832 2695 1178 2757 immiserunt,
1216 2700 1335 2743 utro
1372 2695 1627 2757 magister
1662 2695 1742 2743 uti
1777 2693 1942 2743 vellet
1975 2695 2290 2757 nescientes,
2325 2695 2532 2759 ipsique
2570 2695 2686 2745 eius
2724 2697 2802 2745 rei
2839 2696 3084 2759 optionem

618 2782 999 2847 relinquentes.
1051 2780 1293 2831 Christus
1326 2780 1531 2845 pullum
1566 2780 1773 2845 selegit,
1801 2781 2036 2830 nondum
2073 2780 2318 2831 humanis
2357 2780 2544 2831 usibus
2579 2782 2956 2847 mancipatum,
2989 2780 3086 2829 sive

622 2868 897 2932 iniugium.
958 2868 1213 2916 Jumenta
1258 2868 1461 2932 iniugia
1504 2867 1575 2917 ad
1618 2883 1750 2919 usus
1799 2882 1982 2917 sacros
2027 2866 2270 2917 adhiberi
2314 2866 2575 2917 solebant.
2635 2868 2718 2917 Cf.
2753 2868 2780 2917 1
2801 2868 2930 2933 Reg.
2963 2870 3014 2929 6,
3047 2867 3088 2913 7.

618 2954 853 3015 Homeri,
880 2953 1032 3003 Iliad.
1060 2954 1132 3015 2.,
1160 2956 1243 3004 93.
1272 2956 1356 3004 94.
1406 2953 1640 3018 Virgilii,
1665 2954 1912 3015 Aen..VI,
1939 2955 2022 3003 38.
2061 2953 2254 3018 Georg.
2281 2954 2372 3015 IV,
2399 2954 2516 3003 540.
2557 2952 2739 3003 Ovidii
2767 2954 2975 3003 Metam.
3000 2952 3084 3009 111,

620 3042 701 3091 10.
738 3041 1005 3091 Historias
1032 3054 1165 3105 quas
1190 3046 1493 3101 tractamus,
1514 3040 1804 3089 referentes
1823 3057 1866 3090 s.
1885 3040 2189 3090 Matthaeus
2215 3045 2268 3089 et
2291 3057 2332 3090 s.
2351 3040 2388 3089 J
2392 3054 2594 3091 oannes
2619 3040 2797 3090 locum
2823 3040 3082 3106 quemdam

616 3128 679 3177 V.
716 3128 777 3177 T.
812 3129 1003 3189 citant,
1050 3142 1158 3177 non
1204 3128 1470 3192 adscripto
1525 3128 1764 3188 nomine,
1812 3128 1966 3177 cuius
2011 3128 2096 3177 sit.
2168 3127 2281 3176 Nec
2325 3126 2546 3177 dubium
2594 3131 2775 3177 tamen
2824 3134 2931 3188 est,
2975 3126 3085 3190 quin

616 3215 908 3265 Zachariae
934 3214 1243 3263 vaticinium
1268 3214 1301 3263 l.
1322 3230 1364 3263 s.
1384 3230 1429 3265 c.
1455 3213 1830 3277 intellexerint,
1858 3228 1980 3263 cum
2003 3213 2283 3278 utriusque
2308 3213 2540 3279 allegato
2566 3215 2728 3263 unice
2765 3214 3084 3263 conveniens.

614 3302 853 3351 Judaeos
908 3301 1067 3351 Zach.
1115 3305 1171 3364 9,
1214 3303 1264 3351 9.
1330 3301 1605 3351 oraculum
1670 3300 2014 3366 adimpletum
2074 3315 2182 3349 non
2235 3305 2589 3365 agnoscentes
2649 3300 3086 3367 reprehenderunt

614 3404 657 3438 s.
680 3388 931 3438 Justinus
966 3388 1056 3451 M„
1092 3387 1247 3453 Apol.
1272 3387 1313 3451 1,
1340 3388 1423 3437 36.
1448 3403 1501 3452 p.
1526 3388 1625 3449 90„
1654 3402 1696 3436 s.
1743 3385 2087 3449 Athanasius,
2111 3386 2168 3436 in
2197 3386 2332 3436 illud
2367 3386 2555 3436 Matth.
2587 3389 2672 3448 21,
2699 3389 2750 3436 2.
2787 3387 3006 3452 profecti
3037 3386 3086 3432 in

612 3488 826 3539 pagum.
850 3492 903 3525 n.
930 3477 980 3525 6.
1004 3474 1073 3538 11,
1102 3475 1183 3524 77.
1208 3490 1250 3525 s.
1288 3478 1343 3523 et
1365 3490 1407 3523 s.
1432 3473 1674 3523 Joannes
1701 3471 2124 3537 chrysostomus,
2151 3471 2288 3523 hom.
2315 3473 2371 3521 in
2395 3471 2584 3523 Matth.
2609 3472 2804 3536 LXVI,
2833 3476 2879 3523 1.
2903 3490 2953 3538 p.
2979 3474 3085 3521 654.

613 3561 790 3611 Dicite
834 3560 977 3611 filiae
1026 3560 1178 3623 Sion,
1214 3562 1271 3609 in
1318 3559 1500 3611 dativo
1544 3560 1605 3627 τῇ
1652 3556 1854 3627 θυγατρὶ
1888 3556 2042 3621 Σιών,
2080 3561 2115 3608 i.
2151 3575 2196 3609 e.
2235 3559 2424 3609 incolis
2459 3558 2790 3623 Jerusalem,
2841 3575 2963 3610 ecce
3004 3572 3086 3607 rex

614 3652 736 3697 tuns
772 3648 921 3698 venit
954 3647 1053 3697 tibi
1085 3652 1395 3699 mansuetus
1430 3646 1623 3699 sedens
1661 3662 1824 3712 super
1861 3647 2082 3709 asinam,
2109 3652 2164 3697 et
2192 3645 2398 3711 pullum
2433 3645 2529 3695 filii
2563 3646 2882 3713 subiugalis.
2916 3644 3086 3695 Matth.

614 3736 697 3797 21,
736 3736 785 3784 6.
832 3734 1025 3785 Utrum
1062 3733 1305 3784 Christus
1350 3732 1655 3783 alternatim
1700 3734 1884 3783 asinae
1923 3738 1976 3783 et
2010 3732 2158 3798 pullo
2207 3732 2465 3783 insederit
2501 3735 2930 3785 controvertitur.
2987 3732 3083 3781 Nec
3180 3788 3181 3791 Ἴ

612 3820 1026 3872 affirmantibus:
1054 3837 1099 3873 e.
1119 3838 1168 3887 g.
1188 3820 1423 3887 origeni,
1442 3821 1499 3871 in
1515 3820 1616 3869 Ev.
1636 3820 1824 3869 Matth.
1845 3834 2032 3869 comm.
2050 3824 2176 3869 tom.
2196 3818 2340 3881 XVI,
2363 3820 2444 3869 17.
2465 3818 2548 3869 ed.
2591 3819 2802 3871 Lomm.
2829 3820 2920 3883 IV,
2943 3822 3022 3869 52.
3045 3832 3081 3866 s.
3180 3830 3181 3861 ÷

608 3907 925 3973 Augustino,
962 3907 1019 3958 in
1054 3906 1251 3957 Joann.
1276 3912 1339 3956 tr.
1363 3906 1455 3969 LI,
1482 3909 1530 3956 ὅ.
1557 3923 1609 3972 p.
1636 3908 1754 3957 636.
1780 3920 1822 3959 s.
1871 3906 2227 3970 Hieronymo,
2262 3906 2318 3955 in
2351 3904 2404 3955 h.
2429 3905 2465 3955 1.
2490 3922 2542 3971 p.
2569 3908 2705 3969 160„
2743 3922 2876 3957 suae
2912 3906 3086 3955 desunt

610 3995 846 4044 rationes
892 3995 1193 4059 cumprimis
1240 3993 1513 4058 mysticae.
1564 3994 1646 4042 Cf.
1680 3991 2167 4058 Theophylactum,
2207 3991 2276 4042 ad
2312 3991 2362 4042 h.
2398 3992 2432 4045 l.
2457 4009 2510 4059 p.
2548 3995 2664 4047 120.
2713 3994 2864 4043 Idem
2899 3991 3086 4059 placuit

610 4096 823 4146 quoque
857 4079 1177 4141 Fritzschio,
1216 4080 1285 4128 ad
1309 4079 1361 4129 h.
1386 4077 1422 4131 1.
1448 4096 1499 4144 p.
1526 4081 1644 4129 631.
1693 4078 1806 4129 Nos
1831 4094 1948 4129 cum
1974 4079 2133 4144 longe
2157 4078 2398 4144 plurimis
2433 4080 2816 4145 interpretibus
2852 4086 3086 4145 putamus
3180 4090 3181 4093 ¹

607 4166 795 4219 Matth.
858 4168 941 4229 21,
994 4167 1039 4215 7.
1090 4161 1360 4215 ἐπεκάθισεν
1424 4161 1583 4215 ἐπάνω
1639 4160 1826 4225 αὐτῶν,
1873 4169 2229 4231 congruenter
2277 4166 2532 4231 explicari
2603 4181 2766 4231 posse
2815 4166 3082 4229 enallagen

606 4254 841 4315 numeri,
892 4266 1001 4318 qua
1043 4251 1287 4317 pluribus
1330 4250 1605 4301 indefinite
1641 4252 1914 4314 tribuitur,
1951 4250 2096 4317 quod
2132 4253 2226 4301 uni
2273 4267 2456 4301 eorum
2491 4253 2758 4303 convenit.
2819 4253 2920 4303 Est
2959 4252 3084 4301 enim
3180 4266 3181 4269 ¹

606 4338 857 4404 frequens
894 4340 949 4388 in
976 4338 1029 4389 S.
1056 4338 1107 4389 S.
1143 4343 1194 4388 et
1220 4338 1367 4403 apud
1400 4339 1576 4404 ipsum
1612 4354 1654 4387 s.
1679 4337 1866 4387 Matth.
1893 4340 1978 4400 26,
2003 4339 2053 4387 8.
2081 4340 2163 4401 27,
2191 4341 2274 4388 44.
2307 4338 2568 4389 eiusmodi
2599 4337 2859 4403 loquendi
2893 4338 3084 4389 modus.

611 4425 969 4485 Quamobrem
996 4429 1051 4475 et
1073 4424 1323 4475 Ecclesia
1346 4425 1491 4474 canit
1512 4426 1569 4474 in
1594 4440 1669 4475 or.
1693 4424 1756 4474 O.
1780 4440 1822 4474 s.
1840 4424 1908 4473 D.
1931 4426 2024 4489 qui
2041 4424 2110 4474 D.
2130 4425 2195 4474 N.
2213 4425 2265 4475 J.
2288 4424 2346 4473 C.
2373 4439 2569 4490 super
2599 4425 2847 4491 pullum
2873 4427 3086 4475 asinae

609 4511 797 4562 sedere
850 4510 1043 4562 fecisti.
1124 4510 1166 4575 ³)
1220 4512 1307 4561 Ita
1358 4509 1615 4561 volebant
1668 4526 1733 4560 ex
1789 4510 2024 4561 Orientis
2078 4511 2388 4575 praesertim
2443 4511 2834 4562 consuetudine
2889 4511 3085 4561 Christo
3180 4554 3181 4561 ,

606 4598 877 4665 singulare
912 4598 1133 4649 honoris
1170 4602 1225 4647 et
1258 4598 1616 4647 venerationis
1653 4598 2010 4647 testimonium
2049 4597 2222 4648 edere.
