3267 5259
1198 434 1435 475 concinam
1464 434 1785 484 Apoetoiorum.
2617 422 2744 485 351

244 618 315 673 et
357 605 643 671 tumultu
686 609 1053 671 miscerent.
1129 606 1305 671 Hinc
1348 606 1553 672 Paulo
1615 616 1680 671 et
1723 606 2113 671 Barnabae¹
2175 608 2560 692 gravissima
2606 616 2750 673 orta

246 730 349 784 est
394 719 805 805 disceptatio,
855 718 1023 783 Cum
1066 718 1464 785 Antiocheni
1506 719 1686 784 litem
1733 742 2128 805 componere
2161 743 2294 784 non
2324 722 2686 805 potuissent
2701 722 2746 804 ²,

242 835 403 898 iussi
483 842 635 897 sunt
710 832 953 897 Paulus
1028 842 1095 897 et
1171 831 1512 897 Barnabas
1598 831 2021 918 nonnullique
2095 856 2246 898 cum
2325 834 2480 918 ipsis
2503 835 2557 915 3,
2639 831 2748 896 alii

244 948 407 1011 item
452 968 603 1010 cum
632 948 709 1009 iis
742 948 853 1031 qui
884 969 1073 1011 secus
1110 944 1481 1010 sentiebant
1516 947 1667 1009 viris
1687 949 1730 1027 ⁴,
1779 944 2223 1031 Jerosolymas
2269 945 2356 1010 ad
2389 944 2744 1031 Apostolos

244 1060 362 1141 ire,
413 1068 485 1123 ut
531 1081 617 1123 ex
666 1081 891 1123 eorum
938 1060 1263 1123 sententia
1310 1057 1755 1123 controversia
1801 1057 2212 1123 dirimeretur
2233 1062 2273 1121 ⁵.
2330 1057 2745 1143 Metropolim

246 1171 706 1253 advenientes,
763 1173 1158 1236 invenerunt
1218 1170 1483 1235 easdem
1542 1171 1631 1236 ibi
1693 1170 1968 1257 gliscere
2025 1172 2510 1253 contentioneS,
2575 1194 2744 1257 quae

246 1284 429 1349 domi
488 1283 853 1349 fervebant.
929 1284 1171 1349 Paulus
1230 1285 1425 1368 igitur
1475 1285 1757 1369 primum
1817 1284 2126 1348 mandata
2169 1284 2510 1348 Ecclesiae
2556 1284 2740 1350 Anti-

246 1396 545 1462 ochenae
607 1419 827 1461 coram
887 1398 1259 1483 proposuit,
1326 1396 1565 1461 deinde
1624 1420 1782 1462 vero
1845 1398 2111 1483 privatis
2174 1396 2512 1482 colloquiis
2575 1420 2740 1480 eam,

246 1531 384 1595 qua
437 1509 713 1594 gentiles
768 1507 1092 1574 imbueret
1147 1508 1511 1573 doctrinam
1569 1508 1903 1596 Apostolis
1963 1512 2484 1575 communicavit.
2563 1510 2742 1597 Apo-

245 1620 395 1686 stoli
460 1623 535 1705 ii,
598 1622 709 1707 qui
767 1622 1055 1686 maxima
1112 1620 1490 1707 gaudebant
1552 1624 1938 1687 auctoritate
1997 1621 2259 1705 Petrus,
2321 1622 2614 1688 Jacobus
2679 1634 2744 1688 et

242 1735 569 1817 Joannes,
630 1757 779 1799 cum
838 1733 1315 1799 intellexissent
1372 1734 1650 1798 Paulum
1705 1759 1840 1801 non
1900 1758 2090 1799 secus
2151 1759 2190 1800 a
2250 1736 2398 1801 Deo
2462 1736 2742 1801 destina-

242 1858 386 1913 tum
434 1870 597 1929 esse,
646 1848 755 1933 qui
794 1845 1142 1932 gentilibus
1172 1846 1603 1932 Evangelium
1640 1847 1947 1931 adferret,
1995 1870 2073 1911 ac
2103 1848 2300 1913 Petro
2334 1848 2738 1914 Judaeorum

242 1961 562 2025 institutio
610 1962 955 2024 commissa
1000 1969 1199 2024 esset:
1248 1969 1497 2024 tantum
1545 1959 1766 2043 abest,
1843 1971 1916 2025 ut
1977 1962 2100 2046 ipsi
2148 1960 2504 2047 quidquam
2547 1963 2617 2025 in
2662 1984 2742 2026 ea

244 2072 549 2137 doctrina
592 2072 1191 2158 reprehendissent,
1261 2075 1418 2159 quin
1482 2073 1790 2139 dexteras
1839 2084 1904 2139 et
1947 2075 2068 2160 ipsi
2131 2084 2197 2138 et
2247 2073 2625 2158 Barnabae,
2673 2077 2739 2139 in

244 2188 723 2251 communionis
796 2188 1263 2269 testimonium,
1340 2186 1682 2251 dederunt.
1773 2187 1871 2251 Ne
1941 2197 2160 2251 autem
2229 2186 2340 2251 ulli
2404 2187 2738 2253 hominum

242 2298 697 2364 Redemtionis
769 2300 1085 2365 beneficio
1147 2302 1615 2383 eximerentur,
1687 2303 1855 2366 inter
1919 2301 2275 2388 Apostolos
2343 2312 2738 2367 conventum

246 2424 383 2476 est:
460 2421 535 2476 ut
592 2412 836 2477 Paulus
899 2436 1047 2477 cum
1093 2412 1405 2479 Barnaba
1448 2415 1779 2499 gentibus,
1855 2415 2088 2480 Petrus
2133 2438 2290 2481 vero
2336 2414 2629 2482 Jacobus
2676 2424 2742 2480 et

244 2525 289 2590 J
296 2548 547 2590 oannes
624 2527 1021 2591 circumcisis
1080 2526 1513 2613 Evangelium
1574 2527 2032 2614 praedicarent
2055 2532 2098 2591 ⁶.
2187 2523 2349 2593 Non‘
2397 2536 2740 2592 contentus

242 2648 469 2702 autem
512 2638 759 2703 Paulus
806 2639 898 2704 sic
942 2641 1245 2727 privatim
1295 2663 1443 2705 cum
1488 2640 1840 2726 Apostolis,
1889 2643 1999 2725 qui
2045 2642 2285 2726 primas
2331 2642 2396 2704 in
2441 2638 2742 2704 Ecclesia

240 2749 563 2816 tenebant
588 2754 1125 2835 communicasse,
1159 2751 1441 2817 instabat
1465 2752 1809 2819 concilium
1836 2753 1922 2817 ad
1945 2757 2120 2818 rem⁷
2151 2755 2463 2817 maturius
2496 2774 2740 2839 expen-

244 2863 535 2928 dendam
593 2888 851 2949 cogere.
922 2865 1169 2931 Coacto
1216 2868 1281 2930 in
1327 2889 1528 2930 unum
1576 2866 2072 2952 Apostolorum,
2134 2888 2282 2931 cum
2341 2864 2740 2951 presbyteris

243 2977 521 3063 aliisque
560 2978 899 3043 Ecclesiae
944 2978 1133 3043 huius
1180 2978 1357 3044 urbis
1404 2979 1751 3045 fidelibus⁸
1803 2978 2098 3060 concilio,
2147 2978 2388 3043 Paulus
2431 3001 2539 3043 res
2585 3000 2626 3042 a
2669 3000 2740 3043 se

244 3092 419 3154 inter
441 3102 670 3175 gentes
695 3102 915 3177 gestas
937 3091 1157 3178 palam
1182 3095 1483 3157 narravit.
1522 3091 1728 3173 Queis
1755 3094 2070 3179 expositis
2094 3091 2431 3178 magnalis
2458 3102 2600 3157 orta
2624 3100 2739 3156 est.

244 3202 677 3268 Judaizantes
725 3226 985 3269 omnem
1030 3228 1298 3270 movere
1346 3204 1651 3290 lapidem,
1699 3216 1772 3269 ut
1817 3208 2210 3292 quicumque
2257 3204 2494 3269 Christi
2539 3204 2740 3268 fidem

465 3398 503 3463 ¹)
528 3398 631 3459 Qui
658 3412 875 3449 causam
899 3398 1577 3449 Ethnico·Christianorum
1602 3414 1696 3462 pro
1722 3399 1924 3448 viribus
1951 3398 2202 3448 tuendam
2222 3399 2276 3448 in
2295 3413 2354 3449 se
2373 3404 2741 3463 susceperunt.

246 3484 290 3549 ²)
330 3484 683 3537 Revelatione
710 3484 963 3537 divinitus
988 3487 1150 3537 facta.
1212 3485 1253 3550 ⁸)
1290 3485 1381 3535 Uti
1406 3485 1599 3547 Titum,
1633 3500 1792 3551 quem
1817 3486 1884 3535 ab
1912 3486 2055 3535 avito
2080 3485 2341 3537 idolorum
2369 3486 2516 3536 cultu
2541 3485 2742 3537 Paulus

245 3578 591 3621 avocaverat.
652 3573 695 3633 ⁴1
735 3571 1037 3638 Aequitatis
1070 3574 1276 3623 ratione
1310 3572 1367 3621 id
1392 3571 1736 3638 efflagitante.
1795 3574 1838 3637 ι5)
1864 3575 1980 3623 Act.
2011 3576 2091 3635 15,
2122 3575 2202 3623 12.
2243 3573 2361 3623 Gal.
2389 3576 2438 3636 2,
2469 3576 2548 3623 12.
2607 3572 2741 3622 Cum

245 3656 417 3723 legati
456 3674 550 3724 per
573 3658 918 3709 Phoeniciam
956 3665 1009 3710 et
1034 3658 1327 3743 Samariam
1364 3658 1789 3725 proficiscuntur,
1825 3660 2194 3725 Ecclesiisque
2231 3661 2305 3710 ibi
2343 3662 2744 3711 conversionem

247 3746 491 3810 gentium
518 3751 893 3811 exposuerunt,
920 3746 1107 3797 harum
1131 3745 1315 3796 fideles
1342 3760 1543 3795 summo
1570 3746 1768 3811 gaudio
1795 3746 1972 3796 affecti
1997 3752 2135 3797 sunt.
2172 3748 2289 3797 Act.
2321 3750 2399 3810 15,
2427 3750 2474 3797 3.
2537 3748 2577 3812 ⁶)
2616 3744 2741 3811 Opi-

134 3848 147 3855 ·
248 3837 453 3881 uantur
474 3833 733 3895 nonnulli,
758 3834 845 3883 hic
870 3834 957 3899 agi
983 3833 1049 3883 de
1076 3832 1305 3899 quadam
1330 3848 1491 3882 curae
1518 3836 1571 3882 et
1594 3833 1878 3898 patrocinii
1904 3833 2188 3897 division03
2218 3835 2372 3900 quasi
2397 3833 2742 3883 constitutum

248 3920 429 3980 fuerit,
468 3924 529 3969 ut
552 3920 743 3970 Petrus
779 3911 1075 3981 Hebraeos,
1112 3920 1315 3970 Paulus
1341 3925 1527 3985 gentes
1564 3924 1882 3985 protegeret.
1945 3919 2050 3970 Sed
2077 3925 2279 3970 attento
2307 3924 2559 3969 contextu
2590 3918 2744 3969 doce-

248 4013 366 4057 tur:
394 4020 442 4055 a.
468 4006 569 4056 Dei
594 4008 850 4058 mittentis
876 4008 1207 4059 voluntatem
1230 4007 1286 4056 id
1312 4008 1491 4065 fuisse,
1521 4006 1571 4055 b.
1598 4021 1640 4055 s.
1661 4022 1703 4056 s.
1724 4006 1940 4055 Petrum
1961 4009 2014 4055 et
2033 4006 2258 4055 Paulum
2283 4008 2422 4056 inter
2441 4021 2498 4056 se
2518 4006 2744 4071 partitos

249 4108 375 4143 esse
414 4108 621 4159 operas.
660 4092 1020 4160 Supponimus
1059 4094 1202 4159 quod
1238 4092 1345 4143 alio
1383 4092 1503 4143 loco
1542 4092 1960 4143 demonstratum
1990 4093 2183 4143 ivimus
2213 4094 2329 4143 Act.
2358 4094 2439 4155 15,
2465 4094 2514 4144 4.
2555 4090 2672 4142 Gal.
2693 4094 2742 4155 2,

252 4182 445 4230 1—10.
504 4180 719 4231 easdem
773 4181 981 4231 narrari
1017 4180 1282 4230 historias.
1358 4178 1397 4244 7)
1432 4180 1516 4229 De
1555 4194 1662 4245 qua
1700 4178 1942 4229 Christus
1977 4184 2204 4229 mentem
2243 4194 2392 4229 suam
2427 4194 2536 4229 non
2561 4183 2743 4245 aperte

250 4266 635 4333 explicaverat.
709 4266 751 4332 ⁸)
791 4268 938 4329 Quos
974 4266 1316 4333 presbyteros
1356 4266 1415 4316 C.
1453 4265 1835 4327 Bellarminus,
1884 4265 2220 4315 Controvers.
2274 4266 2338 4315 de
2389 4264 2646 4315 Conciliis
2693 4270 2746 4315 et

250 4352 523 4416 Ecclesia,
550 4353 592 4415 1,
622 4356 703 4405 16.
730 4354 813 4403 ed.
840 4354 973 4403 Ven.
1005 4354 1155 4403 1721.
1186 4353 1256 4416 ΙΙ,
1288 4355 1366 4403 15.
1406 4352 1736 4403 demonstrat
1769 4353 1934 4402 fuisse
1980 4351 2396 4412 sacerdotes,
2443 4368 2568 4401 non
2615 4353 2744 4419 epi-

248 4454 513 4507 scopos.
552 4439 821 4490 Observat
855 4454 1013 4505 porro
1061 4440 1145 4501 „in
1182 4441 1284 4491 isto
1324 4439 1563 4490 Concilio
1600 4439 1904 4490 interfuisse
1941 4438 2226 4504 Apostolos
2263 4444 2518 4505 tanquam
2541 4440 2746 4490 iudices

249 4527 321 4577 ad
363 4525 751 4587 definiendum,
806 4526 1146 4590 presbyteros
1185 4530 1361 4575 autem
1399 4526 1469 4575 ad
1506 4525 1938 4585 consultandum,
1995 4524 2206 4591 plebem
2253 4530 2430 4576 autem
2475 4542 2582 4576 non
2628 4542 2746 4577 esse

250 4619 529 4675 vocatam,
585 4612 681 4662 sed
720 4617 897 4662 tamen
936 4612 1170 4663 adfuisse
1208 4617 1260 4661 et-
1297 4614 1660 4675 consensisse,
1712 4628 1820 4663 non
1860 4612 2070 4677 quidem
2107 4611 2404 4664 definiendo
2442 4613 2528 4664 vel
2566 4612 2745 4679 dispu-
