3267 5259
1154 502 1439 543 chronotaxis
1465 502 1731 553 apostoliea.
2566 486 2688 535 XCI

217 685 412 739 attinet
456 702 526 739 ea
555 684 622 738 in
651 701 716 739 re
743 679 761 719 ¹
790 682 828 739 J
829 683 1040 757 osepho
1071 664 1280 741 Flavio
1308 682 1482 739 fidem
1513 682 1827 751 habemus;
1875 700 2123 758 eumque
2155 681 2487 756 Hegesippo
2518 701 2684 757 prae-

217 786 504 843 ferendum
535 805 656 842 esse
686 805 1003 844 censemus.
1036 786 1148 843 Sed
1179 788 1454 863 quoniam
1486 787 1630 844 haec
1658 784 1921 864 quaestio
1950 805 2082 843 cum
2116 786 2489 859 indagatione
2518 786 2679 855 anni,

215 909 318 967 quo
359 890 564 946 Festus
612 896 954 965 procurator
1000 896 1264 947 mortuus
1309 890 1411 961 sit,
1465 894 1532 947 ut
1577 889 1693 947 nisi
1743 891 1811 947 de
1853 891 1961 947 hoe
1992 889 2349 959 constiterit,
2396 889 2543 947 solvi
2578 890 2685 947 vix

217 995 412 1068 possin
459 999 600 1051 ante
641 992 843 1052 omnia
886 1013 1001 1072 quo
1033 999 1290 1069 tempore
1320 994 1525 1051 Festus
1555 994 1713 1051 diem
1742 1013 1913 1051 suum
1944 992 2196 1051 obierit?
2239 993 2678 1067 investigemus.

215 1097 448 1155 Felicem
465 1103 604 1155 ante
624 1118 845 1156 annum
871 1103 969 1156 61.
988 1098 1108 1156 imo
1125 1117 1177 1156 a.
1201 1102 1300 1156 60.
1328 1103 1664 1157 revocatum
1688 1098 1865 1156 fuisse
1888 1098 2418 1155 demonstravimus
2438 1094 2481 1155 ².
2515 1097 2687 1155 Albi·

217 1220 344 1259 num
365 1220 502 1259 vero
524 1201 632 1280 qui
657 1202 830 1261 Festo
854 1204 1125 1261 successit-
1153 1222 1306 1261 anno
1334 1208 1435 1261 62.
1464 1222 1598 1261 cum
1621 1204 1837 1260 festum
1861 1202 2395 1260 Tabernaculorum
2416 1207 2691 1275 ageretur

214 1306 450 1363 Judaeae
473 1306 599 1363 iam
623 1306 944 1381 praefuisse
967 1306 1150 1365 tradit
1169 1307 1208 1363 J
1207 1304 1491 1381 osephus3
1505 1352 1518 1379 ,
1553 1327 1669 1385 quo
1693 1309 1755 1363 in
1780 1306 1903 1364 loco
1926 1306 2229 1384 sequentia
2256 1325 2688 1377 ,commemora-

216 1410 360 1467 tione
387 1410 543 1467 haud
579 1410 846 1483 indigna‘
871 1416 1108 1469 narrat:
1138 1410 1177 1467 J
1177 1430 1339 1467 esum
1368 1412 1678 1488 quemdam
1710 1411 1909 1468 Anani
1940 1410 2139 1467 filium
2168 1412 2363 1469 virum
2394 1410 2691 1487 plebeium

215 1521 266 1570 et
291 1514 590 1585 rusticum,
640 1515 1028 1591 quadriennio
1061 1517 1401 1593 priusquam
1435 1516 1655 1573 bellum
1694 1520 1841 1572 esset
1869 1520 2161 1585 exortum,
2208 1534 2339 1572 cum
2370 1516 2444 1573 ad
2474 1515 2689 1573 festum

220 1618 744 1677 Tabernaculorum
765 1619 1036 1690 venisset,
1068 1618 1106 1675 J
1107 1620 1448 1696 erosolymis
1470 1619 1751 1677 clamores
1772 1620 2057 1677 ominosos
2086 1618 2412 1689 sustulisse3
2444 1639 2689 1697 eamque

215 1722 278 1779 ob
320 1741 550 1781 causam
593 1724 668 1780 ad
700 1722 991 1781 Albinum
1021 1724 1343 1799 praesidem
1375 1744 1410 1780 a
1437 1724 1789 1799 magistratu
1817 1724 1853 1781 J
1858 1725 2170 1781 udaeorum
2201 1724 2516 1782 adductum
2548 1744 2685 1794 esse,

215 1829 306 1903 qui
345 1829 582 1905 quidem
630 1814 932 1885 hominem
977 1826 1344 1901 flagellatum
1391 1828 1636 1886 dimisit.
1700 1828 1905 1906 Neque
1950 1834 2144 1886 tamen
2190 1828 2295 1886 ille
2336 1848 2373 1885 a
2403 1828 2688 1885 lamenta-

220 1930 464 1989 tionibus
509 1932 773 2003 dest-itit,
825 1952 1006 2009 usque
1047 1934 1187 1989 dum
1219 1938 1348 2009 post
1377 1953 1559 1990 annos
1587 1938 1811 2008 septem
1842 1938 1903 1990 et
1930 1933 2191 2011 quinque
2222 1952 2446 1990 menses
2476 1933 2690 1990 obsidi-

213 2036 328 2092 onis
375 2044 642 2112 tempore
695 2038 822 2094 ictu
865 2036 1078 2112 lapidis
1122 2056 1153 2094 e
1199 2037 1438 2095 ballista
1484 2038 1711 2095 excussi
1765 2038 2027 2113 perierit.
2090 2038 2353 2115 Utraque
2406 2038 2687 2111 temporis

215 2145 342 2197 nota
380 2140 529 2199 illud
563 2141 1101 2199 Tabernaculorum
1144 2141 1359 2199 festum
1409 2143 1551 2199 anni
1598 2146 1698 2199 62.
1746 2142 1925 2199 fuisse
1954 2142 2196 2200 indicat.
2268 2142 2424 2198 Nam
2469 2140 2692 2199 bellum

213 2244 508 2303 ,Iudaicum
554 2265 610 2303 a.
651 2250 752 2304 66.
785 2252 980 2303 ortum
1029 2250 1144 2318 est,
1193 2246 1415 2305 obsidio
1465 2252 1661 2303 autem
1705 2247 1860 2305 circa
1894 2250 1993 2304 22.
2027 2247 2241 2303 mensis
2290 2245 2537 2303 Xantici
2566 2248 2692 2305 sive

218 2348 388 2405 Nisan
432 2368 484 2407 a.
525 2354 629 2407 70.
681 2354 876 2425 cepta,
925 2354 1141 2407 aestate
1187 2352 1330 2408 anni
1373 2350 1630 2408 eiusdem
1670 2351 1923 2408 victoria
1952 2350 2350 2409 Romanorum
2380 2349 2555 2407 finita
2584 2354 2689 2408 est.

220 2450 372 2509 Unde
415 2453 690 2530 sequit-ur
731 2452 1019 2511 Albinum
1065 2472 1184 2511 non
1227 2456 1416 2512 serius
1462 2455 1653 2512 initio·
1687 2454 1951 2513 Octobris
1999 2474 2053 2513 a.
2100 2460 2200 2513 62.
2243 2474 2445 2513 curam
2494 2474 2692 2513 rerum

223 2555 572 2615 iudaicarum
619 2557 953 2633 suscepisse.
1015 2558 1211 2617 Rebus
1255 2558 1340 2616 sic
1385 2578 1445 2615 se
1491 2560 1844 2617 habentibus
1893 2580 1937 2616 s.
1969 2558 2005 2617 J
2008 2559 2234 2630 acobus,
2284 2560 2450 2617 cuius
2494 2560 2693 2617 caedes

217 2658 360 2717 inter
391 2663 622 2719 obitum
667 2662 828 2719 Festi
871 2667 932 2719 et
973 2662 1184 2720 Albini
1231 2664 1551 2722 adventum
1589 2666 1895 2721 commissa
1946 2668 2051 2735 est,
2106 2668 2243 2721 ante
2280 2664 2589 2721 Octobrem
2634 2682 2688 2721 a.

222 2768 310 2821 62.
340 2768 634 2843 martyrio
668 2767 1053 2825 coronabatur
1069 2766 1113 2825 ⁴.
1168 2766 1315 2830 Quo
1351 2769 1588 2827 tandem
1636 2773 1953 2844 tempore
2001 2769 2285 2843 scripta
2326 2767 2405 2825 sit
2435 2768 2693 2825 eiusdem

217 2936 354 2985 1731.
387 2954 441 3002 p.
479 2940 529 2986 2.
567 2951 612 2987 s.
677 2935 742 2986 G.
778 2936 1168 3001 Henschenius,
1205 2936 1342 2988 Acta
1378 2936 1431 2988 S.
1459 2937 1513 2988 S.
1537 2938 1669 2987 Maii
1705 2938 1748 2999 1,
1786 2956 1836 3003 p.
1874 2940 1959 2988 22.
1992 2954 2034 2989 s.
2084 2936 2391 3000 Saccarelli,
2430 2938 2498 2987 H.
2524 2938 2587 2987 Ε.
2616 2937 2689 3001 ΙΙ,

218 3024 321 3071 102.
345 3040 384 3073 s.
433 3023 486 3073 J.
509 3024 585 3073 Μ.
612 3022 808 3086 Faber,
845 3039 922 3089 pr.
961 3040 1012 3089 q.
1037 3024 1381 3075 Eusebianae
1419 3024 1486 3074 de
1521 3025 1717 3075 Jacobi
1752 3024 1814 3074 F.
1843 3025 1977 3075 Jesu
2014 3026 2127 3074 vita
2163 3030 2218 3074 et
2250 3030 2419 3075 morte
2456 3040 2596 3074 narr.
2636 3041 2689 3089 p.

217 3124 260 3172 q.
285 3108 415 3175 expl.
451 3116 506 3159 et
543 3110 650 3160 def.
687 3110 853 3175 Ansp.
887 3111 1038 3161 1793.
1087 3110 1176 3160 Fr.
1213 3110 1311 3160 Ad.
1345 3110 1664 3174 Heinichen,
1704 3111 1786 3161 ed.
1823 3112 2047 3162 Eusebii
2084 3110 2151 3161 H.
2178 3112 2243 3161 Ε.
2277 3111 2425 3177 Lips.
2456 3112 2607 3161 1827.
2644 3111 2687 3173 Ι,

218 3196 321 3245 166.
345 3210 384 3247 s.
436 3196 696 3259 Credner,
733 3196 1047 3263 Einleitung
1081 3199 1137 3247 in
1175 3198 1271 3247 das
1307 3199 1372 3248 N.
1399 3199 1460 3248 Τ.
1486 3198 1527 3248 1.
1555 3200 1603 3247 6.
1641 3198 1805 3248 Halle
1844 3200 1993 3249 1836.
2030 3216 2081 3264 p.
2119 3200 2235 3249 573.
2276 3200 2393 3248 579.
2432 3213 2475 3247 s.
2521 3198 2585 3247 F.
2622 3198 2695 3247 Η.

216 3280 363 3345 Kern,
401 3282 496 3334 der
531 3283 690 3333 Brief
717 3283 913 3333 Jacobi
949 3288 1148 3333 unters.
1176 3300 1228 3335 u.
1255 3284 1387 3335 erkl.
1413 3285 1551 3334 Tiib.
1581 3284 1732 3334 1838.
1770 3302 1821 3349 p.
1855 3286 1939 3335 34.
1988 3284 2040 3337 J.
2077 3284 2164 3334 Fr.
2200 3284 2254 3334 J.
2290 3285 2529 3345 Demme‚
2570 3282 2695 3334 diss.

217 3368 426 3419 fueritne
460 3370 708 3421 Jacobus
745 3370 911 3421 frater
947 3371 1163 3420 Domini
1201 3371 1489 3437 Apostolus
1528 3372 1818 3436 quaeritur.
1878 3371 2027 3421 Vrat.
2068 3372 2218 3420 1839.
2256 3388 2308 3437 p.
2334 3373 2417 3421 31.
2444 3386 2486 3421 s.
2534 3370 2605 3420 H.
2630 3370 2695 3421 Ε.

216 3454 294 3505 Fr.
329 3455 620 3519 Guericke‚
657 3456 1236 3522 Gesammtgeschichte
1284 3457 1378 3507 des
1422 3458 1486 3507 N.
1523 3458 1585 3507 Τ.
1623 3458 1810 3523 Leipz.
1852 3458 2002 3507 1854.
2052 3474 2104 3522 p.
2142 3458 2224 3506 33.
2262 3472 2303 3507 s.
2364 3457 2460 3507 Ph.
2500 3456 2694 3519 Schaff,

219 3540 520 3593 Geschichte
559 3542 656 3593 der
693 3544 1090 3609 apostolischen
1127 3544 1340 3606 Kirche,
1379 3544 1561 3609 Leipz.
1591 3546 1741 3594 1854.
1782 3526 1833 3609 p.
1860 3544 1977 3593 386.
2004 3560 2045 3593 s.
2093 3542 2165 3592 Hi
2202 3544 2301 3593 viri
2339 3544 2697 3593 narrationem

217 3626 496 3695 Hegesippi
520 3632 600 3680 ita
627 3629 948 3696 explicuere,
987 3635 1046 3680 ut
1068 3630 1306 3696 Josepho
1344 3632 1560 3681 minime
1598 3630 1966 3681 contradicere
1998 3630 2255 3692 videatur,
2294 3646 2470 3696 neque
2495 3629 2696 3681 idcirco

219 3714 508 3766 alterutrius
535 3716 726 3766 relatio
756 3716 896 3767 falsa
918 3718 1328 3783 pronuncianda
1353 3718 1437 3768 sit.
1487 3717 1625 3779 Quid
1659 3718 1800 3767 enim
1826 3717 2023 3781 dicunt,
2061 3716 2283 3783 impedit
2318 3716 2552 3779 credere,
2593 3734 2697 3783 quo

223 3802 381 3851 minus
415 3820 458 3853 s.
484 3804 732 3853 Jacobus
756 3804 826 3853 ad
849 3805 1036 3869 templi
1072 3804 1418 3869 pinnaculum
1445 3804 1709 3855 adductus
1746 3804 1928 3867 fuerit3
1969 3819 2033 3853 ex
2059 3819 2165 3869 quo
2194 3804 2309 3853 loeo
2343 3804 2698 3855 tumultuante

223 3888 407 3953 populo
442 3891 498 3939 in
536 3896 734 3941 terram
769 3892 1058 3957 proiectus,
1097 3890 1364 3958 lapidibus
1389 3904 1675 3957 percussus
1702 3906 1767 3940 ac
1793 3890 2008 3940 tandem
2038 3890 2253 3940 fullonis
2280 3892 2389 3940 ictu
2414 3904 2698 3956 percussus

221 3974 426 4026 obierit?
485 3978 642 4028 Haec
687 3978 827 4027 enim
873 3994 974 4028 nec
1007 3978 1275 4041 Eusebio,
1327 3980 1418 4043 qui
1465 3980 1743 4043 utriusque
1792 3977 2067 4043 scriptoris
2102 3977 2399 4043 Hegesippi
2448 3976 2700 4026 videlicet

223 4064 270 4109 ct
310 4062 533 4129 Josephi
581 4065 888 4114 testimonia
923 4064 1192 4115 Historiae
1241 4080 1372 4115 suae
1409 4064 1445 4115 l.
1483 4082 1529 4114 c.
1567 4080 1618 4131 p.
1659 4066 1743 4113 65.
1790 4064 2035 4127 inseruit;
2086 4080 2187 4113 nec
2224 4063 2458 4127 Origeni,
2513 4068 2700 4113 contra

225 4145 424 4199 Celsum
459 4150 504 4213 1,
539 4151 624 4199 47.
663 4150 860 4213 XVIII,
894 4153 1003 4215 88.3
1039 4166 1142 4201 nec
1178 4166 1221 4200 s.
1255 4150 1598 4217 HieronymO,
1639 4151 1705 4201 de
1742 4152 1837 4199 vir.
1873 4149 1948 4199 ill.
1987 4166 2031 4199 c.
2070 4152 2120 4200 2.
2155 4166 2207 4212 p.
2246 4152 2329 4199 23.
2368 4164 2408 4198 s.
2445 4165 2546 4199 nec
2582 4149 2699 4199 aliis

223 4240 395 4297 postea
429 4237 784 4302 scriptoribus
809 4238 911 4287 sibi
937 4237 1072 4287 adeo
1100 4239 1348 4303 opposita
1383 4240 1502 4288 visa
1525 4238 1755 4287 fucrant.
1806 4236 1887 4285 Cf.
1912 4236 2215 4297 Tillemont,
2248 4235 2528 4285 Memoires
2565 4252 2701 4303 pour

223 4322 376 4371 servir
414 4336 448 4372 a
481 4321 516 4373 1’
545 4324 786 4373 Histoire
822 4324 951 4374 eccl.
979 4324 1113 4374 Ven.
1142 4326 1292 4374 1732.
1330 4324 1373 4386 Ι,
1400 4326 1517 4374 377.
1544 4340 1586 4375 s.
1625 4329 1679 4373 et
1716 4324 1834 4371 630.
1864 4336 1905 4371 s.

422 4409 458 4472 ¹)
489 4409 624 4459 Cum
647 4408 717 4459 H.
738 4409 970 4473 Valesio,
999 4426 1121 4460 ann.
1149 4409 1216 4459 ad
1242 4411 1371 4461 Eus.
1391 4410 1458 4460 H.
1483 4410 1545 4459 Ε.
1567 4412 1614 4471 2,
1635 4411 1720 4459 23.
1746 4426 1797 4473 p.
1814 4409 1897 4457 41.
1937 4406 1977 4472 ²)
2005 4408 2068 4457 V.
2090 4424 2139 4472 p.
2160 4408 2507 4457 LXXXVIII.
2547 4410 2588 4473 ³)
2616 4410 2699 4459 De

225 4490 354 4543 bello
390 4496 480 4545 VI.
519 4500 567 4559 5,
606 4499 654 4545 3.
706 4496 776 4558 11,
815 4497 933 4547 389.
971 4512 1013 4547 s.
1088 4498 1128 4561 ⁴)
1169 4496 1448 4546 Calculum
1486 4502 1722 4546 nostrum
1760 4492 2038 4543 confirmat
2074 4492 2127 4543 S.
2162 4494 2514 4559 Epiphanius,
2552 4496 2698 4545 haer.

224 4576 503 4631 LXXVIII.
533 4584 610 4632 14.
650 4582 694 4645 1,
731 4584 880 4633 1046.
907 4583 1000 4631 ubi
1025 4582 1155 4633 dicit
1189 4583 1454 4633 ,Iacobum
1490 4582 1632 4633 hunc
1669 4581 1966 4647 praefuisse
2002 4580 2281 4631 Ecclesiae
2317 4581 2699 4647 Hierosolymi-

227 4668 374 4716 tanae
423 4682 590 4718 annos
643 4670 854 4719 circiter
891 4673 1119 4734 quatuor
1156 4674 1210 4719 ct
1244 4670 1430 4735 viginti
1467 4669 1536 4719 ab
1585 4668 1901 4720 ascensione
1937 4668 2172 4719 Domini.
2236 4667 2482 4719 Ceterum
2520 4670 2699 4719 obser-
