3267 5259
610 408 740 476 320
1338 418 1452 464 nist.
1483 424 1588 464 Rev.
1618 418 1707 463 div.
1737 418 1906 463 Period.
1937 418 1992 463 n.
2017 434 2114 473 cap.
2143 418 2340 473 primum.

610 598 937 683 baptisma
1000 598 1425 683 susciperent.
1516 595 1780 660 Assidui
1843 606 2028 660 erant
2088 596 2276 681 primi
2321 593 2550 658 fideles
2601 594 2672 657 in
2717 590 3068 679 excipienda

610 710 695 775 ab
746 734 856 775 ore
888 708 1357 796 Apostolorum
1405 708 1702 773 doctrina
1745 718 1942 794 atque
1973 710 2038 771 in
2071 707 2554 795 frequentanda
2589 729 2816 771 mensa
2841 706 3068 769 Eucha-

608 825 855 905 ristica3
888 822 1005 887 sed
1038 832 1103 886 et
1132 846 1263 887 uno
1298 832 1484 885 erant
1514 824 1752 905 animo,
1785 844 2046 907 unaque
2077 832 2316 887 mente.
2379 820 2563 901 Quas
2593 818 2918 885 habebant
2943 840 3068 904 pos-

612 938 939 1011 sessiones
984 934 1363 999 vendebant
1410 944 1475 999 et
1522 934 1996 1020 dispertiebant
2041 934 2360 1018 omnibus,
2420 944 2616 1021 prout
2661 935 2892 1019 cuique
2933 954 3072 1017 opus

614 1050 752 1113 fuit.
845 1048 1053 1130 ,Haec
1115 1047 1415 1133 angelica
1480 1046 1858 1133 respublica
1917 1058 2091 1131 erat,
2163 1024 2346 1134 quod*
2397 1047 2556 1111 nihil
2623 1046 2912 1111 dicerent
2969 1043 3070 1107 sibi

610 1163 989 1248 proprium.‘
1018 1163 1037 1199 ¹
1126 1160 1429 1246 Apostoli
1488 1184 1648 1226 vero
1707 1160 2052 1225 laudantes
2097 1162 2316 1225 Deum
2378 1170 2844 1246 patrantesque
2897 1157 3073 1222 multa

610 1273 943 1359 prodigia,
998 1276 1273 1359 gratiam
1330 1272 1666 1339 habebant
1711 1296 1933 1339 coram
1975 1284 2114 1339 toto
2161 1272 2425 1360 populo.
2501 1272 2828 1337 Dominus
2883 1285 3072 1335 autem

613 1386 901 1450 addebat
946 1386 1233 1472 quotidie
1280 1386 1643 1468 Ecclesiae,
1691 1388 1800 1473 qui
1847 1386 2008 1451 salvi
2055 1386 2288 1450 fierent
2305 1388 2348 1449 ².

968 1686 1027 1761 ξ.
1076 1686 1179 1748 62.
1242 1679 1808 1765 Apostolorum
1857 1680 2240 1744 miracula
2284 1690 2358 1743 et
2401 1678 2741 1744 vincula.

818 1870 967 1934 Non
998 1870 1199 1935 multo
1233 1880 1382 1956 post
1415 1890 1563 1935 cum
1596 1894 1647 1934 s.
1673 1894 1723 1934 s.
1751 1871 1983 1935 Petrus
2017 1882 2083 1933 et
2112 1870 2405 1935 Joannes
2453 1868 2642 1933 simul
2675 1867 3074 1933 ascenderent

611 1984 677 2047 in
724 1982 1058 2069 templum,
1104 1992 1177 2047 ut
1218 2005 1497 2068 pensum
1541 1981 1900 2047 redderent
1929 1984 2344 2069 vespertinae
2375 1982 2793 2067 precationi8‚
2841 1980 3074 2067 quidam

615 2096 953 2160 mendicus
1000 2118 1207 2159 senex
1250 2106 1529 2181 utroque
1585 2095 1756 2181 pede
1819 2094 2088 2161 claudus
2144 2095 2230 2159 ad
2285 2106 2575 2181 portam,
2643 2116 2811 2180 quae
2873 2092 3076 2156 dicitur

613 2231 697 2293 sp
716 2230 750 2272 e
767 2209 1039 2290 ciosass,
1067 2206 1550 2293 eleemosynam
1578 2206 1660 2272 ab
1685 2210 2072 2293 ingressuris
2094 2210 2368 2295 rogavit.
2400 2206 2508 2271 Ad
2535 2230 2734 2293 quem
2759 2206 2820 2271 d.
2839 2206 3070 2269 Petrus:

612 2320 765 2384 nihil
814 2321 1077 2407 quidem
1126 2324 1547 2407 pecuniarum
1594 2320 1752 2385 mihi
1798 2330 1916 2403 est,
1965 2320 2143 2407 quod
2187 2320 2487 2404 tribuam,
2535 2320 2714 2407 quod
2745 2330 2960 2384 autem
2987 2316 3074 2380 ha-

612 2432 760 2516 ben,
794 2433 917 2497 hoc
949 2432 1063 2497 tibi
1099 2432 1215 2517 do;
1254 2436 1317 2498 in
1352 2436 1611 2499 nomine
1645 2434 1806 2499 Jesu
1840 2434 2075 2499 Christi
2105 2434 2450 2517 Nazareni,
2485 2456 2678 2519 surge
2713 2443 2780 2496 et
2809 2430 3074 2495 ambula!

613 2546 847 2611 Jussus
895 2546 1171 2633 proinde
1220 2558 1413 2631 stare,
1462 2546 1675 2613 subito
1727 2548 2072 2634 expeditus
2119 2550 2398 2613 surrexit
2445 2570 2668 2612 coram
2697 2546 2988 2612 omnibus
3023 2545 3074 2605 in

616 2659 1047 2723 certissimum
1108 2670 1537 2745 recuperatae
1618 2662 1911 2724 sanitatis
1973 2663 2262 2745 signum3
2330 2682 2611 2745 cumque
2670 2662 2740 2722 in
2793 2657 3072 2743 templum

614 2772 1113 2856 praecurrisset,
1163 2771 1335 2836 elata
1378 2796 1544 2837 voce
1592 2782 1845 2837 tantum
1889 2773 2018 2837 Dei
2049 2773 2442 2838 beneficium
2483 2772 2860 2853 celebravit,
2906 2782 3074 2854 atque

614 2882 968 2968 Apostolos
1000 2883 1299 2949 manibus
1339 2895 1570 2949 tenens
1600 2888 2004 2951 restitutores
2037 2909 2189 2951 suos
2221 2885 2462 2972 populo
2497 2884 2582 2949 ad
2613 2888 2708 2949 rei
2748 2886 3073 2948 novitatem

618 2994 970 3060 confluenti
1031 2996 1438 3062 ostendebat.
1531 2998 1719 3063 Tunc
1767 2999 1829 3062 d.
1869 2998 2104 3063 Petrus
2163 3020 2242 3063 ea
2289 2998 2616 3064 Christum
2665 2994 3072 3063 annunciandi

617 3109 962 3173 occasione
1010 3120 1288 3195 arrepta,
1334 3108 1511 3173 haud
1556 3113 1823 3197 propria
1869 3120 1980 3175 aut
2025 3113 2216 3194 socii,
2285 3114 2438 3198 quin
2498 3114 2715 3199 potius
2763 3112 2920 3177 Jesu
2971 3110 3072 3171 rir-

616 3230 752 3285 tute
799 3220 1043 3285 factum
1110 3245 1251 3285 esse
1311 3222 1697 3286 miraculum
1757 3221 1988 3288 turbae
2053 3234 2318 3311 stupore
2385 3234 2452 3288 et
2507 3228 2741 3291 timore
2800 3223 3072 3310 impletae

620 3335 815 3399 etiam
865 3343 1061 3418 atque
1110 3336 1303 3399 etiam
1353 3336 1838 3400 commendavit
1858 3341 1902 3401 ⁴.
1995 3337 2300 3424 Quinque
2347 3336 2546 3402 millia
2591 3338 2678 3401 ad
2723 3339 2846 3403 viri
2891 3334 3072 3401 claudi

619 3456 1041 3529 conspectum
1074 3446 1380 3531 Petrique
1430 3450 1791 3513 orationem
1840 3448 2254 3513 christianam
2301 3449 2518 3532 fidem,
2557 3451 2716 3537 ipsis
2745 3458 3070 3535 praeeunte

616 3556 908 3643 loripede
973 3557 1111 3635 illo,
1177 3559 1463 3645 amplexi
1525 3570 1677 3625 sunt
1695 3564 1738 3623 ⁵.
1829 3560 2067 3626 Adhuc
2110 3561 2306 3627 Petro
2363 3561 2673 3648 loquente
2732 3561 3076 3627 sacerdotes

618 3670 683 3724 et
714 3660 937 3747 templi
982 3664 1396 3747 magistratus
1438 3686 1908 3750 supervenere3
1957 3677 2023 3731 et
2054 3666 2283 3731 ambos
2313 3665 2646 3753 apostolos
2677 3669 2744 3731 in
2775 3686 3074 3731 carcerem
3182 3718 3183 3751 3

617 3773 1061 3857 deduxerunt,
1126 3798 1405 3861 cumque
1462 3800 1744 3863 vespera
1788 3780 1916 3841 iam
1962 3781 2417 3865 processisset,
2482 3778 2567 3843 ad
2613 3779 2883 3844 alterum
2925 3776 3072 3841 diem

618 3908 856 3951 causae
891 3889 1172 3972 cognitio
1210 3887 1407 3952 dilata
1452 3899 1569 3953 est.
1649 3889 1896 3956 Coacto
1929 3914 2122 3956 mane
2155 3892 2460 3978 synedrio
2490 3891 2797 3957 iubentur
2841 3912 3075 3956 causam

836 4149 872 4217 ¹)
912 4150 1341 4215 chrysostomus,
1376 4152 1431 4201 in
1468 4152 1605 4202 Acta
1641 4152 1779 4202 hom.
1819 4153 1935 4214 VII,
1964 4156 2010 4203 2.
2051 4170 2100 4218 p.
2128 4155 2210 4203 58.
2274 4154 2315 4219 ²)
2352 4154 2468 4203 Act.
2504 4158 2553 4217 2,
2589 4158 2776 4205 5—47.
2845 4156 2885 4219 ³)
2923 4152 3076 4201 Lake-

618 4238 831 4287 macher
862 4234 983 4301 ,,τὴν
1008 4236 1155 4305 θύραν
1180 4234 1419 4305 ὡραίανιι,
1458 4240 1682 4289 Observ.
1707 4239 1750 4301 1,
1779 4242 1824 4289 6.
1863 4258 1914 4305 p.
1943 4242 2057 4290 150.
2085 4256 2125 4289 s.
2165 4241 2388 4291 eandem
2413 4242 2557 4302 facit,
2585 4256 2724 4307 quae
2749 4248 2898 4308 porta
2922 4240 3078 4290 Susan

617 4323 843 4375 Judaeis
888 4325 1050 4389 vulgo
1096 4324 1196 4373 fuit
1241 4326 1528 4391 adpellata.
1590 4326 1672 4375 cf.
1711 4328 1779 4377 H.
1816 4329 1880 4377 V.
1915 4328 1994 4389 T„
2041 4344 2092 4392 p.
2129 4330 2250 4377 498.
2321 4328 2363 4393 ⁴)
2407 4327 2594 4378 Jesum
2633 4342 2749 4378 esse
2789 4327 3076 4393 prophetam

616 4410 767 4461 illum
806 4411 952 4473 dixit,
993 4428 1148 4476 quem
1185 4418 1336 4461 vates
1375 4428 1573 4476 omnes,
1609 4416 1840 4463 maxime
1877 4414 2108 4479 Moyses,
2148 4416 2560 4475 annunciamnt,
2607 4416 3078 4477 sanctissimumque

618 4510 799 4545 semen
836 4498 1139 4547 Abrahamo
1178 4500 1509 4563 promissum,
1548 4502 1603 4550 in
1634 4517 1742 4566 quo
1780 4502 2164 4552 benedicentur
2200 4517 2382 4552 omnes
2417 4502 2652 4552 familiae
2689 4508 2872 4553 terrae.
2919 4500 2994 4549 Cf.
3021 4498 3078 4547 H.

619 4582 681 4631 V.
708 4584 786 4645 T„
825 4600 875 4648 p.
904 4587 985 4633 51.
1012 4596 1053 4633 s.
1127 4586 1169 4649 ⁵)
1208 4587 1324 4635 Act.
1352 4590 1399 4636 3.
1438 4606 1489 4653 p.
1518 4590 1550 4637 i.
1588 4592 1638 4649 4,
1665 4591 1713 4636 4.
