3267 5259
728 524 962 566 Annotatio
987 525 1234 576 praeposita
1261 526 1314 567 de
1342 526 1556 568 Historiae
1583 527 1693 570 Novi
1719 529 1989 571 Testamenti
2016 531 2198 573 obiecto.
2626 519 2707 568 ῘῙῙ

248 697 481 783 aliquid
554 700 928 788 loquamur,
997 704 1152 769 utile
1228 706 1348 769 erit
1415 715 1767 770 annotare:
1846 705 2010 770 Cum
2076 706 2401 770 Historiae
2476 707 2559 770 D.
2628 708 2707 771 N.

241 809 296 875 J.
355 810 426 876 C.
497 813 758 880 diverso
822 816 1018 881 modo
1085 820 1372 882 enarrari
1433 821 1752 904 possint¹,
1815 841 1933 882 nos
1999 820 2272 904 vestigia
2336 830 2708 905 prementes

240 926 645 1010 scriptorum,
710 929 818 1014 qui
879 928 1148 994 annales
1194 953 1414 995 sacros
1463 930 1926 1014 condiderunt3
1988 935 2351 997 summatim
2418 943 2600 996 actus
2646 943 2710 998 et

238 1059 559 1103 sermones
605 1038 959 1126 Salvatoris
992 1041 1368 1106 divinissimi
1402 1042 1798 1108 ordinandos
1830 1046 2273 1130 suscipiemus
2333 1044 2519 1125 Quae
2549 1069 2707 1110 vero

237 1147 584 1215 Redemtor
629 1151 963 1218 hominum
1008 1157 1211 1239 gessit
1257 1167 1322 1220 et
1367 1155 1548 1240 dixit,
1599 1159 1817 1221 verius
1866 1167 1930 1221 et
1983 1159 2216 1222 certius
2262 1181 2393 1222 non
2436 1169 2711 1244 possunt

239 1265 508 1347 contexi,
559 1286 758 1349 quam
791 1288 826 1328 e
857 1266 1171 1332 relatione
1203 1267 1742 1354 Evangeliorum3
1788 1273 1855 1334 in
1904 1271 2135 1357 quibus
2181 1294 2327 1335 cum
2374 1293 2599 1357 sparsa
2645 1283 2709 1336 et

241 1373 477 1439 divulsa
521 1379 952 1464 reperiantur,
998 1381 1062 1442 in
1108 1403 1308 1446 unum
1349 1381 1563 1468 colligi
1598 1382 1869 1448 debent:
1917 1386 1958 1446 i.
1992 1406 2047 1448 e.
2096 1387 2225 1448 suis
2255 1383 2414 1448 locis
2448 1394 2513 1448 et
2548 1394 2705 1449 tem-

238 1488 490 1572 poribus
539 1489 769 1575 reddi3
818 1491 996 1576 quod
1039 1491 1112 1561 fit
1157 1520 1306 1562 cum
1353 1507 1733 1560 enarrantur
1764 1520 1840 1561 eo
1883 1496 2129 1580 ordine,
2178 1519 2305 1582 quo
2356 1498 2704 1582 contigere.

237 1601 453 1687 Itaque
505 1596 622 1689 qui
654 1604 740 1668 ad
771 1604 1150 1669 scribendas
1193 1602 1332 1667 illas
1377 1601 1699 1666 Historias
1743 1613 2027 1666 mentem
2073 1601 2419 1688 applicant,
2467 1601 2707 1665 debent

233 1716 552 1800 inquirere
599 1718 664 1780 in
695 1739 918 1781 veram
964 1718 1199 1781 seriem
1243 1717 1570 1788 ἀκολουθίας
1615 1725 1880 1778 actuum
1914 1725 1977 1778 et
2008 1737 2371 1778 sermonum
2418 1713 2704 1796 Domini,

233 1827 290 1890 in
347 1850 548 1913 quam
609 1828 1071 1916 Evangelistae
1141 1830 1548 1894 conveniant.
1640 1827 1774 1892 Sed
1833 1851 1954 1892 nec
2013 1829 2137 1890 ista
2201 1828 2399 1890 series
2466 1827 2707 1890 sufficit

233 1938 528 2005 Historiis
594 1941 678 2007 D.
739 1944 817 2007 N.
880 1941 941 2007 J.
1005 1941 1078 2007 C.
1148 1941 1434 2028 perfecte
1502 1939 1947 2024 recensendis;
2016 1941 2138 2003 nisi
2200 1941 2395 2004 etiam
2461 1949 2703 2025 pateat,

234 2074 416 2136 quam
485 2056 762 2141 quisque
829 2065 1012 2119 actus
1074 2065 1140 2119 et
1198 2077 1408 2119 sermo
1471 2053 1710 2118 Christi
1777 2051 2019 2117 habeat
2086 2062 2329 2116 certam
2396 2053 2704 2137 temporis

231 2187 618 2250 mensuram,
666 2179 861 2253 atque
909 2177 1194 2232 constet:
1239 2190 1373 2232 non
1418 2166 1626 2231 solum
1660 2188 1788 2252 quo
1838 2165 2060 2230 ordine
2109 2173 2345 2228 cuncta
2387 2163 2612 2228 fecerit
2642 2173 2706 2227 et

231 2277 522 2344 docuerit
566 2279 796 2364 Jesus3
858 2281 976 2345 sed
1023 2303 1150 2366 quo
1197 2279 1532 2344 intervallo
1582 2280 1805 2361 etiam,
1862 2300 1990 2363 quo
2038 2301 2207 2342 anno
2222 2327 2239 2360 ,
2287 2298 2415 2363 quo
2462 2298 2703 2358 mense,

229 2413 350 2477 qua
380 2393 490 2457 die
526 2402 592 2456 et
621 2393 830 2457 hora?
874 2394 1000 2458 hoc
1043 2392 1371 2476 acciderit,
1421 2393 1471 2456 si
1517 2391 1584 2455 id
1630 2392 1777 2455 sciri
1808 2401 2041 2477 potest,
2087 2389 2531 2474 indagandum
2564 2391 2703 2453 crit.

227 2503 309 2568 Ut
351 2515 577 2569 autem
627 2507 782 2569 certi
830 2504 983 2591 quid
1028 2515 1386 2570 statuamus
1433 2506 1606 2568 circa
1649 2514 1946 2589 tempora
1988 2503 2370 2584 nativitatis,
2422 2503 2593 2566 vitae
2642 2511 2706 2564 et

227 2620 445 2681 mortis
480 2617 769 2700 Domini,
804 2629 868 2682 et
896 2627 968 2682 ut
1002 2620 1324 2704 possimus
1357 2628 1540 2683 actus
1574 2626 1638 2681 et
1673 2639 2002 2680 sermones
2036 2616 2171 2680 eius
2219 2614 2659 2699 complures
2680 2616 2706 2656 ²

228 2728 572 2817 disponere
605 2733 788 2795 iuxta
817 2733 1115 2817 proprios
1148 2754 1370 2814 ann08,
1417 2730 1651 2817 quibus
1686 2730 1971 2813 contigit,
2018 2727 2136 2792 hos
2168 2728 2326 2811 fieri,
2374 2727 2514 2792 illos
2555 2727 2702 2808 dici,

225 2845 632 2907 necessarius
694 2855 792 2908 est
847 2842 1336 2929 Apparatus
1399 2841 2409 2908 Chr‘onico-HistoricuS.
2483 2840 2701 2925 Atque

225 2965 290 3018 ut
331 2957 484 3041 ipsa
528 2958 812 3021 narratio
860 2957 942 3020 H.
993 2957 1067 3021 R.
1115 2956 1201 3020 D.
1248 2957 1327 3021 N.
1375 2957 1448 3020 F.
1500 2955 1724 3020 ordine
1772 2955 2164 3037 decurreret,
2228 2956 2365 3039 pari
2411 2954 2698 3017 instituto

222 3090 322 3130 res
353 3077 585 3153 gestae
619 3068 1081 3155 Apostolorum
1110 3069 1508 3134 retexendae
1555 3068 1814 3132 fuerant
1832 3070 1875 3130 ³.
1941 3067 2354 3153 Propositum
2384 3065 2572 3131 nobis
2608 3076 2705 3128 est

435 3325 474 3388 ¹)
511 3324 727 3374 Etenim
753 3325 895 3390 quod
921 3327 966 3374 si
989 3325 1157 3374 verba
1179 3325 1645 3390 Evangelistarum
1672 3325 1830 3374 etiam
1856 3339 1963 3374 non
1990 3323 2291 3386 afferantur,
2330 3325 2493 3374 series
2520 3329 2702 3372 tamen

227 3427 400 3460 rernm
441 3426 575 3476 quas
613 3417 854 3470 narrant,
901 3414 1289 3477 repraesentari
1335 3417 1524 3478 potest.
1598 3411 1639 3476 ²)
1691 3413 1828 3462 Non
1878 3427 2095 3461 omnes
2145 3411 2256 3460 sed
2305 3410 2700 3476 complures,

227 3499 420 3548 ete-nim
458 3497 526 3547 dc
564 3497 879 3563 quibusdam
917 3499 1219 3549 fatendum:
1257 3500 1440 3564 ignota
1474 3499 1628 3549 nobis
1667 3515 1785 3549 esse
1822 3503 2077 3564 tempora,
2116 3497 2184 3548 ad
2212 3512 2349 3562 quae
2387 3497 2699 3547 referuntur.

231 3585 272 3648 ³)
333 3585 441 3634 Diu
495 3583 851 3635 haerebamus
901 3587 1075 3634 animo
1127 3586 1295 3648 anxii,
1350 3601 1449 3635 nec
1497 3587 1625 3636 satis
1674 3591 1975 3651 poteramus
2025 3585 2169 3650 apud
2215 3601 2315 3634 nos
2363 3585 2699 3646 constituere,

227 3671 570 3736 expediretne
611 3687 888 3721 excurrere
925 3677 1074 3721 extra
1109 3671 1462 3736 Evangelium
1501 3677 1554 3721 et
1589 3671 1755 3722 Actus
1791 3671 1869 3734 A„
1913 3676 1973 3720 ut
2008 3671 2109 3721 illis
2146 3671 2317 3720 lucem
2362 3685 2699 3720 accersamus

225 3775 254 3806 c
297 3765 538 3809 veterum
583 3759 938 3809 Historiarum
986 3760 1322 3809 monimentis
1367 3763 1420 3808 et
1465 3759 1785 3824 Temporum
1836 3759 2091 3808 calculis?
2160 3759 2348 3808 Utrum
2395 3759 2703 3808 conveniret

227 3845 555 3911 explicandis
622 3847 948 3911 praecipuis·
985 3847 1300 3896 Dominicae
1366 3851 1526 3912 atque
1585 3845 1926 3910 Apostolicae
1988 3845 2376 3910 chronologiae
2439 3845 2701 3910 capitibus

230 3946 420 3997 augere
459 3931 654 3982 molem
689 3931 810 3982 libri
846 3932 1009 3982 futuri
1045 3949 1140 3997 per
1178 3949 1234 3982 se
1265 3933 1478 3983 omnino
1514 3933 1677 3983 iusti?
1726 3935 1915 3983 Annon
1952 3932 2239 3982 conficeret
2272 3934 2504 3982 animum
2542 3933 2699 3992 curis,

228 4033 356 4084 opus
405 4022 555 4068 tanto
603 4018 789 4068 labore
837 4018 1168 4084 parandum?
1212 4019 1462 4085 quodque
1507 4025 1566 4069 ut
1601 4019 1737 4068 bene
1776 4021 2124 4069 sustineretur
2169 4020 2392 4084 requirit
2438 4019 2699 4068 hominem

227 4111 417 4168 totum,
456 4111 512 4155 et
548 4105 760 4170 quidem
795 4120 904 4155 non
940 4121 1118 4155 unum.
1179 4105 1286 4154 Sed
1323 4121 1442 4154 cum
1479 4105 1634 4155 oculo
1673 4107 1729 4154 in
1764 4106 1819 4154 id
1855 4121 2063 4171 semper
2098 4106 2351 4156 fuerimus
2388 4106 2599 4165 intenti,
2644 4109 2703 4152 ut

227 4192 490 4242 Historias
537 4191 730 4241 Sacras
777 4193 932 4242 nobis
977 4193 1203 4258 aliisque
1249 4193 1589 4242 redderemus
1636 4193 2017 4257 expeditiores3
2068 4193 2325 4242 subiimus
2370 4191 2606 4241 laborem
2646 4198 2702 4241 nt

226 4279 340 4329 aliis
367 4279 700 4344 -inprimis
737 4278 840 4328 illis
878 4280 1068 4344 quibus
1105 4279 1334 4330 facultas
1373 4279 1584 4328 deesset
1628 4293 1793 4344 opera
1828 4279 2229 4344 chronologica,
2276 4279 2367 4328 ubi
2414 4279 2699 4344 pleraeque

223 4381 304 4416 res
357 4366 466 4416 huc
519 4371 826 4431 spectantes
879 4366 1231 4431 requirendae
1286 4371 1486 4428 essent,
1545 4366 1755 4434 legendi
1793 4395 1858 4402 —
1894 4366 2294 4432 prodessemus3
2350 4367 2443 4414 sed
2492 4372 2546 4415 et
2599 4367 2701 4431 ipsi

224 4451 568 4518 disquirendo
615 4451 993 4502 chronotaxim
1030 4453 1092 4502 N.
1129 4453 1210 4514 F„
1255 4454 1312 4501 in
1349 4455 1655 4502 narratione
1704 4467 1877 4502 rerum
1916 4467 1949 4501 a
1986 4451 2195 4502 Christo
2237 4457 2394 4519 atque
2430 4453 2699 4518 A’postolis

223 4546 516 4604 gestarum,
563 4539 708 4588 haud
751 4539 1087 4589 mediocriter
1131 4539 1304 4590 adiuti
1351 4555 1547 4590 sumus.
1621 4541 1685 4588 In
1732 4539 1833 4588 hoc
1878 4541 1922 4588 si
1970 4538 2122 4588 finem
2170 4540 2323 4590 nobis
2372 4541 2697 4605 propositum

223 4641 327 4676 non
364 4627 712 4692 attigerimus,
750 4626 946 4692 aliique
983 4626 1207 4676 feliciori
1233 4625 1286 4675 id
1311 4627 1568 4676 facientes
1606 4641 1874 4688 successu,
1912 4633 2121 4676 nostros
2148 4627 2193 4676 si
2216 4641 2349 4692 quos
2384 4627 2697 4686 invenerint,

223 4729 427 4762 errores
453 4714 807 4778 correxerint3
847 4713 980 4764 adeo
1007 4729 1114 4763 non
1139 4713 1370 4764 feremus
1394 4713 1450 4762 id
1475 4729 1651 4779 aegre,
1690 4718 1749 4762 ut
1774 4729 1893 4762 cum
1920 4714 2081 4763 animi
2112 4714 2468 4779 gratulatione
2494 4713 2701 4760 sincera

2323 4802 2389 4848 a*
