3267 5259
607 436 737 503 446
1340 450 1456 491 nist.
1488 448 1594 491 Rev.
1624 450 1714 493 div.
1743 449 1910 493 Pei-iod.
1940 448 1996 491 11.
2017 462 2114 501 cap.
2143 450 2343 501 primum.

607 628 691 691 D.
739 626 819 691 N.
866 625 928 691 J.
977 626 1050 691 C.
1114 634 1489 690 constantes
1547 626 1898 711 persistant
1923 629 1959 689 ¹.
2010 625 2306 691 Caveant
2349 626 2472 690 sibi
2515 650 2558 691 a
2599 627 2789 691 novis
2835 624 3068 690 theoso-

608 739 885 827 phorum
946 749 1012 803 et
1054 738 1517 803 iudaizantium
1582 740 1966 804 commentis
1985 740 2030 804 ².
2093 738 2228 805 Cur
2295 738 2737 825 superstitiose
2803 738 3072 839 colerent

608 853 897 938 angelos,
968 854 1151 938 quasi
1219 852 1514 935 religioni
1576 852 1791 917 adhuc
1858 852 2286 939 imperfectae
2355 851 2596 918 addicti
2617 852 2689 917 ⁸⁴?
2753 874 2906 917 cum
2971 874 3073 937 per

606 968 1012 1053 Baptismum
1056 975 1276 1029 tamen
1323 965 1557 1029 mortui
1592 966 1738 1048 sint,
1773 965 2096 1051 simulque
2147 988 2296 1031 cum
2325 965 2369 1031 J
2373 989 2488 1031 esu
2519 966 2584 1029 in
2615 988 2858 1031 novam
2891 966 3072 1028 vitam

604 1082 913 1161 suscitati,
962 1087 1369 1165 appeterent,
1428 1099 1597 1164 quae
1645 1088 1796 1142 sunt
1838 1081 1906 1142 in
1952 1078 2171 1160 coelis,
2217 1078 2327 1143 ubi
2361 1079 2510 1145 Deo
2562 1079 2801 1145 dexter
2847 1078 3080 1161 assidet

606 1194 897 1259 Christus
916 1196 962 1255 4.
1010 1192 1159 1256 Hoc
1191 1191 1625 1274 attendentes,
1651 1191 1947 1256 facerent
1979 1214 2183 1277 opera
2214 1214 2427 1257 novae
2459 1194 2525 1256 in
2557 1191 2819 1258 Christo
2851 1194 3018 1256 vitae
3035 1195 3072 1253 ⁵.

603 1308 889 1371 Rediens
936 1306 1019 1369 ad
1068 1306 1288 1370 officia
1335 1303 1633 1371 omnibus
1681 1306 2074 1387 communia,
2117 1313 2390 1370 cunctos
2421 1305 2719 1371 hortatur
2751 1304 2840 1369 ad
2870 1315 3072 1391 perse-

602 1422 965 1484 verantiam
1030 1420 1095 1482 in
1166 1418 1458 1483 oratione
1480 1421 1523 1482 θ.
1592 1416 1654 1483 Α
1721 1416 2012 1504 Tychico
2089 1417 2278 1483 huius
2349 1418 2662 1505 epistolae
2711 1418 2956 1501 baiulo,
3013 1428 3068 1481 et

604 1532 685 1597 ab
720 1533 1033 1597 Onesimo
1067 1541 1487 1617 cognoscent,
1531 1553 1699 1617 quae
1749 1532 1922 1595 circa
1954 1530 2230 1595 Paulum
2275 1531 2526 1597 Romae
2573 1541 2874 1617 agantur.
2919 1530 3068 1596 Sues

602 1647 1059 1731 sociorumque
1084 1648 1105 1687 ⁷
1150 1644 1570 1709 salutationes
1616 1642 1818 1708 addit.
1862 1643 2114 1708 Salutat
2159 1644 2356 1709 etiam
2387 1643 2614 1709 fideles
2645 1643 3066 1725 Laodicenos,

600 1760 913 1845 imprimis
972 1756 1343 1843 Nympham
1364 1760 1406 1839 ⁸,
1470 1778 1748 1843 eamque
1798 1779 1966 1843 quae
2034 1758 2100 1822 in
2172 1756 2366 1822 domo
2437 1758 2574 1821 eius
2642 1768 3066 1843 congregatur

810 2026 847 2087 1)
886 2024 1037 2085 Quae
1074 2020 1205 2071 fides
1244 2024 1299 2070 in
1336 2020 1590 2086 plurimas
1618 2036 2048 2086 quaquaversum
2075 2022 2386 2087 praedicata
2411 2028 2492 2071 est
2523 2023 2791 2087 regiones.
2829 2020 3066 2071 Declarat

602 2128 659 2162 se
696 2128 792 2177 per
828 2112 933 2161 Dei
968 2110 1297 2160 voluntatem
1334 2110 1686 2158 constitutum
1723 2124 1842 2158 esse
1877 2109 2164 2173 Evangelii
2201 2111 2498 2159 ministrum
2536 2109 2607 2159 ad
2649 2108 3068 2174 patefaciendum

600 2200 863 2250 Gentibus
900 2198 1207 2262 mysterium
1245 2196 1505 2246 hactenus
1540 2197 1890 2261 incognitum,
1928 2211 2022 2260 pro
2059 2212 2165 2261 quo
2209 2196 2412 2247 Paulus
2457 2199 2510 2245 in
2547 2197 2800 2261 gentibus
2839 2195 2989 2260 plene
3023 2200 3070 2244 et

596 2286 835 2352 perfecte
870 2283 1247 2335 annunciando
1284 2283 1452 2333 multo
1491 2282 1688 2348 gaudio
1728 2288 1782 2333 et
1817 2283 1990 2347 gloria
2026 2285 2239 2348 potitur.
2267 2286 2314 2344 1,
2351 2286 2413 2333 21
2445 2312 2510 2320 —
2535 2286 2617 2334 29.
2659 2282 2742 2333 Cf.
2780 2284 2842 2333 F.
2879 2282 3068 2340 Liicke,

600 2373 737 2439 expl.
766 2372 869 2423 loc.
892 2370 1100 2424 Coloss.
1130 2373 1177 2434 1,
1200 2372 1283 2419 24.
1312 2370 1457 2420 Gott.
1488 2370 1638 2420 1833.
1677 2370 1839 2420 Suam
1865 2386 1906 2421 s.
1928 2370 2130 2420 Paulus
2156 2386 2252 2435 pro
2275 2370 2688 2422 Colossensibus
2709 2376 2767 2419 et
2786 2369 3070 2421 Laodicen·

598 2462 748 2511 sibus
769 2459 1185 2511 sollicitudinem
1206 2458 1394 2522 aperit.
1423 2457 1570 2507 Scire
1589 2456 1750 2507 velim
1773 2458 1920 2521 dicit,
1941 2462 2144 2522 quanta
2161 2462 2344 2507 teneat
2361 2473 2446 2507 me
2465 2459 2644 2520 vestri,
2663 2458 3069 2508 Laodicensium

598 2548 947 2613 aliorumque,
976 2546 1068 2611 qui
1094 2560 1265 2611 aeque
1289 2560 1355 2595 ac
1373 2560 1471 2595 vos
1496 2561 1579 2595 me
1604 2560 1877 2610 nunquam
1901 2545 2150 2595 viderunt
2177 2545 2242 2595 de
2264 2545 2424 2607 facie,
2441 2560 2584 2595 cura.
2611 2544 2766 2595 Haec
2786 2544 2994 2610 quidem
3011 2558 3067 2592 eo

596 2641 822 2701 spectat,
848 2640 909 2684 ut
942 2633 1103 2699 plane
1141 2634 1388 2682 instructi
1415 2633 1551 2693 sitis,
1590 2634 1736 2682 circa
1769 2648 1834 2682 ea
1859 2646 1998 2697 quae
2033 2631 2102 2681 ad
2130 2633 2490 2696 cognitionem
2513 2632 2616 2681 Dei
2653 2631 2814 2681 unius
2840 2637 2898 2681 et
2919 2630 3068 2687 Trini,

596 2739 696 2773 nec
734 2740 839 2774 non
878 2721 1117 2787 mysterii
1155 2720 1538 2769 incarnationis
1578 2718 1646 2769 D.
1673 2720 1738 2769 N.
1762 2719 1814 2770 J.
1844 2719 1902 2769 C.
1938 2721 2220 2784 pertinent.
2275 2718 2337 2767 In
2374 2734 2479 2783 quo
2520 2718 2735 2768 Christo
2771 2718 2908 2768 Jesu
2949 2718 3070 2765 Deo·

596 2812 811 2861 homine
860 2808 1031 2859 abditi
1072 2809 1413 2857 continentur
1459 2822 1640 2856 omnes
1690 2807 1927 2857 thesauri
1965 2808 2266 2872 sapientiae
2303 2812 2356 2857 et
2392 2808 2668 2856 scientiae.
2721 2806 2984 2855 Admonet
3015 2808 3068 2852 ut

596 2896 1039 2962 quemadmodum
1086 2896 1154 2945 ab
1202 2894 1457 2960 Epaphra
1512 2894 1782 2945 Christum
1831 2895 2005 2945 edocti
2055 2894 2271 2957 fuerint,
2327 2895 2404 2944 ita
2459 2894 2596 2945 hanc
2652 2895 2871 2943 nonnisi
2915 2894 3065 2941 vitam

598 2984 869 3050 degerent,
908 2987 962 3031 et
996 2983 1052 3031 in
1089 2981 1193 3032 fide
1230 2980 1528 3046 proficiant.
1566 2985 1616 3045 2,
1647 2983 1796 3032 1-7.
1848 2982 1888 3047 ²)
1925 2983 1972 3033 A
1999 2983 2211 3033 Christo
2237 2983 2373 3045 Deo,
2412 2983 2554 3032 omni
2587 2981 2763 3031 ordini
2801 2981 3064 3046 spirituum

596 3071 903 3138 superioris,
930 3072 985 3119 in
1006 3068 1308 3119 Ecclesiam
1335 3072 1555 3134 recepti,
1582 3070 1653 3119 ad
1674 3069 1805 3134 quid
1827 3070 2176 3120 observarent
2194 3067 2450 3135 Legalia‘?
2490 3068 2530 3133 3)
2559 3070 2606 3131 2,
2629 3070 2820 3118 8-23,
2857 3069 2896 3133 ⁴)
2921 3066 3065 3130 Cogi-

593 3162 773 3209 tarent
796 3173 935 3223 quae
961 3160 1085 3207 sunt
1110 3171 1357 3221 superna,
1387 3156 1726 3221 despicerent
1750 3160 2033 3208 terrestria.
2061 3157 2446 3207 Mortificarent
2467 3158 2665 3207 veteris
2685 3156 2831 3206 illius
2851 3154 3062 3206 hominis

593 3248 845 3306 membra,
883 3247 917 3294 i.
950 3261 995 3294 e.
1031 3245 1169 3294 vitia
1204 3246 1382 3294 omnia
1418 3250 1527 3293 tum
1566 3259 1704 3309 quae
1743 3260 1982 3309 corpore,
2021 3251 2132 3295 tum
2169 3260 2310 3310 quae
2347 3244 2524 3306 corde,
2563 3250 2678 3295 tum
2715 3259 2856 3309 quae
2892 3243 3064 3307 lingua

596 3335 1011 3383 committuntur.
1036 3334 1083 3392 3,
1112 3334 1262 3382 1-9.
1298 3331 1590 3381 Induerent
1624 3348 1823 3382 novum
1860 3332 2142 3393 hominem,
2182 3334 2334 3381 cuius
2364 3333 2410 3382 ai
2447 3331 2818 3381 consideretur
2850 3329 3062 3385 indoles,

594 3420 727 3469 nihil
756 3420 1077 3469 discriminis
1114 3419 1401 3469 intercedit
1435 3421 1576 3469 inter
1612 3420 1882 3469 ethnicum
1920 3426 1974 3469 et
2009 3419 2293 3479 Judaeum,
2323 3419 2606 3469 barbarum
2640 3425 2694 3467 et
2731 3418 2978 3483 Scytham
3009 3444 3060 3451 -—-

596 3510 722 3572 quia
746 3524 852 3557 vox
876 3502 1063 3571 Ἕλλην
1092 3508 1145 3557 in
1173 3522 1337 3557 causa
1356 3506 1633 3571 religionis
1653 3507 1865 3557 Judaeo
1888 3508 2150 3572 opposita,
2171 3506 2348 3557 sedem
2369 3508 2474 3556 iam
2495 3512 2808 3572 occuparat,
2827 3502 3064 3555 vitandae

594 3595 939 3644 obscuritatis
978 3608 1143 3643 causa
1178 3596 1360 3658 posuit
1384 3593 1600 3659 Scytha.
1653 3594 1734 3645 Cf.
1761 3596 1827 3644 H.
1855 3594 2132 3657 Trierenb,
2159 3595 2287 3643 diss.
2313 3594 2380 3644 de
2406 3594 2553 3644 barb.
2583 3594 2766 3658 Scyth.
2793 3608 2975 3659 oppos.
3001 3590 3064 3640 ad

596 3682 803 3731 Coloss.
830 3682 877 3741 3,
904 3684 953 3729 2.
990 3682 1048 3729 in
1072 3681 1230 3731 Thes.
1256 3681 1329 3730 th.
1355 3681 1445 3746 ph.
1469 3697 1521 3746 p.
1548 3682 1667 3732 622.
1695 3696 1755 3744 s.,
1787 3709 1851 3718 —
1882 3696 2092 3731 servum
2132 3686 2186 3731 et
2221 3684 2524 3747 ingenuum,
2563 3696 2748 3731 omnes
2783 3677 3064 3730 Christiani

592 3784 732 3818 unus
770 3773 897 3818 sunt
924 3768 1191 3831 Christus3
1232 3768 1479 3818 Christus
1505 3768 1613 3818 illis
1642 3769 1888 3819 omnibus
1916 3774 1998 3818 est
2023 3771 2216 3820 omnia.
2243 3770 2292 3829 3,
2322 3771 2404 3819 11.
2455 3769 2496 3833 ⁵)
2535 3766 2657 3817 Sint
2687 3766 3065 3822 misericordes,

592 3858 895 3906 sustineant
931 3854 1282 3917 infirmitates,
1323 3855 1631 3907 condonent
1680 3856 1939 3919 offensas3
1992 3872 2152 3920 super
2199 3856 2378 3906 omnia
2432 3858 2712 3905 caritatem
2750 3856 2982 3905 habeant
3017 3859 3066 3901 et

590 3945 712 4009 paci
749 3944 1013 4003 studeant,
1050 3942 1266 3993 assidue
1302 3942 1585 3993 intendant
1621 3940 1896 3993 doctrinae
1934 3942 2275 4005 christianae,
2311 3942 2520 4007 hymnis
2559 3951 2614 3993 et
2647 3944 2878 3993 canticis
2914 3942 3062 4007 spiri-

590 4032 827 4081 tualibus
854 4030 925 4081 ad
950 4031 1115 4079 vitam
1142 4036 1379 4081 sanctam
1408 4046 1465 4081 se
1491 4036 1675 4081 mutuo
1702 4031 1951 4091 excitent,
1980 4030 2350 4095 quodcumque
2377 4030 2584 4080 demum
2611 4038 2848 4096 agerent,
2873 4030 2940 4079 ad
2963 4029 3064 4077 Dei

591 4118 815 4184 gloriam
856 4117 1101 4167 reserant.
1140 4120 1188 4181 3,
1227 4120 1290 4167 12
1312 4146 1377 4155 —-
1401 4121 1481 4169 17.
1520 4119 1603 4169 Ad
1641 4120 1881 4185 singulos
1919 4134 2076 4184 porro
2115 4134 2403 4169 conversus
2439 4120 2764 4185 Apostolusz
2799 4120 3064 4183 coniuges,

588 4210 855 4271 parentes,
892 4204 1113 4266 liberos,
1150 4204 1409 4269 dominos,
1462 4222 1644 4256 servos
1694 4221 1794 4257 sna
1831 4206 1988 4257 docet
2023 4206 2202 4257 officia
2242 4207 2426 4256 eadem
2465 4205 2625 4272 plane
2663 4208 2869 4257 ratione
2902 4212 2961 4255 ut
2995 4202 3062 4252 ad

586 4294 873 4358 Ephesios.
910 4295 959 4354 3,
991 4295 1071 4343 18.
1096 4322 1162 4329 -
1189 4295 1238 4355 4,
1270 4296 1315 4343 1.
1382 4293 1421 4360 ⁶)
1459 4293 1818 4343 Precarentur
1863 4295 2054 4357 Deum,
2109 4300 2170 4343 ut
2213 4293 2476 4359 Apostolo
2523 4296 2742 4345 occasio
2793 4294 2942 4343 detur
2994 4290 3060 4339 ad

586 4381 851 4445 intrepide
877 4381 1307 4431 annunciandum
1333 4380 1717 4447 Evangelium3
1755 4381 2062 4447 singulatim
2088 4380 2484 4431 Incarnationis
2515 4382 2840 4445 mysterium.
2869 4378 3056 4443 Jugem

586 4467 920 4518 vinculorum
947 4484 1161 4519 suorum
1196 4470 1431 4533 iniungit
1466 4470 1790 4528 memoriam,
1830 4468 2166 4519 commendat
2189 4484 2482 4519 sermonem
2509 4470 2686 4533 gratia
2709 4474 2762 4518 et
2785 4466 3058 4532 prudentia

586 4554 875 4605 conditum.
898 4557 946 4618 4,
968 4558 998 4605 2
1025 4584 1091 4593 —
1116 4558 1164 4605 6.
1204 4557 1243 4620 ⁷)
1265 4556 1579 4620 Aristarchi,
1606 4556 1643 4607 J
1647 4572 1742 4607 esu
1767 4556 1994 4607 Romani
2020 4557 2339 4621 cognomine
2363 4556 2520 4617 Iusti,
2547 4555 2848 4620 Epaphras,
2873 4554 3053 4604 Lucae

585 4645 746 4705 atque
784 4642 987 4692 Demae
1022 4645 1253 4693 nomine.
1309 4642 1351 4709 ⁸)
1388 4641 1593 4711 Νυμφᾶς
1643 4644 2016 4694 abbreviatum
2071 4660 2138 4693 ex
2185 4638 2550 4712 Νυμφόδωρος;
2611 4658 2720 4695 non
2755 4649 2837 4692 est
2867 4652 3056 4691 nomen
