3267 5259
1204 422 1407 465 Christus
1430 423 1644 464 mortuus.
2553 410 2674 475 155

220 599 367 649 cordis
400 598 699 649 vehementi
736 599 856 649 nisu
890 604 1227 664 penetrasse,
1273 598 1479 665 placuit
1521 598 1702 649 multis
1746 603 1986 649 veterum
2023 603 2078 648 et
2111 600 2466 649 recentiorum
2513 600 2672 649 inter-

220 694 407 751 pretum.
464 687 585 735 Non
623 688 785 751 pauci
824 701 888 735 ex
922 686 1233 735 membrana
1270 701 1361 735 cor
1397 686 1732 749 involvente,
1785 686 1952 752 aliqui
2003 702 2069 736 ex
2103 686 2337 736 thoracis
2375 687 2674 751 capacitate

220 773 501 822 derivarunt.
554 773 670 822 Nos
708 772 953 837 equidem
988 772 1220 822 libenter
1256 772 1616 835 concedimus,
1655 788 1763 823 non
1801 773 1935 822 adeo
1975 773 2336 839 quaerendum
2374 789 2492 823 esse
2529 773 2672 824 solli-

218 860 317 917 cite,
348 858 479 908 unde
514 860 758 924 sang-uis,
785 860 877 924 qui
901 875 1022 909 cum
1046 874 1190 924 aqua
1224 859 1441 909 fluxisse
1482 858 1691 923 dicitur,
1717 862 1980 910 manarit?
2021 860 2100 909 Ac
2126 876 2192 909 ne
2218 874 2475 911 nauseam
2499 862 2673 925 paria-

218 962 311 995 mus
342 946 541 1011 prolixa
578 947 1043 1007 commentatione,
1082 946 1216 995 illud
1252 947 1357 995 nisi
1388 945 1649 1009 addimus,
1687 962 1731 997 s.
1756 947 2020 997 Joannern
2053 949 2346 1014 tergemina
2381 948 2675 997 assertione

220 1034 285 1093 19,
315 1034 390 1083 35.
422 1032 581 1082 fidem
634 1034 853 1083 fecisse:
912 1033 1055 1099 quod
1099 1032 1295 1083 milites
1340 1032 1476 1083 Jesu
1521 1048 1678 1083 crura
1725 1049 1834 1084 nou
1883 1034 2177 1099 fregerunt,
2229 1034 2676 1100 quemadmodum

216 1119 270 1167 ab
300 1121 417 1185 ipsis
452 1120 628 1170 fracta
664 1124 793 1169 sunt
827 1135 983 1169 crura
1018 1120 1301 1182 latronum,
1342 1117 1590 1185 quodque
1626 1136 1766 1171 unus
1801 1122 2026 1170 militum
2069 1120 2260 1171 lancea
2305 1136 2402 1171 sua
2442 1121 2676 1186 perfodit

216 1205 325 1255 Jesu
366 1205 527 1269 latus,
576 1206 723 1255 unde
770 1208 991 1271 sanguis
1029 1210 1083 1255 et
1119 1220 1261 1271 aqua
1296 1207 1463 1256 exivit
1497 1208 1691 1257 statim.
1753 1208 1960 1269 Quibus
2008 1206 2298 1257 clarissime
2344 1206 2676 1257 confirmavit

214 1292 371 1343 Jesum
401 1309 525 1343 vere
560 1295 621 1343 in
659 1308 821 1342 cruce
856 1298 1119 1343 mortuum
1158 1306 1291 1342 esse.
1340 1293 1583 1343 Remittit
1618 1298 1797 1344 autem
1833 1310 1932 1344 nos
1967 1296 2190 1359 insuper
2213 1293 2564 1359 Evangelista
2603 1294 2674 1343 ad

216 1379 403 1429 oracula
440 1380 761 1447 prophetica
801 1379 975 1431 Exod.
1015 1382 1096 1441 12,
1132 1382 1217 1429 46.
1256 1379 1379 1430 coll.
1412 1380 1456 1430 Ι.
1493 1380 1614 1430 Cor.
1650 1382 1700 1443 5,
1731 1382 1776 1431 7.
1815 1380 1975 1431 Zach-
2012 1383 2095 1443 12,
2135 1383 2233 1443 10.,
2281 1384 2499 1446 propter
2535 1395 2673 1445 quae

214 1473 261 1514 ut
291 1469 565 1529 evenirent,
606 1466 809 1517 accidit
837 1466 1104 1516 Christum
1140 1468 1418 1516 traiectum
1454 1483 1550 1533 per
1585 1465 1728 1517 latus
1766 1467 1980 1517 laticem
2019 1471 2178 1533 atque
2216 1483 2457 1517 cruorem
2495 1483 2670 1533 agere.

217 1552 287 1601 Sic
319 1570 406 1619 pro
441 1556 611 1605 servis
639 1554 904 1604 Dominus
940 1554 1185 1618 moritur3
1222 1570 1318 1617 pro
1358 1555 1603 1604 sontibus
1639 1553 1850 1615 Insons,
1889 1570 1984 1619 pro
2024 1558 2242 1619 aegroto
2268 1553 2536 1618 Medicus3
2575 1570 2670 1621 pro

214 1654 348 1705 grege
380 1641 570 1691 Pastor
606 1642 738 1691 obit.
795 1641 899 1690 Pro
937 1640 1134 1706 populo
1171 1640 1286 1691 Rex
1324 1646 1612 1704 mactatur3
1661 1656 1757 1706 pro
1795 1641 1960 1690 milite
1998 1640 2231 1704 Ductor;
2270 1656 2473 1707 proque
2511 1656 2671 1706 opere

213 1727 309 1789 ipso
353 1728 565 1793 Opisex;
624 1742 835 1793 proque
884 1727 1097 1778 homine
1131 1730 1248 1793 ipse
1283 1728 1450 1777 Deus.
1504 1728 1738 1777 Exstant
1773 1729 1910 1779 istae
1956 1726 2208 1778 historiae
2247 1725 2392 1793 apud
2417 1728 2588 1779 solum
2625 1734 2678 1777 et

217 1813 397 1879 quidem
432 1832 483 1865 u.
517 1831 570 1864 v.
612 1820 807 1865 testem
846 1814 1115 1865 oculatum
1164 1832 1206 1865 s.
1244 1815 1511 1865 Joannem
1541 1816 1622 1877 19,
1650 1816 1734 1865 32.
1761 1831 1803 1864 s.

895 2129 953 2207 ξ.
988 2128 1091 2193 34.
1156 2124 1510 2189 Christus
1558 2125 1964 2211 sepelitur.

388 2333 754 2421 Supremas
800 2334 1169 2399 mortalium
1230 2334 1464 2416 honos,
1528 2333 1862 2419 sepultura
1917 2357 2177 2421 semper
2239 2346 2337 2399 est
2391 2334 2674 2418 habitus,

212 2468 323 2529 pax
350 2458 413 2511 et
440 2450 629 2533 quies
664 2446 1149 2528 defunctorum,
1196 2446 1491 2510 vivorum
1524 2445 1826 2512 solatium
1848 2451 1885 2511 ¹.
1940 2446 2356 2512 Dominicam
2391 2446 2676 2533 sepultu-

212 2580 327 2621 ram
358 2559 529 2645 quod
563 2562 821 2641 attinet,
869 2558 1117 2623 dudum
1148 2560 1362 2645 ipsum
1392 2558 1616 2641 Isaiae,
1667 2557 1922 2623 duobus
1968 2557 2316 2624 illustribus
2357 2562 2678 2625 vaticiniis

213 2670 605 2754 celebravit2,
672 2694 885 2757 eaque
940 2683 1212 2758 propter
1271 2681 1579 2735 accurate
1628 2671 2069 2757 expendenda
2115 2674 2254 2737 erit.
2313 2672 2677 2737 Inclinante

212 2780 297 2846 die
324 2783 691 2871 ‹Iosephus-‘⁵
738 2784 823 2848 ab
856 2784 1259 2848 Arimathia⁴
1314 2786 1414 2847 vir
1460 2782 1693 2870 opibus
1727 2808 1805 2849 ac
1839 2782 2152 2869 dignitate
2187 2784 2620 2871 amplissimus
2635 2789 2679 2868 ⁵,

212 2896 475 2961 uceultus
523 2896 769 2963 Christi
816 2896 1169 2982 discipulus
1191 2900 1232 2981 ⁶,
1286 2896 1569 2961 Pilatum
1616 2897 1793 2980 adiit,
1858 2908 1929 2961 ut
1975 2896 2057 2961 ab
2107 2921 2184 2962 eo
2234 2897 2681 2984 sepeliendum

209 3006 347 3073 Jesu
404 3033 645 3097 corpus
706 3011 1089 3096 impetraret
1106 3013 1145 3073 ⁷.
1229 3010 1555 3075 Haeserat
1614 3009 2014 3096 aliquamdiu
2079 3010 2356 3075 Praeses
2425 3011 2680 3094 dubiuS,

211 3121 361 3203 quod
404 3134 539 3187 tam
588 3124 720 3187 cito
770 3121 1005 3188 obierit
1050 3122 1364 3187 Christus.
1411 3122 1752 3202 Quaesivit
1797 3145 1835 3186 a
1875 3124 2275 3205 centurione,
2325 3124 2433 3208 qui
2469 3133 2681 3188 custo-

210 3230 333 3298 diae
376 3237 761 3321 praefectus
810 3245 977 3317 erat‚
1042 3258 1125 3299 an
1171 3236 1261 3299 ita
1304 3258 1410 3300 res
1458 3258 1526 3299 se
1572 3234 1890 3300 haberet?
1958 3258 1998 3298 a
2059 3257 2188 3321 quo
2253 3258 2398 3299 cum
2446 3258 2678 3300 verum

394 3549 433 3614 ¹)
490 3552 545 3600 S.
586 3552 953 3616 Augustinus,
1003 3551 1069 3600 de
1105 3550 1219 3600 civ.
1254 3553 1321 3601 D.
1359 3556 1406 3613 1,
1446 3554 1525 3601 12.
1564 3568 1616 3617 p.
1656 3554 1734 3602 19.
1798 3552 1838 3617 ²)
1886 3555 1968 3614 11,
2011 3554 2090 3603 10.
2130 3554 2214 3614 53,
2253 3556 2302 3603 9.
2365 3552 2406 3617 ³)
2451 3552 2682 3601 Duobus

207 3634 433 3701 Josephis
472 3638 721 3689 Christus
772 3638 1006 3688 creditus
1056 3644 1151 3687 est.
1213 3639 1320 3689 Uni
1367 3640 1517 3689 initio
1569 3642 1741 3703 vitae,
1797 3655 1830 3690 a
1885 3656 1989 3705 quo
2039 3642 2352 3705 nutriretur3
2414 3640 2568 3690 alteri
2630 3641 2685 3689 in

212 3718 297 3769 fine
326 3737 359 3772 a
396 3740 503 3790 quo
542 3725 881 3790 sepeliretur.
944 3722 985 3789 ⁴)
1021 3726 1085 3775 V.
1122 3730 1229 3775 not.
1274 3730 1311 3775 t.
1347 3743 1387 3776 s.
1423 3742 1631 3792 geogr„
1663 3744 1712 3792 p.
1749 3727 1889 3777 LVI.
1951 3728 1994 3793 ⁵)
2041 3728 2241 3793 Utpote
2280 3728 2520 3790 decuri0‚
2570 3724 2688 3791 βου-

206 3803 373 3872 )-ῖυτῆς,
426 3810 677 3876 Synedrii
726 3826 993 3873 assessor,
1044 3812 1134 3877 qui
1184 3812 1533 3877 exspectabat
1567 3829 1790 3877 regnum
1827 3813 2046 3876 Christi,
2095 3829 2272 3879 neque
2311 3829 2430 3863 cum
2467 3813 2682 3863 iudaice

210 3901 373 3945 senatu
409 3898 477 3951 de
512 3896 885 3947 interficiendo
923 3899 1153 3947 Domino
1192 3904 1447 3949 senserat.
1494 3900 1627 3949 Luc.
1657 3902 1739 3963 23,
1779 3902 1862 3950 50.
1925 3900 1967 3964 ⁶)
2012 3900 2151 3951 Ante
2197 3901 2266 3951 ob
2313 3904 2508 3950 metum
2553 3899 2685 3949 late-

210 3980 309 4041 hm
352 3984 457 4033 iarn
492 3986 549 4035 in
588 3999 751 4033 cruce
787 3984 1067 4050 pendentis
1104 3984 1239 4035 Jesu
1276 3986 1532 4035 audacter
1578 4002 1635 4036 se
1684 3987 1884 4038 fatetur
1929 3987 2262 4053 discipulum.
2327 3988 2430 4036 Hic
2485 3986 2686 4037 fructus

216 4066 461 4120 Passionis
498 4078 597 4121 est.
664 4070 705 4136 ⁷)
744 4070 854 4119 Gur
889 4070 1160 4135 Josephus
1196 4073 1351 4136 petiit
1388 4087 1421 4121 a
1456 4073 1630 4123 Pilato
1671 4088 1864 4139 corpus
1899 4074 2152 4123 Domini?
2189 4073 2430 4139 Corpora
2466 4072 2684 4122 damna-

214 4162 359 4206 torum
394 4174 507 4209 non
542 4162 799 4222 poterant
833 4157 1045 4223 sepeliri
1086 4158 1291 4223 absque
1329 4158 1549 4209 licentia
1583 4160 1872 4222 Praesidis‚
1911 4176 2084 4225 neque
2120 4160 2263 4210 ullus
2301 4159 2687 4225 perduellionis

212 4256 351 4293 causa
384 4245 573 4295 ultimo
611 4244 837 4295 affectus
872 4244 1139 4309 supplicio
1178 4272 1243 4281 -
1282 4245 1402 4295 coll.
1439 4247 1652 4309 Tacito,
1691 4246 1882 4296 Annal.
1921 4245 2014 4307 VI,
2041 4248 2123 4295 29.
2163 4263 2213 4311 p.
2244 4247 2359 4296 198.
2410 4244 2684 4307 Svetonio‚

214 4326 257 4376 in
285 4330 503 4382 Octavio
538 4349 593 4383 n.
623 4335 709 4393 13,
746 4349 799 4397 p.
826 4335 909 4383 61.
938 4332 1007 4381 ad
1046 4349 1095 4397 q.
1122 4348 1173 4383 v.
1200 4333 1251 4383 J.
1283 4334 1480 4398 Lipsii‚
1520 4350 1706 4384 comm.
1743 4336 1798 4383 in
1833 4334 1868 4383 l.
1893 4334 1985 4383 VI.
2024 4334 2159 4383 Anu.
2195 4333 2370 4383 Taciti
2407 4332 2490 4383 ed.
2528 4332 2686 4382 Antv.

214 4416 341 4467 1607.
372 4434 425 4483 p.
467 4422 585 4469 155.
631 4420 777 4469 Dan.
811 4419 1147 4484 Maphauafl‚
1197 4420 1395 4470 confut.
1432 4421 1594 4471 Pilati
1632 4421 1838 4471 defensi
1884 4436 1918 4471 a
1962 4421 2013 4471 J.
2053 4418 2296 4469 Steller0.
2343 4421 2494 4485 Lips.
2533 4421 2684 4469 1676.

212 4514 249 4547 e.
271 4502 343 4553 24.
380 4532 447 4541 -—
484 4505 643 4557 humo
683 4506 846 4556 condi
882 4508 1073 4572 potuit,
1112 4508 1215 4558 nisi
1251 4507 1443 4557 iudicis
1480 4508 1832 4572 indulgentia.
1896 4508 2028 4557 Cum
2065 4508 2247 4574 itaque
2287 4505 2529 4556 Christus
2567 4522 2686 4571 per-

212 4584 478 4641 duellionis
515 4596 634 4642 utut
672 4593 933 4641 immerito
971 4592 1255 4643 damnatus
1304 4593 1489 4656 fuerit,
1549 4594 1614 4643 de
1665 4610 1820 4643 cruce
1871 4597 1923 4642 et
1973 4594 2168 4659 deponi
2219 4599 2270 4643 et
2321 4593 2534 4658 sepeliri
2582 4607 2691 4641 non
