3267 5259
599 409 722 477 168
1260 420 1377 463 mat.
1406 420 1513 463 nav.
1542 420 1632 462 aiv.
1662 420 1715 463 u.
1745 420 1795 463 Τ.
1825 419 1992 463 vorm.
2023 419 2058 461 1.
2077 430 2168 471 αφ.
2200 418 2402 461 altorum.

594 616 663 650 m.
687 600 840 650 4081.
880 614 931 649 n.
956 600 1039 649 30.
1076 598 1147 659 11,
1172 598 1291 649 397.
1338 597 1585 659 Bai-onii,
1620 596 1815 647 Annal.
1853 595 1982 647 eccl.
2021 595 2090 647 ad
2127 610 2176 645 a.
2215 594 2276 647 C.
2311 596 2408 657 34,
2435 597 2553 647 179.
2591 595 2676 645 ed.
2711 595 2842 646 Luc.
2875 596 2926 657 Ι,
2951 596 3054 646 177.

592 686 919 747 Maldonati,
975 700 1161 736 comm.
1206 686 1263 735 in
1298 683 1486 735 Matth.
1524 686 1619 745 28,
1655 685 1738 733 16.
1785 682 1852 732 de
1889 682 2082 733 Christi
2129 682 2481 747 apparitione.
2518 699 2570 747 p.
2601 684 2718 733 701.
2773 681 2996 732 Cornelii
3027 698 3058 731 a

594 772 818 838 Lapide,
856 786 1043 823 comm.
1080 772 1135 821 in
1160 770 1349 821 Matth.
1374 772 1458 833 28,
1488 773 1569 821 10.
1608 768 1692 819 ed.
1717 768 1851 819 Ven.
1881 770 2030 820 1740.
2065 784 2120 834 p.
2145 770 2267 819 402.
2303 768 2394 817 Fr.
2417 768 2782 829 Feuardentii,
2815 774 2990 819 annot.
3009 770 3059 818 in

596 877 637 911 s.
653 860 862 911 Irenaei
888 858 1009 910 adv.
1034 858 1182 909 haer.
1201 858 1267 921 V,
1293 860 1394 921 31.,
1420 858 1505 909 ed.
1530 857 1774 909 Massuet
1803 856 1926 905 Par.
1951 857 2102 906 1710.
2129 872 2182 921 p.
2209 856 2326 905 204.
2367 854 2590 917 Saliani,
2613 854 2804 905 Annal.
2827 856 2955 905 eccl.
2977 856 3058 915 vl,

596 948 713 997 903.
764 944 817 996 S.
843 944 1102 1007 Batradii,
1142 960 1327 995 comm.
1364 946 1419 993 in
1446 942 1712 993 Concord.
1735 942 1885 1004 VIII,
1917 944 1964 992 7.
1999 958 2052 1007 p.
2079 943 2198 991 397.
2249 940 2512 1007 Sylveira,
2549 957 2738 991 comm.
2763 942 2818 991 in
2840 947 2964 992 text.
2985 958 3059 991 ev.

596 1034 659 1083 V.
696 1033 730 1083 l.
754 1033 851 1083 IX.
890 1035 935 1095 1,
964 1034 1012 1083 8.
1049 1049 1101 1097 p.
1128 1034 1245 1081 521.
1298 1030 1570 1081 Leonardi
1604 1045 1640 1080 a
1674 1047 1716 1081 s.
1755 1030 2016 1091 Man-tino,
2054 1043 2224 1079 exam.
2261 1030 2506 1094 scriptur.
2543 1030 2600 1079 in
2635 1046 2686 1094 q.
2725 1030 2824 1079 Er.
2867 1046 2918 1095 p.
2954 1031 3060 1077 203.

594 1120 665 1169 Μ.
691 1120 958 1181 Wouters,
994 1115 1224 1168 Dilucid.
1262 1118 1357 1169 sel.
1394 1116 1449 1167 S.
1482 1115 1535 1167 S.
1573 1122 1780 1183 quaest.
1816 1118 1889 1177 V,
1925 1118 2045 1167 431.
2105 1116 2299 1166 Didaci
2335 1130 2370 1166 a
2405 1115 2459 1167 S.
2493 1116 2752 1178 Antonio,
2805 1116 3059 1166 Euchirid.

596 1204 924 1271 Scripturist.
962 1205 1193 1255 VVireeb.
1222 1205 1373 1255 1766.
1410 1204 1509 1265 111,
1534 1205 1654 1254 382.
1703 1204 1818 1268 Igu.
1843 1204 2206 1265 Weitenauer,
2243 1202 2298 1252 S.
2335 1219 2387 1268 q.
2423 1202 2523 1253 Ev.
2563 1219 2604 1254 s.
2643 1203 2722 1253 lit.
2759 1202 2849 1253 dil.
2887 1203 3059 1267 explic.

595 1293 731 1359 Aug.
766 1290 923 1342 Vind.
962 1293 1113 1343 1769.
1148 1308 1201 1357 p.
1236 1293 1355 1343 262.
1416 1289 1668 1353 Sandini,
1705 1290 1846 1341 Hist.
1883 1289 2006 1339 fam.
2043 1304 2086 1339 s.
2124 1289 2190 1338 de
2228 1288 2350 1339 Chr.
2387 1288 2538 1351 XVI,
2577 1291 2624 1339 7.
2669 1306 2723 1355 p.
2761 1291 2880 1339 363.
2921 1290 2972 1339 J.
3003 1289 3060 1339 N.

595 1381 823 1445 Paquot‚
862 1380 919 1428 in
955 1384 1063 1429 not.
1102 1378 1171 1427 ad
1206 1378 1258 1428 J.
1284 1376 1485 1427 Molani
1522 1377 1660 1425 Hist.
1697 1377 1854 1442 imag.
1892 1392 1946 1441 p.
1971 1377 2090 1427 465.
2137 1376 2416 1426 Benedicti
2440 1375 2601 1438 XIV„
2629 1376 2698 1425 de
2721 1376 2894 1425 Fesfis
2917 1376 2982 1425 D.
3003 1376 3060 1425 N.

594 1467 647 1517 J.
676 1465 735 1517 C.
773 1465 818 1527 1,
842 1466 891 1515 8.
928 1481 981 1529 p.
1010 1466 1154 1527 119.;
1203 1468 1257 1514 et
1298 1464 1467 1529 ipsius
1512 1478 1672 1529 quem
1715 1464 1968 1513 miramur
2009 1462 2064 1512 J.
2097 1462 2270 1525 Jahn,
2321 1464 2377 1513 in
2423 1462 2554 1513 diss.
2599 1464 2864 1528 pessimae
2913 1463 3060 1527 (tugis

599 1567 741 1615 „was
777 1551 895 1601 that
927 1551 1089 1601 Jesus
1124 1550 1377 1601 wahrend
1422 1550 1519 1599 der
1551 1551 1619 1600 40
1655 1550 1806 1615 Tage
1851 1564 1958 1600 von
2001 1550 2176 1599 seiner
2219 1548 2614 1615 Auferstehung
2663 1550 2746 1599 bis
2795 1566 2862 1599 zu
2905 1551 3062 1600 sciner

594 1638 929 1705 glorreichen
964 1636 1271 1687 Auffahrt‘?“
1312 1638 1367 1687 in
1404 1651 1490 1703 op.
1525 1636 1701 1704 pesth.
1750 1636 2054 1701 Nachtriige
2089 1652 2136 1686 a.
2173 1652 2216 1687 s.
2241 1635 2314 1686 th.
2341 1636 2425 1685 W.
2463 1636 2600 1687 Tub.
2629 1637 2781 1689 1821.
2815 1652 2868 1703 p.
2897 1638 2974 1687 12.
3005 1663 3062 1673 -

597 1726 821 1792 opinio
858 1740 931 1775 ex
967 1724 1184 1773 veteri
1220 1723 1589 1785 traditione
1624 1723 1860 1775 deducta
1895 1751 1962 1761 --
1999 1724 2084 1773 Ex
2119 1740 2162 1773 s.
2186 1722 2247 1772 P.
2273 1727 2328 1771 et
2351 1720 2406 1771 S.
2431 1736 2478 1772 e.
2503 1723 2760 1787 imprimis
2783 1724 2860 1772 ita
2882 1728 3062 1773 testan-

596 1818 712 1863 tur:
748 1810 1077 1873 Ambrosius,
1116 1809 1181 1859 de
1218 1809 1535 1874 virginitate
1571 1810 1671 1873 ΙΙΙ,
1700 1812 1780 1860 14.
1821 1810 2002 1871 „Vidit
2023 1826 2150 1875 ergo
2187 1810 2362 1859 Maria
2385 1810 2826 1859 resurrectionem
2849 1810 3063 1868 Domini,

598 1904 651 1948 et
684 1898 856 1965 prima
888 1896 1027 1947 vidit
1050 1900 1105 1945 et
1128 1894 1402 1946 credidit.“
1442 1912 1494 1961 p.
1520 1898 1638 1946 217.
1689 1894 1742 1945 S.
1769 1896 2122 1962 Epiphanius,
2147 1896 2294 1947 haer.
2318 1896 2559 1959 LXXVI,
2597 1896 2739 1947 cons.
2765 1898 2850 1947 25.
2883 1913 2936 1962 p.
2959 1898 3064 1945 972.

600 1984 877 2046 „Eundem
910 1983 1111 2045 Maria,
1156 1998 1278 2033 cum
1312 1984 1369 2032 in
1406 1998 1567 2033 carne
1602 1982 2030 2049 splendidissime
2065 1984 2467 2046 resurrexisset,
2519 1998 2584 2033 ac
2619 1988 2886 2048 postremo
2923 1982 3066 2033 disci-

596 2072 709 2138 puli
747 2086 929 2121 omnes
967 2069 1306 2120 adorarunt.“
1364 2068 1419 2119 S.
1458 2068 1749 2135 Gregorius
1785 2070 2087 2137 Nyssenus,
2129 2071 2188 2121 in
2225 2069 2348 2121 Chr.
2395 2086 2591 2121 resurr.
2630 2086 2706 2120 or.
2751 2070 2823 2121 11.
2871 2086 2922 2137 p.
2959 2072 3066 2121 634.

476 2217 491 2229 .
600 2158 853 2209 Sedulius
891 2173 986 2223 pr.,
1026 2172 1112 2223 op.
1134 2156 1319 2223 pasch.
1344 2156 1409 2218 V,
1435 2157 1554 2206 362.
1590 2173 1645 2222 p.
1671 2158 1789 2207 209.
1827 2156 2087 2223 Georgius
2111 2157 2334 2222 Metrop.
2361 2157 2583 2218 Nicom„
2617 2171 2773 2207 serm.
2797 2158 2854 2207 in
2877 2158 3068 2207 immac.

596 2244 743 2310 Virg.
770 2244 825 2294 in
850 2242 1133 2309 sepulchro
1158 2256 1264 2293 ass.
1290 2242 1437 2307 apud
1458 2242 1661 2306 Malou,
1699 2240 1754 2293 S.
1781 2242 1834 2293 S.
1871 2244 1932 2293 P.
1957 2245 2018 2293 P.
2043 2243 2226 2293 Pietas
2249 2243 2512 2293 Mariana.
2547 2243 2686 2293 Lov.
2713 2242 2864 2293 1847.
2889 2260 2940 2309 p.
2957 2245 3066 2293 351.

596 2332 994 2393 Bonaventura,
1030 2329 1215 2380 Medit.
1252 2330 1409 2380 Vitae
1445 2328 1567 2380 Chr.
1606 2346 1654 2381 c.
1687 2331 1770 2381 87.
1821 2347 1874 2396 p.
1909 2331 2027 2381 394.
2087 2329 2356 2396 Rupertus
2393 2328 2529 2379 Abb.
2567 2330 2710 2391 Tuit,
2748 2329 2814 2380 de
2851 2330 2956 2379 div.
2991 2330 3066 2379 off.

598 2418 717 2481 vn,
744 2420 827 2469 25.
864 2434 915 2483 p.
943 2418 1063 2467 830.
1100 2417 1297 2482 Junge,
1320 2416 1646 2483 Scriptorem
1669 2432 1994 2483 anonymum
2019 2416 2328 2482 tragoediae
2369 2415 2644 2477 „Christus
2669 2418 2913 2482 patiens*
2944 2418 3070 2467 inter

598 2504 700 2572 Op.
738 2522 779 2555 s.
807 2503 1053 2569 Gregorii
1088 2503 1238 2565 Naz„
1276 2503 1358 2554 ed.
1396 2503 1591 2569 Migne.
1628 2504 1731 2565 IV,
1767 2507 1886 2555 301.
1934 2520 1984 2554 v.
2019 2506 2172 2555 2095.
2207 2522 2250 2555 s.
2297 2504 2620 2553 Eadmerum
2665 2510 2906 2554 cantuar.
2941 2520 3068 2565 mon,

594 2591 659 2642 de
698 2590 1017 2642 excellentia
1051 2590 1285 2655 Virginis
1322 2590 1526 2641 Mariae
1564 2606 1682 2657 cap.
1708 2592 1777 2654 6.,
1814 2592 1870 2640 in
1906 2591 2056 2641 calce
2095 2607 2180 2657 op.
2218 2590 2271 2641 S.
2298 2589 2549 2652 Anselmi,
2588 2591 2669 2641 ed.
2707 2590 2837 2641 Ben.
2874 2608 2925 2656 p.
2965 2592 3068 2640 138.

594 2684 648 2730 et
684 2678 820 2731 alios
868 2678 935 2729 de
986 2678 1195 2743 quibus.
1252 2676 1644 2727 Feuardentius
1682 2693 1728 2728 c.
1763 2678 1797 2728 l.
1833 2680 2032 2745 inquit:
2085 2678 2321 2739 „Mariae
2365 2680 2513 2744 prius
2549 2683 2604 2727 et
2635 2679 2884 2743 privatim
2919 2677 3070 2727 mani-

592 2765 785 2815 festum
820 2780 879 2815 se
914 2764 1107 2814 fecisse
1144 2780 1209 2813 ex
1246 2764 1497 2813 Veterum
1531 2764 1818 2814 traditione
1857 2765 2206 2829 sequentium,
2252 2770 2376 2830 post
2409 2764 2709 2825 Irenaeum,
2749 2764 3070 2815 saeculorum

597 2852 847 2901 Patribus
870 2852 1333 2915 persuasissimum
1356 2850 1574 2901 fuisse.“
1614 2880 1682 2889 —-
1719 2852 1994 2905 Dominum
2029 2852 2198 2905 eadem
2221 2852 2346 2903 hora
2371 2852 2664 2921 afflat-uisse
2678 2852 2850 2920 primo
2871 2851 3066 2903 dileetis-

594 2940 749 2991 simac
776 2939 951 2991 Matri.
988 2937 1061 2987 Et
1095 2936 1197 2987 hoc
1222 2937 1345 2988 ideo
1372 2942 1603 2999 sumunt,
1641 2954 1748 2987 non
1781 2936 1926 3003 quod
1949 2937 2333 3003 Evangelistae
2357 2937 2558 2987 factum
2583 2937 2783 3000 dicant,
2821 2937 2916 2989 sed
2941 2936 3074 3003 quod

594 3024 711 3073 fieri
747 3023 1000 3074 decuerit.
1048 3024 1233 3089 Neque
1272 3030 1449 3075 tamen
1483 3030 1770 3090 propterea
1807 3040 1990 3075 eorum
2027 3023 2298 3075 audienda
2335 3030 2416 3075 est
2450 3026 2731 3086 sententia,
2772 3026 2864 3091 qui
2903 3024 3074 3075 dieunt

592 3112 655 3161 B.
693 3112 763 3161 M.
802 3112 1074 3177 Virginem
1111 3127 1231 3161 cum
1277 3111 1397 3161 aliis
1446 3110 1758 3162 mulieribus
1813 3110 1882 3161 ad
1917 3111 2258 3177 sepulchrum
2293 3112 2523 3161 venisse.
2578 3112 2699 3161 Etsi
2755 3127 2884 3161 vero
2923 3112 2980 3161 B.
3017 3110 3070 3157 V.

593 3198 817 3249 Mariam
854 3200 1053 3249 nemini
1090 3200 1289 3264 pietate
1325 3204 1380 3249 et
1422 3198 1601 3249 studio
1653 3213 1782 3263 erga
1828 3198 2098 3249 Christum
2141 3198 2392 3261 cessisse,
2453 3214 2522 3247 ne
2579 3198 2814 3247 dubitari
2869 3196 3070 3264 quidem

594 3290 795 3352 potest3
834 3292 1013 3336 tamen
1050 3285 1193 3351 quod
1230 3302 1271 3335 s.
1302 3284 1591 3351 Gregorius
1628 3285 1802 3350 Nysa„
1840 3284 1874 3335 l.
1911 3300 1952 3335 s.
1988 3300 2033 3335 c.
2071 3286 2311 3351 scripsit:
2348 3300 2390 3334 s.
2425 3283 2754 3333 Matthaeum
2793 3300 2916 3334 cum
2952 3282 3070 3334 alte·

594 3388 705 3423 ram
742 3373 965 3423 Mariam
1001 3374 1266 3433 nominat,
1321 3372 1386 3421 B.
1420 3372 1492 3421 M.
1528 3371 1802 3435 Virginem
1851 3370 2045 3421 Christi
2094 3376 2314 3421 matrem
2362 3369 2690 3435 intelligere,
2747 3370 2884 3421 illud
2931 3370 3074 3419 nobis

592 3460 917 3524 persuadere
953 3458 1098 3509 haud
1142 3460 1220 3509 ita
1262 3457 1421 3509 facile
1459 3472 1760 3524 possumus.
1821 3458 1972 3519 Quae
2020 3459 2160 3507 enim
2205 3459 2276 3507 sit
2319 3457 2416 3507 illa
2465 3457 2637 3507 altera
2683 3458 2886 3519 Maris,
2943 3472 3003 3507 ex
3035 3470 3072 3505 s.

592 3546 775 3595 Marco
814 3548 943 3597 satis
981 3550 1219 3611 apparet,
1260 3561 1333 3595 sc.
1371 3560 1505 3594 uxor
1536 3543 1824 3610 Cleophae‚
1863 3549 2033 3595 mater
2069 3544 2262 3593 Jacobi
2297 3544 2372 3593 M.
2397 3544 2654 3593 Videmus
2693 3559 2882 3593 omnes
2907 3544 3072 3593 Evan-

594 3632 813 3697 gelistas
848 3633 921 3683 M.
954 3632 1331 3698 Magdalenam
1380 3633 1548 3697 primo
1596 3632 1714 3682 loco
1761 3632 1900 3681 inter
1943 3648 1984 3681 s.
2023 3630 2272 3681 mulieres
2309 3646 2612 3694 recensere;
2652 3636 2816 3695 atque
2877 3644 3074 3681 sacram

594 3719 777 3783 utique
813 3720 1083 3784 Virginem
1118 3719 1360 3780 Matrem,
1398 3720 1443 3767 si
1482 3734 1601 3767 cum
1634 3719 1741 3768 illis
1767 3720 2018 3779 venisset,
2057 3716 2410 3783 Magdalenae
2437 3719 2888 3782 anteposuissent.
2931 3718 3074 3767 Certe

598 3812 775 3857 autem
813 3806 1007 3856 rationi
1053 3810 1469 3855 consentaneum
1514 3804 1726 3855 videtur
1781 3806 2048 3868 primam
2104 3803 2358 3854 Christi
2411 3805 2912 3870 apparitionem
2959 3804 3074 3853 fac·

595 3898 721 3943 tam
767 3892 1215 3944 Beatissimae
1269 3890 1463 3941 Matri
1518 3906 1694 3941 suae.
1759 3892 1894 3941 Nam
1941 3907 1986 3941 α.
2035 3892 2132 3957 qui
2178 3893 2454 3957 praecepit
2491 3891 2746 3941 honorem
2783 3890 3076 3941 habendum

598 3992 717 4030 esse
752 3978 1063 4045 parentibus
1099 3979 1375 4041 Dominus,
1414 3977 1471 4027 id
1505 3979 1681 4043 ipsum
1717 3984 1842 4027 ante
1879 3978 2060 4028 omnia
2095 3978 2314 4043 exsequi
2351 3978 2585 4027 voluisse
2610 3978 2698 4042 pie
2725 3977 2973 4027 creditur.
3007 3976 3074 4025 Et

594 4064 638 4132 β.
678 4064 773 4116 illa
810 4080 950 4131 quae
986 4082 1082 4131 pro
1119 4064 1527 4131 incomparabili
1564 4078 1744 4114 amore
1781 4078 1878 4115 suo
1917 4065 2038 4130 plus
2075 4064 2266 4115 ceteris
2303 4064 2548 4113 omnibus
2587 4064 2651 4113 de
2676 4063 2806 4113 Filii
2847 4066 2932 4113 sui
2959 4064 3074 4113 Pas-

596 4154 745 4205 sione
785 4152 1053 4215 doluerat,
1092 4156 1145 4201 et
1180 4166 1319 4216 quae
1356 4150 1473 4202 sola
1520 4150 1585 4201 de
1620 4149 1728 4201 fide
1765 4157 1818 4201 et
1853 4167 1948 4216 spe
1984 4152 2412 4201 Resurrectionis
2453 4166 2524 4200 ne
2559 4152 2834 4199 minimum
2871 4148 3074 4215 quidem

595 4254 827 4306 unquam
864 4239 1241 4299 haesitaverat,
1280 4240 1465 4289 merito
1504 4252 1569 4288 ac
1604 4239 1722 4289 iure
1759 4238 1930 4303 prima
1965 4238 2200 4288 omnium
2238 4237 2422 4288 debuit
2457 4237 2665 4287 laetari.
2715 4237 2873 4288 Unde
2899 4252 3070 4303 quam-

593 4327 689 4387 vis,
728 4330 787 4375 ut
821 4324 891 4377 Is.
918 4326 1297 4387 casaubonus,
1348 4324 1415 4375 de
1452 4324 1611 4374 rebus
1651 4324 1780 4375 eccl.
1819 4326 2094 4374 exercitat.
2133 4324 2275 4373 XVI.
2311 4324 2382 4373 ad
2419 4339 2542 4373 ann.
2591 4324 2838 4375 Baronii.
2876 4340 2928 4374 n.
2968 4324 3074 4374 118.

595 4411 677 4462 ed.
714 4411 887 4461 Lond.
915 4415 1065 4463 1614.
1102 4428 1153 4477 p.
1180 4412 1299 4462 683.
1338 4426 1553 4477 quoque
1588 4411 1804 4473 fatetur,
1847 4408 2074 4471 „firmior
2111 4416 2228 4460 crat
2261 4409 2354 4460 ille
2391 4409 2539 4471 fides,
2577 4424 2740 4475 quam
2775 4417 2836 4461 ut
2875 4411 2976 4475 ipsi
3011 4424 3072 4459 eo

597 4512 733 4562 opus
771 4503 970 4547 esset“:
1024 4503 1203 4547 tamen
1241 4497 1483 4549 Christus
1520 4498 1684 4547 Matri
1719 4498 2034 4562 apparuisse
2071 4496 2308 4545 debitam
2343 4496 2559 4547 honoris
2597 4504 2652 4545 et
2687 4498 2888 4547 amoris
2921 4498 3074 4561 signi·

593 4572 917 4636 ficationem'
935 4582 1283 4645 exhibiturus,
1320 4599 1428 4635 non
1464 4584 1746 4635 invenuste
1793 4583 2043 4635 creditur.
2091 4600 2138 4651 γ.
2189 4582 2382 4645 „Quim
2433 4584 2620 4633 scribit
2655 4597 2698 4633 s.
2725 4582 3072 4649 Epiphanius,
