3267 5259
565 390 691 455 378
1310 403 1429 445 nin.
1460 402 1566 445 sev.
1596 402 1686 444 «nv.
1717 402 1886 445 reses.
1915 402 1972 443 11.
1993 412 2085 455 αι».
2115 400 2312 454 prinum.

565 583 787 642 Troade
820 589 1246 659 exspectarent.
1278 582 1521 642 Exactis
1552 602 1619 641 ea
1642 582 1706 640 in
1731 584 1874 641 urbe
1897 602 2242 660 azymorum
2265 582 2486 653 diebus,
2519 582 2748 641 solvens
2777 582 2930 641 venit
2952 584 3012 639 ad

563 706 655 746 eos
684 690 747 746 in
772 688 1057 747 Troadem
1076 685 1119 755 1;
1151 684 1215 745 in
1246 707 1363 767 qua
1390 688 1537 747 urbe
1566 708 1611 745 s.
1626 687 1906 765 synaxim
1937 685 2274 756 celebravit,
2311 694 2720 763 mortuumque
2747 686 2815 743 ad
2843 686 3005 743 vitam

562 794 863 851 revocavit
880 789 924 850 ².
984 792 1203 851 Troade
1248 792 1631 867 digressurus,
1673 792 1991 850 commissis
2027 792 2178 849 mari
2209 790 2371 848 Luca
2409 810 2542 848 cum
2573 789 2774 848 ceteris
2809 789 3010 847 itineris

560 896 888 967 comitibus,
914 898 1037 972 ipse
1053 897 1222 972 pedes
1239 896 1351 955 iter
1366 896 1554 955 facere
1570 895 1784 955 maluit
1801 900 2012 953 Assum
2029 892 2070 967 3,
2091 896 2193 955 ubi
2213 894 2430 973 reliqui
2449 914 2598 953 nave
2613 915 2680 953 eo
2696 895 3007 971 pervenien-

562 1006 645 1059 tes
676 1001 929 1059 Paulum
960 1007 1255 1076 receptum
1284 1001 1615 1077 Mitylenen
1635 999 1660 1039 ⁴
1691 1000 2080 1059 deduxerunt.
2127 1000 2416 1057 Postridie
2447 998 2662 1057 Chium
2685 998 2726 1070 ⁵,
2773 1002 3006 1077 sequenti

562 1107 801 1193 Samum
822 1106 863 1177 ὅ,
910 1106 1089 1164 tertia
1132 1107 1227 1163 die
1266 1105 1541 1165 Miletum
1562 1103 1584 1142 ⁷
1614 1106 1948 1173 contendit;
1995 1124 2111 1183 quo
2141 1104 2330 1162 missis
2361 1104 2594 1162 nunciis
2635 1106 2708 1161 ad
2735 1124 2795 1161 se
2823 1105 3008 1161 accivit-

562 1212 929 1287 presbyteros
974 1210 1304 1286 Ephesinae
1352 1216 1412 1268 et
1440 1209 1775 1268 vicinarum
1807 1208 2216 1267 Ecclesiarum.
2263 1208 2410 1265 Cum
2441 1208 2700 1267 novisset
2735 1208 2806 1266 ab
2833 1226 3004 1265 eorum

558 1314 794 1372 nemine
822 1334 883 1371 se
912 1314 1165 1390 amplius
1194 1320 1563 1390 conspectum
1593 1315 1690 1385 iri,
1723 1314 1996 1389 cupiebat
2025 1318 2341 1391 antequam
2369 1312 2404 1369 J
2407 1311 2762 1388 erosolymas
2791 1318 3002 1387 peteret,

562 1418 663 1475 ubi
702 1418 944 1477 vincula
976 1424 1035 1475 et
1062 1418 1475 1477 tribulationes
1504 1419 1700 1493 ipsum
1735 1418 2070 1487 manebant,
2105 1418 2395 1492 episcopos
2427 1423 2487 1475 et
2519 1416 2834 1474 sacerdotes
2847 1412 2870 1453 ⁸
2895 1416 3008 1472 hor-

562 1523 697 1593 tari,
734 1527 907 1600 atque
936 1523 1287 1596 gravissima
1316 1522 1577 1581 oratione
1610 1521 1731 1579 illis
1767 1521 2092 1581 valedicere
2107 1518 2149 1578 ⁰.
2197 1521 2512 1597 Postquam
2543 1520 2706 1579 vitae
2732 1540 2767 1579 a
2794 1539 2851 1577 se
2875 1520 3008 1594 apud

778 1727 815 1793 ¹)
854 1727 995 1778 Urbs
1042 1728 1099 1776 in
1143 1726 1299 1777 litore
1344 1726 1682 1792 Hellesponti
1729 1727 1849 1777 sita.
1915 1725 1958 1790 ²)
2013 1725 2098 1775 Ibi
2151 1725 2489 1776 hebdomada
2541 1732 2886 1777 commoratus
2935 1729 3015 1774 est.

560 1814 738 1865 Primo
773 1813 1123 1865 hebdomadis
1162 1812 1275 1875 die,
1320 1814 1357 1862 i.
1384 1828 1429 1863 e.
1470 1812 1754 1875 dominico,
1793 1812 2071 1878 discipulis
2109 1812 2178 1861 ad
2215 1812 2526 1863 sumendam
2563 1811 2938 1863 Eucharistiam
2968 1813 3014 1859 in

564 1916 727 1952 unum
764 1901 1027 1963 collectis,
1073 1898 1363 1967 Apostolus
1404 1914 1700 1950 sermonem
1739 1897 1807 1948 ad
1857 1897 2083 1949 mediam
2137 1915 2309 1966 usque
2346 1904 2556 1950 noctem
2601 1898 2859 1965 produxit.
2915 1898 3014 1947 nae

562 1988 961 2054 opportunitate
998 1986 1210 2048 accidit,
1246 1990 1308 2036 ut
1342 1986 1551 2035 iuvenis
1588 1984 1806 2051 quidam
1843 1987 2055 2036 nomine
2080 1985 2378 2051 Eutychus,
2417 1986 2508 2051 qui
2541 1986 2804 2036 fenestrae
2827 1984 3014 2043 assedit,

564 2075 673 2124 alto
710 2075 917 2140 sopitus
954 2088 1139 2126 somno
1178 2073 1245 2123 de
1280 2073 1441 2123 tertia
1475 2071 1728 2139 delapsus
1767 2072 2168 2138 contignatione
2205 2073 2561 2123 occumberet.
2617 2073 2812 2123 Verum
2847 2071 3018 2121 Paulus

561 2162 739 2211 statim
778 2160 847 2211 ad
882 2161 1033 2211 illum
1068 2174 1405 2227 procurrens,
1440 2164 1706 2209 mortuum
1743 2159 2018 2225 amplexus
2067 2160 2210 2209 vitae
2246 2158 2492 2209 reddidit.
2553 2160 2688 2209 Inde
2723 2159 2793 2209 ad
2831 2163 3014 2209 coetum

561 2263 861 2313 regressus,
924 2248 1043 2298 cibo
1092 2262 1215 2297 cum
1256 2246 1363 2296 illis
1412 2251 1685 2297 recreatus
1733 2250 1841 2309 est,
1888 2250 2283 2311 prorogatoque
2337 2246 2408 2297 ad
2463 2260 2712 2296 auroram
2763 2244 3017 2309 colloquio,

563 2335 777 2385 tandem
814 2334 1076 2386 discessit.
1138 2336 1256 2395 Quo
1294 2334 1493 2383 factum
1532 2338 1641 2395 est,
1698 2339 1758 2383 ut
1794 2349 2004 2396 omnes,
2041 2334 2130 2399 qui
2170 2333 2420 2395 aderant,
2457 2332 2604 2383 haud
2640 2334 2830 2399 exiguo
2863 2330 3015 2381 affice-

564 2428 746 2473 rentur
794 2422 1004 2472 solatiO.
1066 2422 1108 2487 ³)
1146 2420 1412 2486 Phrygiae
1460 2422 1676 2471 minoris
1715 2420 1968 2486 oppidum
2005 2420 2073 2470 ad
2109 2435 2282 2481 mare,
2339 2420 2485 2470 haud
2536 2419 2700 2486 long-e
2752 2435 2787 2469 a
2834 2417 3016 2468 Troade

564 2516 838 2559 remotum.
902 2510 943 2574 ⁴)
981 2508 1143 2558 Lesbi
1178 2507 1389 2557 insulae
1426 2505 1723 2556 clarissima
1758 2506 1903 2556 urbs.
1966 2508 2006 2571 ⁵)
2045 2506 2233 2557 Insula
2267 2507 2428 2557 maris
2463 2507 2694 2572 Aegaei,
2743 2504 3017 2570 smyrnensi

563 2596 703 2647 sinui
740 2596 1002 2661 opposita.
1078 2594 1120 2659 ὅ)
1168 2594 1216 2643 Ε
1254 2594 1471 2659 regione
1518 2592 1746 2659 Ephesi,
1803 2608 1964 2660 quam
2009 2594 2194 2645 urbem
2243 2595 2750 2659 praeternavigavit.
2806 2594 2902 2642 Act
2947 2592 3017 2650 20,

561 2684 749 2734 6—-16,
812 2682 853 2746 ⁷)
894 2681 1257 2732 celeberrima
1292 2682 1480 2731 civitas
1518 2680 1588 2730 ad
1626 2696 1748 2731 oras
1785 2687 1840 2730 et
1873 2682 1928 2731 in
1964 2682 2244 2746 provincia
2281 2681 2498 2742 Cariae,
2545 2685 2716 2730 mater
2749 2682 3020 2729 innumera-

563 2769 745 2820 bilium
782 2768 1129 2819 coloniarum.
1190 2767 1233 2831 ⁸)
1274 2766 1355 2816 Cf.
1382 2766 1437 2817 S.
1461 2767 1759 2827 Irenaeum,
1797 2766 1917 2817 adv.
1955 2767 2098 2817 haer.
2125 2767 2223 2817 111.
2263 2770 2344 2831 14,
2379 2770 2427 2817 2.
2465 2784 2516 2833 p.
2551 2768 2670 2817 498.
2735 2767 2828 2827 „In
2860 2765 3020 2815 Mileto

562 2856 871 2906 convocatis
909 2856 1175 2921 episcopis
1212 2858 1267 2905 et
1301 2854 1654 2919 presbyteris,
1701 2855 1794 2920 qui
1831 2860 1986 2905 erant
2021 2854 2090 2904 ab
2126 2853 2344 2921 Epheso
2383 2860 2438 2904 et
2473 2868 2509 2904 a
2543 2854 2762 2919 reliquis
2797 2852 3022 2919 proximis

563 2942 916 2992 civitatibus.“
956 2942 1144 3007 Neque
1180 2940 1361 3006 placet
1396 2941 1575 3006 opinio
1613 2940 1664 2990 J.
1692 2939 1790 2991 Th.
1827 2940 2046 3003 Beelen,
2086 2956 2272 2991 comm.
2297 2942 2354 2991 in
2377 2941 2513 2990 Acta
2535 2944 2710 3005 apost.
2735 2940 2804 3003 11,
2832 2940 2938 2989 151.
2971 2943 3016 2985 et

564 3030 679 3079 155.
714 3043 755 3078 s.
812 3042 1037 3095 operose
1090 3027 1453 3079 demonstrare
1508 3026 1797 3078 adnitentis
1852 3028 1968 3077 Act.
2003 3028 2095 3089 20,
2133 3029 2214 3077 17.
2263 3031 2318 3077 et
2365 3028 2448 3077 28.
2494 3025 2867 3093 intelligendos
2915 3040 3015 3075 esse

565 3114 992 3179 „sacerdotes
1028 3114 1305 3166 secundi
1342 3114 1626 3165 ordiuis⁶⁶
1683 3116 1926 3165 nimirum
1963 3114 2042 3175 hi,
2105 3114 2180 3163 ait
2228 3127 2364 3164 aevo
2413 3114 2713 3180 apostolico
2751 3114 3022 3181 promiscue

560 3218 705 3253 nunc
754 3202 1047 3268 presbyteri
1094 3216 1237 3251 nunc
1274 3201 1513 3267 episcopi
1550 3199 2010 3267 adpellabantur.“
2073 3200 2149 3250 Ut
2193 3201 2356 3265 igitur
2405 3202 2711 3251 omittamus
2757 3200 3020 3265 longiorem

563 3290 665 3340 hac
702 3289 769 3339 de
804 3305 862 3341 re
900 3288 1330 3354 disputationem,
1370 3302 1529 3354 quam
1564 3288 1796 3338 instituit
1833 3287 1892 3337 Ο.
1917 3288 1981 3337 R.
2019 3286 2391 3349 Bellarminus,
2430 3287 2498 3337 de
2535 3287 2758 3339 clericis
2793 3288 2834 3350 1,
2873 3288 2944 3336 14.
2978 3290 3024 3333 et

566 3376 647 3426 15.
686 3375 767 3425 ed.
804 3376 917 3441 Ing.
954 3376 1039 3425 Pr.
1073 3379 1112 3425 t.
1148 3376 1213 3425 V.
1252 3374 1431 3425 Contr.
1468 3392 1520 3440 p.
1561 3376 1644 3424 63.
1685 3390 1726 3425 s.
1765 3380 1819 3424 et
1851 3374 2113 3435 Lorinus,
2159 3376 2216 3423 in
2253 3374 2368 3424 Act.
2407 3377 2454 3436 1,
2491 3376 2573 3425 20.
2621 3392 2677 3440 p.
2713 3378 2796 3425 63.
2831 3391 2871 3424 s.
2905 3374 2950 3432 4,
2981 3374 3022 3419 5.

560 3478 611 3527 p.
636 3462 750 3512 181.
771 3478 813 3512 s.
840 3464 923 3523 20,
946 3463 1027 3511 17.
1047 3477 1098 3526 p.
1122 3462 1238 3511 745.
1264 3476 1313 3510 v,
1334 3462 1417 3511 28.
1444 3476 1495 3526 p.
1518 3462 1653 3523 752„
1691 3459 2032 3511 concedimus
2065 3460 2280 3526 quidem
2303 3461 2560 3511 Beelenio
2599 3478 2796 3512 nomen
2830 3459 3020 3526 presby·

564 3549 661 3599 teri
708 3552 763 3598 et
812 3550 1051 3613 episcopi
1087 3548 1251 3599 fuisse
1298 3562 1575 3597 commune
1620 3546 1866 3597 omnibus
1912 3547 2280 3598 sacerdotibus
2327 3552 2434 3597 tam
2481 3549 2638 3613 primi
2685 3548 2902 3607 ordinis,
2947 3546 3024 3610 qui

560 3651 703 3686 nunc
739 3636 977 3701 episcopi
1014 3636 1225 3701 proprie
1262 3633 1533 3697 dicuntur,
1591 3649 1752 3700 quam
1797 3635 2018 3685 secundi
2057 3634 2286 3696 ordinis,
2333 3650 2468 3701 quos
2513 3651 2662 3685 nunc
2705 3632 3024 3702 presbyteros

565 3721 926 3789 adpellamns;
967 3723 1209 3787 quamvis
1247 3736 1331 3771 res
1356 3735 1423 3771 ac
1458 3726 1698 3786 potestas
1735 3721 1990 3771 distincta
2023 3736 2231 3787 semper
2265 3722 2441 3771 fuerit.
2491 3721 2600 3771 Sed
2625 3728 2688 3771 ut
2712 3722 3026 3772 admittamus

561 3808 613 3859 d.
648 3808 878 3859 Paulum
914 3808 1017 3859 hoc
1060 3808 1180 3859 loco
1227 3807 1371 3858 solos
1426 3808 1766 3874 presbyteros
1803 3808 2169 3869 admonuisse,
2231 3812 2484 3861 contextu
2537 3808 2823 3859 verborum
2871 3806 3026 3874 prohi-

560 3896 762 3946 bemur.
823 3895 1129 3945 Verendum
1181 3910 1249 3945 ne
1303 3896 1481 3945 verbis
1540 3896 1627 3957 „in
1680 3910 1787 3961 quo
1844 3910 1940 3945 vos
1997 3894 2226 3961 Spiritus
2263 3893 2494 3945 Sanctus
2531 3897 2717 3960 posuit
2749 3896 3027 3961 Episcopos

561 3998 745 4049 regere
780 3981 1084 4033 Ecclesiam
1120 3982 1255 4031 Dei“
1294 3998 1345 4031 v.
1372 3982 1455 4031 28.
1494 3982 1575 4031 vis
1611 3981 1874 4031 inferatur
1909 3980 2054 4031 haud
2077 3981 2384 4045 toleranda;
2421 3982 2468 4032 si
2495 3996 2562 4032 ea
2585 3998 2698 4033 non
2721 3979 3030 4047 interpretati

557 4069 811 4119 fuerimus
838 4068 913 4119 de
950 4068 1333 4133 pastoribus
1370 4069 1564 4133 primi
1599 4068 1868 4129 ordinis,
1907 4068 2008 4119 sub
2033 4082 2235 4119 summo
2262 4069 2455 4133 capite,
2483 4070 2576 4134 qui
2607 4073 2825 4134 praeest
2849 4065 3028 4118 visibili

559 4155 840 4207 Ecclesiae
878 4154 1259 4205 iurisdictionis
1296 4170 1449 4206 usum
1486 4154 1827 4205 habentibus.
1889 4154 1954 4205 V.
1991 4170 2038 4204 e.
2076 4154 2294 4217 Aberle,
2331 4168 2480 4220 exeg.
2519 4153 2673 4205 Stud.
2713 4152 3026 4217 Quartalscb.

559 4243 695 4293 Tub.
725 4244 875 4293 1863.
902 4259 953 4308 p.
984 4243 1097 4292 124.
1126 4256 1167 4290 s.
1226 4242 1267 4305 ⁹)
1300 4242 1537 4291 Noverat
1560 4240 1866 4308 Apostolus,
1906 4256 2066 4307 quam
2090 4241 2221 4291 utile
2247 4243 2377 4307 quin
2401 4243 2768 4293 necessarium
2803 4248 2950 4301 esset,
2977 4243 3026 4287 ut

562 4330 865 4395 cumprimis
900 4329 1257 4394 presbyteros,
1296 4343 1433 4395 qnos
1467 4343 1575 4379 non
1600 4330 1716 4393 ipse
1753 4328 1848 4379 sed
1879 4328 2191 4379 Timotheus
2227 4334 2508 4379 creaverat
2543 4328 2588 4377 L
2607 4328 2744 4379 Tim.
2769 4331 2817 4389 3,
2846 4327 3025 4383 1—13.,

558 4415 627 4465 ad
663 4422 851 4467 sancta
887 4416 1110 4481 quaevis
1145 4415 1405 4465 sectanda
1440 4430 1680 4477 monere,
1730 4430 1800 4465 ne
1837 4430 1900 4465 ex
1937 4415 2088 4467 falsis
2125 4416 2431 4466 doctoribus
2468 4416 2522 4465 in
2559 4421 2834 4481 posterum
2866 4412 3016 4463 exori-

560 4502 693 4551 turis
729 4502 1028 4552 detrimenti
1066 4503 1197 4567 quid
1234 4508 1449 4567 caperet
1484 4502 1748 4553 Ecclesia.
1809 4504 1976 4551 Porro
2023 4504 2322 4568 Episcopos
2366 4517 2476 4552 una
2523 4508 2872 4568 congregatos
2917 4513 3020 4547 eum

558 4588 715 4637 simul
753 4586 1110 4652 compellaret,
1148 4590 1201 4637 in
1226 4587 1589 4638 Ecclesiarum
1626 4589 1822 4653 quibus
1859 4594 2142 4654 praeerant
2179 4588 2510 4639 commodum
2535 4589 2694 4653 plura
2717 4589 2852 4647 fecit,
2877 4600 3030 4651 quam.
