3267 5259
1048 414 1305 456 Harmoniae
1333 415 1447 455 Evan
1454 415 1662 466 geliomm
1690 416 1940 466 scriptores.
2601 402 2726 451 XIX

245 586 545 653 Catalogum
585 587 711 637 libr.
748 605 819 638 m.
854 606 899 639 s.
938 604 981 639 s.
1018 589 1245 655 Angliac
1282 594 1337 639 et
1370 590 1678 640 Hiberniae.
1743 590 2000 640 Oxoniae.
2041 592 2190 639 1697.
2238 591 2280 653 Ι,
2323 594 2437 641 121.
2489 593 2551 640 Ε.
2591 595 2636 640 7.
2675 608 2726 641 n.

242 676 375 735 2333,
410 678 461 725 2.
500 675 575 725 11.
612 690 663 737 a,
700 678 821 725 243.
858 675 992 726 bibl.
1038 676 1364 727 Jacobaeae.
1399 678 1551 738 8245,
1588 679 1706 727 523.
1745 680 1792 726 6.
1843 678 1893 727 J.
1930 679 2262 728 Mori.·9260.
2303 680 2384 740 74,
2415 681 2492 727 11.
2531 696 2582 741 p.
2611 680 2726 727 363.

242 761 298 810 11.
321 763 369 823 b,
396 764 483 811 26.
524 762 736 829 Colleg.
763 762 818 811 S.
846 762 899 812 S.
928 764 1075 812 Trin.
1102 764 1220 824 327,
1251 764 1365 812 187.
1398 792 1451 799 --
1484 764 1733 813 Petrus
1775 763 2157 827 Comestor,
2205 762 2392 814 Gallus
2429 765 2726 825 Trecensis,

238 852 269 905 †
293 852 437 899 1178.
469 850 527 899 in
554 849 802 900 Historia
838 849 1006 899 schol.
1035 849 1115 899 ed.
1144 848 1202 900 C.
1229 850 1291 899 A.
1316 851 1388 899 M.
1418 848 1640 899 Guirini.
1680 850 1810 899 Ven.
1849 852 1998 901 1729.
2058 850 2404 899 Harmoniam
2442 852 2728 901 contexuit.

242 936 375 985 ldem
410 936 539 985 fecit
579 936 635 985 S.
662 938 1164 998 Bonaventura‚
1204 936 1390 986 doctor
1427 937 1740 1002 seraphicus
1764 939 1819 986 in
1846 938 2105 1003 opusculo
2143 938 2548 999 „Meditationes
2574 939 2728 987 Vitae

242 1023 455 1073 Christi“
480 1050 547 1059 —
572 1024 657 1073 ed.
684 1022 859 1088 Lugd.
884 1024 1036 1074 1668.
1061 1024 1153 1085 VI,
1175 1025 1291 1075 334.
1314 1040 1425 1089 seq.
1446 1052 1512 1060 —
1534 1023 1779 1073 doctrina
1803 1029 1858 1075 et
1881 1026 2081 1089 pietate
2107 1026 2314 1074 eximiO.
2359 1025 2422 1073 L.
2450 1024 2728 1074 Thomas

240 1112 311 1159 ab
344 1110 628 1175 Aquino,
667 1109 1063 1175 Theologorum
1099 1111 1295 1175 Aquila
1332 1115 1385 1160 et
1422 1126 1545 1160 vere
1584 1110 1773 1161 doctor
1815 1110 2115 1176 angelicus,
2161 1112 2293 1160 miro
2333 1110 2554 1161 artificio
2595 1125 2728 1176 opus

242 1198 622 1249 nobilissimum
654 1196 981 1262 diaphoniae
1004 1199 1061 1246 in
1086 1201 1315 1262 quatuor
1338 1196 1642 1261 Evangelia
1677 1198 2034 1247 concinnavit.
2083 1198 2148 1246 In
2173 1198 2254 1247 ed.
2284 1197 2383 1263 Op.
2412 1196 2463 1247 S.
2491 1198 2726 1247 Thomae

244 1286 371 1349 Aqu.
406 1286 579 1335 Paris.
622 1286 774 1333 1660.
813 1289 938 1333 tom.
974 1284 1147 1333 XVII.
1192 1283 1403 1333 titulum
1450 1284 1585 1347 gerit
1634 1283 1945 1349 „Expositio
1994 1286 2249 1333 continua
2292 1300 2454 1349 super
2500 1290 2728 1350 quatuor

250 1370 641 1437 Evangelistas‚
691 1387 759 1420 ex
796 1370 1007 1420 Latinis
1054 1374 1107 1421 et
1153 1370 1373 1420 Graecis
1424 1369 1765 1433 authoribus,
1818 1376 1871 1420 et
1905 1370 2219 1436 praesertim
2256 1387 2319 1420 ex
2357 1372 2574 1421 Pati-um
2611 1387 2728 1421 sen—

250 1460 418 1508 tentiis
454 1466 507 1509 et
543 1458 739 1525 glossis
786 1459 919 1507 miro
968 1456 1191 1507 artificio
1231 1458 1387 1522 qnasi
1422 1472 1529 1507 uno
1575 1462 1760 1507 tenore
1809 1462 2169 1523 contextuque
2215 1458 2474 1508 conflata:
2523 1458 2729 1509 Catena

252 1560 407 1595 aurea
447 1547 741 1596 iustissimo
788 1545 946 1595 titulo
996 1548 1320 1610 nuncupata.
1381 1543 1730 1609 Ludolphi
1769 1542 2066 1593 Saxonis
2101 1572 2167 1581 --
2202 1561 2251 1594 ν.
2289 1544 2622 1606 Bellarmini‚
2662 1546 2728 1594 de

253 1633 479 1697 scriptor.
517 1632 603 1682 ed.
627 1632 819 1681 Labbe
860 1632 929 1682 ad
954 1647 1039 1681 an.
1070 1634 1218 1681 1330.
1245 1648 1295 1697 p.
1322 1632 1441 1681 470.
1467 1658 1533 1666 -
1562 1630 1906 1681 carthusiani
1928 1634 1962 1695 †
1991 1634 2157 1693 1330„
2195 1633 2322 1681 Vita
2344 1634 2560 1682 Domini
2583 1632 2646 1681 N.
2674 1634 2724 1682 J.

254 1718 367 1768 Chr.
401 1719 740 1783 Argentinac.
783 1720 936 1769 1483.
972 1718 1129 1768 Antv.
1171 1721 1320 1769 1618.
1370 1724 1425 1769 et
1468 1719 1597 1768 alibi
1633 1718 1845 1785 prodiit,
1891 1720 2065 1769 iustae
2103 1720 2257 1769 molis
2292 1720 2441 1769 liber.
2503 1719 2726 1769 Guido

252 1805 567 1869 Terrena,
607 1805 787 1872 patria.
824 1804 1143 1867 Catalanuffi
1194 1804 1483 1855 Carmelita
1514 1808 1551 1869 †
1584 1808 1736 1855 1312.
1775 1810 1962 1855 auctor
1999 1810 2080 1855 est
2116 1805 2446 1855 Concordiae
2481 1805 2726 1871 Evange-

252 1890 445 1942 liorum.
497 1891 610 1941 Col.
649 1894 801 1942 1631.
852 1892 906 1941 .1.
946 1890 1165 1942 Simon
1210 1892 1285 1941 de
1324 1890 1558 1943 Cassia
1590 1894 1624 1955 †
1665 1894 1833 1954 1348„
1873 1908 1968 1941 seu
2004 1892 2228 1941 Fidatus
2267 1906 2300 1941 a
2337 1891 2527 1943 Cassia
2563 1892 2728 1941 natali

252 1978 305 2026 in
337 1978 579 2028 Hernicis
616 1980 737 2029 vico
778 1979 1146 2044 cognominari
1182 1978 1385 2041 solitus,
1425 1977 1487 2027 Ο.
1524 1979 1703 2028 Erem.
1744 1978 1796 2027 S.
1833 1978 1968 2043 Aug.
2008 1994 2140 2043 opus
2179 1979 2292 2028 eius
2331 1980 2538 2044 insigne
2577 1994 2726 2044 prae-

254 2070 480 2117 notatum
520 2064 719 2126 „Gesta
756 2064 1053 2115 Salvatoris
1088 2064 1157 2114 D.
1184 2066 1247 2114 N.
1275 2065 1325 2114 J.
1354 2064 1413 2114 C.
1450 2066 1505 2114 in
1534 2065 1644 2114 XV.
1671 2064 1739 2114 l.“
1781 2064 1862 2114 ed.
1890 2066 2078 2129 quinta
2101 2066 2229 2113 exiit
2263 2066 2466 2117 Ratisb.
2503 2068 2653 2116 1733.
2678 2069 2726 2115 4.

252 2150 285 2199 J
298 2166 547 2205 oannes
585 2152 883 2213 Gerson,
934 2152 1068 2202 alias
1118 2150 1423 2203 Charlierus
1472 2156 1724 2214 vocatus,
1776 2151 1964 2201 Gallus
2011 2152 2256 2201 Gereonii
2304 2154 2395 2217 qui
2439 2168 2612 2218 pagus
2649 2159 2731 2203 est

254 2240 367 2303 agri
399 2238 728 2302 misinensis,
779 2240 1166 2289 famosissimus
1204 2253 1334 2288 suae
1383 2240 1573 2288 aetatis
1620 2238 1950 2303 Theologus‚
2004 2237 2373 2289 Cancellarius
2409 2240 2726 2289 Parisiensis

256 2326 505 2375 condidit:
542 2328 969 2390 Monotessaron,
1007 2341 1103 2375 seu
1140 2341 1305 2374 unum
1342 2340 1371 2374 e
1410 2330 1642 2389 quatuor
1677 2324 2004 2390 Evangeliis.
2053 2323 2152 2390 Op.
2190 2324 2270 2373 ed.
2310 2324 2372 2374 G.
2398 2326 2464 2375 E.
2504 2326 2576 2375 du
2611 2326 2726 2376 Pin.

256 2410 405 2462 Antv.
446 2414 591 2463 1706.
644 2413 737 2475 IV,
790 2414 873 2461 83.
926 2428 1035 2477 seq.
1110 2410 1260 2476 Opus
1316 2410 1624 2476 multiplicis
1680 2410 1952 2473 utilitatis,
2016 2412 2214 2475 quippe
2277 2428 2382 2476 quo
2442 2413 2728 2461 continuae

256 2497 507 2549 Historiae
542 2500 595 2549 J.
622 2499 682 2549 C.
722 2517 751 2550 e
791 2505 1023 2565 quatuor
1048 2499 1361 2563 Evangeliis
1398 2502 1679 2562 texuntur3
1721 2498 1863 2563 quod
1901 2496 2160 2547 Gersonio
2199 2499 2408 2548 stetisse
2444 2498 2729 2563 plurimum

254 2583 445 2635 laboris
486 2586 841 2652 reputandum
890 2591 987 2636 est.
1048 2584 1295 2651 Plerique
1336 2586 1475 2634 enim
1514 2590 1639 2635 ante
1677 2601 1795 2634 eum
1833 2585 2116 2649 scriptores
2164 2584 2411 2635 dixerunt
2449 2585 2514 2635 de
2550 2586 2727 2651 dispo-

258 2672 439 2722 sitione
472 2680 521 2723 et
556 2674 741 2723 ordine
778 2666 1276 2737 Evangelistarum,
1322 2677 1623 2723 scrutantes
1662 2672 1787 2737 quid
1825 2673 1997 2736 prius,
2047 2670 2175 2736 quid
2223 2674 2485 2736 posterius
2530 2671 2730 2722 factum

260 2756 509 2809 dictumve
542 2762 637 2824 sit3
682 2766 743 2810 ut
780 2759 1123 2811 ostenderent
1158 2758 1451 2809 concordes
1497 2759 1639 2807 inter
1676 2775 1734 2809 se
1773 2774 1891 2809 esse
1927 2758 2366 2823 Hagiographos,
2416 2774 2516 2808 nec
2551 2763 2730 2809 tamen

262 2843 511 2897 Historias
558 2847 756 2898 Christi
803 2848 1195 2897 concinnarunt
1238 2846 1373 2911 ipsis
1414 2844 1833 2910 Evangelioruin
1881 2844 2073 2894 verbis.
2143 2846 2273 2895 Post
2320 2850 2398 2894 tot
2446 2847 2730 2912 scriptores

260 2936 459 2983 veteres
498 2935 697 2999 primus
742 2932 879 2983 illud
917 2934 1090 2998 operis
1130 2932 1422 2982 Gersonius
1458 2933 1597 2982 inter
1631 2932 1857 2981 Latinos
1897 2932 2154 2996 suscepit:
2204 2932 2355 2981 nulla
2388 2937 2566 2983 tamen
2602 2938 2732 2982 nota

261 3016 498 3081 distinxit,
543 3034 679 3085 quae
726 3020 921 3085 cuique
958 3019 1341 3085 Evangelistae
1396 3020 1501 3067 sint
1554 3018 1799 3084 propria3
1856 3018 1948 3067 sed
1993 3018 2051 3066 in
2095 3018 2331 3083 capitum
2384 3019 2729 3083 inscriptione

260 3110 455 3155 tantum
478 3107 753 3173 significat,
782 3122 847 3157 ex
874 3106 1070 3172 quibus
1092 3104 1512 3171 Evangeliorum
1536 3106 1670 3154 locis
1695 3109 1872 3155 sumta
1897 3106 2017 3167 sint,
2045 3119 2184 3170 quae
2208 3106 2577 3156 subiiciuntur.

462 3236 554 3291 16.
598 3230 875 3311 Syllabas
918 3234 1271 3308 scriptorum
1310 3230 1672 3289 Harmoniae
1711 3231 1822 3289 Ev.
1857 3232 2196 3289 recentioris
2237 3232 2446 3289 aetatis
2485 3232 2729 3290 catholi-

262 3352 466 3393 corum.
496 3371 576 3378 -
606 3340 669 3392 In
698 3339 1043 3392 recensendis
1072 3338 1433 3406 scriptoribus
1464 3334 1800 3391 Harmoniae
1832 3338 1936 3390 Ευ.
1969 3338 2386 3407 recentioribus,
2434 3344 2496 3391 ut
2539 3338 2731 3392 melior

270 3440 401 3493 ordo
441 3449 675 3496 servetur
720 3460 964 3496 seorsum
1023 3442 1159 3495 serie
1206 3440 1599 3512 chronoloyica,
1663 3442 1873 3495 additis
1936 3442 2053 3495 hinc
2097 3442 2222 3495 inde
2283 3443 2732 3496 annotationibus

266 3546 469 3612 nostri-9,
518 3548 791 3600 trademus
829 3545 1167 3601 concordias
1197 3562 1230 3598 a
1262 3546 1401 3598 viris
1445 3545 1730 3598 catholicis
1777 3551 1825 3598 et
1869 3545 2190 3599 acatholicis
2234 3546 2414 3599 datas.
2448 3578 2532 3585 —-
2572 3545 2734 3599 Circa

268 3646 460 3701 anitium
502 3652 707 3705 caecidi
751 3650 946 3704 decimi
991 3650 1129 3703 sexti
1164 3649 1448 3718 vulqatum
1494 3654 1573 3702 est
1600 3648 1832 3702 Roberti
1873 3648 2164 3718 Goulet,
2223 3648 2511 3704 Tetramon
2543 3652 2730 3704 Evan-

266 3752 526 3819 geliorum.
574 3756 709 3808 Par.
742 3758 915 3808 1535.
978 3754 1045 3807 A.
1088 3753 1148 3805 K
1159 3772 1189 3807 ο
1210 3753 1325 3807 eni
1338 3754 1539 3823 ystei
1554 3772 1617 3823 n,
1675 3752 1734 3807 Ο.
1775 3752 1834 3807 S.
1882 3754 1977 3807 Fr.
2026 3755 2304 3807 enarratio
2351 3755 2408 3807 in
2453 3756 2731 3809 Monotes-

272 3844 580 3911 mm'coz.
613 3860 785 3912 1539.
850 3860 990 3912 Post
1020 3858 1151 3911 haec
1183 3854 1369 3911 Simon
1408 3856 1656 3926 Corroyi,
1706 3856 1769 3910 O.
1809 3856 2090 3912 Coelestin.
2129 3858 2297 3911 edidit
2328 3862 2734 3913 consonantiam

276 3974 351 4015 ev.
390 3962 557 4033 Luqd.
603 3965 774 4016 1547.
851 3961 1189 4016 Succedebat
1255 3960 1654 4015 Gabi-ielis
1714 3979 1750 4014 a
1810 3963 2042 4015 Puteo
2105 3962 2452 4033 herboso,
2528 3962 2732 4016 Turon.

286 4060 557 4135 Ten-amon,
604 4067 719 4121 sive
767 4066 1085 4135 symphonia
1131 4071 1181 4118 et
1218 4072 1506 4119 concentus
1536 4084 1586 4135 q.
1621 4066 1722 4119 Ευ.
1761 4068 1929 4121 1547.
1979 4066 2150 4119 Nulla
2196 4084 2324 4120 vero
2366 4084 2431 4119 ex
2473 4066 2734 4120 hactenus

278 4166 415 4221 editis
454 4171 551 4225 Ec.
600 4170 928 4223 Har-moniis
973 4186 1038 4222 ea
1084 4172 1261 4223 omnia
1296 4170 1607 4239 praestitit,
1673 4188 1814 4239 quae
1873 4170 2058 4223 retulit
2103 4170 2322 4239 eyreqia
2374 4169 2731 4240 Cornelii,

272 4270 618 4346 Jausenii,
668 4294 752 4345 ep.
800 4272 1187 4327 Gandavensis
1231 4274 1527 4327 concordia
1558 4274 1660 4326 Ev.
1697 4274 1842 4327 edita
1876 4274 2117 4327 Lovanii
2144 4276 2314 4325 1549.
2363 4272 2522 4326 Antv.
2555 4276 2730 4332 1558.

268 4384 307 4430 ee
342 4380 473 4434 alibi
525 4380 870 4451 saepissime.
950 4376 1224 4431 Adscribit
1267 4378 1509 4447 primum
1572 4378 1904 4449 sinyulorum
1952 4376 2428 4446 Evanyelistarum
2477 4380 2733 4447 particu-

259 4482 391 4556 lan'a,
447 4486 645 4540 deinde
694 4480 983 4553 quidquid
1026 4486 1104 4535 est
1148 4500 1419 4535 commune
1464 4482 1605 4535 inter
1649 4483 1816 4551 ipsos,
1881 4481 2079 4535 reiecto
2127 4482 2204 4533 ad
2247 4483 2542 4551 maryivzem
2588 4484 2736 4553 quod

248 4592 465 4648 abundat
492 4592 589 4647 vel
619 4585 981 4658 superfluum
1011 4592 1104 4638 est.
1170 4585 1457 4655 Synopsim
1496 4584 1832 4640 Concordiae
1869 4585 2123 4639 Jansenii
2169 4586 2316 4640 dedit
2346 4586 2736 4640 Matthaeus

2353 4684 2425 4733 b*
