3267 5259
1146 425 1428 467 chronotaxis
1455 426 1734 479 Evangelia.
2504 413 2682 462 XXIX

236 602 401 659 sedulo
436 604 893 663 observandum:
940 604 1299 678 distinguere
1343 608 1640 683 oportere:
1691 604 1910 681 duplex
1955 606 2014 663 N
2015 605 2167 663 atale
2219 604 2470 677 Christi,
2520 626 2558 682 p
2575 626 2606 663 r
2623 625 2683 664 o-

236 708 455 781 prium
496 708 715 767 scilicet
759 714 821 767 et
866 709 923 766 D
942 709 965 765 i
984 709 1215 785 onysi
1234 728 1381 767 anu
1402 729 1461 766 m
1519 729 1621 767 seu
1680 710 1926 783 vulgare
1951 708 1988 768 ¹.
2051 710 2319 767 Primum
2379 714 2466 767 est
2512 709 2680 781 illud,

236 810 361 887 quod
386 830 455 867 ex
483 812 845 871 documentis
876 812 1177 870 Historiae
1208 812 1601 887 Evangelicae
1631 813 2015 889 probabiliter
2062 816 2321 884 eruitur3
2369 815 2684 871 secundum

236 934 353 971 vero
378 914 519 973 illud
548 918 701 995 quod
734 917 1059 994 Dionysius
1090 918 1339 991 exiguus
1368 922 1597 975 secutus
1628 924 1738 988 est3
1773 923 1833 975 et
1861 924 1991 995 post
2022 939 2156 977 eum
2186 920 2463 977 universa
2486 916 2684 975 Eccle-

235 1019 307 1073 sia
330 1018 542 1091 Latina,
590 1024 719 1079 eius
765 1026 1028 1079 attamen
1070 1021 1245 1079 initio
1286 1021 1591 1097 paululum
1622 1024 1956 1081 immutatO.
2005 1022 2158 1085 Quia
2199 1022 2520 1099 Dionysius
2567 1041 2686 1079 non

236 1129 333 1178 tam
359 1143 391 1179 a
417 1123 641 1182 Christo
674 1130 835 1195 nato,
886 1130 993 1183 aut
1019 1125 1302 1183 Kalendis
1330 1126 1367 1183 J
1370 1128 1601 1184 anuarii
1621 1122 1671 1197 ²3
1718 1146 1895 1204 quam
1935 1129 2008 1185 ab
2050 1127 2229 1185 VIII.
2277 1127 2412 1185 Kal.
2457 1126 2686 1201 Aprilis

234 1226 349 1283 anni
374 1226 590 1285 Juliani
618 1228 837 1301 XLV„
886 1249 999 1307 quo
1029 1231 1373 1288 individuae
1404 1237 1652 1288 naturae
1682 1229 1938 1289 Divinae
1968 1250 2100 1289 eum
2130 1233 2390 1289 humana
2419 1230 2574 1287 facta
2602 1235 2689 1287 est

234 1330 541 1404 coniunctio,
591 1333 749 1391 illud
780 1335 1111 1409 auspicatus
1140 1340 1229 1391 est
1246 1333 1290 1392 3.
1339 1334 1503 1393 Haec
1532 1354 1686 1407 aera,
1729 1354 1903 1413 quam
1935 1356 2038 1393 nos
2067 1354 2296 1413 quoque
2325 1352 2484 1392 nune
2511 1334 2685 1391 fami-

232 1432 428 1492 liariter
468 1435 529 1493 in
582 1443 869 1513 computu
934 1437 1277 1497 adhibemus
1320 1441 1623 1514 supponit:
1685 1440 1722 1495 J
1738 1459 1942 1497 esum
1974 1439 2381 1497 Christum
2423 1444 2688 1497 natum

232 1557 370 1594 esse
408 1542 535 1597 sub
578 1541 832 1598 finem
878 1542 1066 1599 anni
1113 1547 1303 1600 4713.
1374 1544 1758 1602 Periodus
1817 1543 2099 1602 Julian
2121 1564 2236 1614 ae;
2293 1543 2367 1601 U.
2415 1542 2477 1600 C.
2542 1546 2683 1599 754.

232 1641 421 1700 Passim
462 1650 659 1703 tamen
692 1665 731 1702 a
760 1645 1137 1720 Chronologis
1170 1646 1395 1722 primae
1424 1652 1597 1705 notae
1614 1646 1658 1719 4,
1691 1667 1800 1705 nec
1828 1667 1946 1705 non
1975 1650 2049 1707 ab
2081 1648 2492 1705 eruditissimis
2525 1647 2686 1704 theo-

406 1906 443 1967 ¹)
488 1905 649 1965 Quod
702 1906 961 1954 acerrime
1012 1905 1299 1955 defendere
1345 1906 1461 1955 ibat
1493 1906 1556 1955 A.
1594 1905 1900 1955 Korbavius
1939 1904 1992 1954 S.
2029 1905 2099 1968 J.,
2147 1905 2354 1954 Vindio.
2404 1908 2689 1954 astronom.

231 1987 333 2037 thet.
372 2006 461 2055 pro
503 1992 777 2057 Dionysio
827 1993 1035 2057 exiguo.
1086 1993 1344 2042 Viennae.
1385 1994 1535 2043 1643.
1586 2010 1636 2058 p.
1675 1995 1758 2041 22.
1797 2009 1839 2043 s.
1912 1991 1952 2058 ²)
2000 1992 2073 2042 Ut
2113 1990 2272 2041 hodie
2309 1990 2383 2041 fit.
2457 1989 2497 2055 ³)
2535 1990 2683 2054 Pagi,

230 2074 339 2139 App.
373 2079 415 2125 1.
448 2094 489 2127 s.
560 2080 611 2143 ⁴)
650 2078 893 2141 Usserio,
929 2078 1119 2128 Annal.
1157 2079 1217 2128 P.
1254 2083 1392 2144 post.
1430 2079 1682 2129 Londini.
1719 2096 1772 2145 p.
1811 2080 1962 2130 1654.
2012 2079 2072 2129 C.
2108 2079 2178 2128 H.
2215 2078 2443 2139 Norisio,
2481 2078 2594 2125 viro
2630 2078 2686 2125 in

230 2160 361 2209 rebus
394 2163 631 2214 chronol.
670 2178 881 2214 summa
905 2180 1023 2214 cum
1048 2165 1209 2215 laude
1244 2170 1473 2228 versato,
1510 2165 1545 2216 l.
1573 2166 1640 2215 de
1667 2165 2012 2231 Cenotaphiis
2046 2165 2256 2215 Pisanis
2286 2164 2369 2213 ed.
2393 2164 2483 2213 Fr.
2509 2164 2684 2213 Balle-

228 2247 325 2295 rinii
356 2248 538 2300 Veron.
586 2253 741 2300 1729.
788 2255 826 2300 t.
862 2250 962 2301 111.
1020 2252 1164 2301 Diss.
1200 2251 1273 2312 Π,
1311 2254 1360 2301 5.
1408 2268 1459 2317 p.
1502 2254 1617 2301 137.
1655 2268 1698 2302 s.
1757 2251 1826 2300 D.
1865 2251 2114 2314 Petavio,
2159 2251 2409 2301 Diatriba
2445 2250 2509 2299 de
2549 2264 2689 2299 anno

230 2334 367 2383 natali
391 2334 585 2385 Christi
613 2336 1077 2387 animadversione
1102 2337 1172 2386 ad
1197 2338 1360 2388 Haer.
1387 2338 1478 2387 LI.
1502 2337 1657 2403 Alog.
1697 2338 1778 2388 ed.
1806 2354 1847 2389 s.
1873 2337 2178 2403 Epiphanii.
2210 2338 2387 2389 Paris.
2405 2336 2474 2399 ΙΙ,
2504 2339 2621 2387 106.
2647 2351 2688 2385 s.

234 2422 327 2469 120.
373 2438 412 2471 s.
444 2423 527 2473 De
569 2424 823 2473 doctrina
857 2425 1194 2489 Temporum.
1234 2424 1315 2474 ed.
1340 2425 1499 2474 Antv.
1534 2426 1686 2475 1703.
1722 2424 1793 2487 ΙΙ,
1830 2427 1947 2474 211.
1985 2440 2026 2473 s.
2075 2424 2348 2473 Rationar.
2385 2424 2567 2488 Temp.
2607 2422 2688 2472 ed.

228 2506 373 2571 Lugd.
398 2510 545 2560 1724.
586 2510 663 2571 11,
694 2513 811 2561 142.
838 2525 880 2559 s.
929 2511 1039 2576 Ipsi
1078 2512 1237 2561 etiam
1260 2511 1446 2576 Pagio,
1472 2512 1686 2561 tametsi
1710 2510 1908 2577 Appar.
1935 2510 2117 2561 chron.
2145 2510 2214 2559 ad
2237 2510 2427 2560 Annal.
2455 2510 2688 2558 Bai-onii.

226 2608 269 2656 p.
300 2596 403 2644 373.
440 2611 635 2646 revera
668 2597 726 2645 in
764 2611 961 2646 annum
990 2598 1105 2647 748.
1134 2596 1369 2646 retrahat
1403 2597 1796 2648 Incarnationis
1832 2598 2147 2647 Dominicae
2185 2595 2458 2661 epocham,
2495 2595 2688 2660 probs.-

228 2678 359 2729 bilior
391 2683 584 2733 ceteris
624 2684 941 2733 existimata.
990 2684 1125 2733 Item
1154 2683 1206 2734 J.
1235 2683 1459 2746 ClericO,
1497 2684 1794 2733 HarmonIa
1831 2682 2146 2748 evangelica
2182 2683 2262 2732 ed.
2289 2682 2508 2731 Amstel.
2537 2684 2689 2731 1700.

230 2764 333 2815 diss.
363 2768 403 2817 I.
448 2769 513 2819 de
554 2770 715 2819 annis
752 2770 913 2819 Vitae
952 2769 1163 2821 Christi.
1210 2787 1261 2835 p.
1302 2771 1421 2819 507.
1456 2786 1499 2820 s.
1561 2770 1864 2820 Alexandro
1911 2770 2115 2832 Natali,
2163 2769 2308 2819 Diss.
2349 2768 2416 2817 [Ι.
2462 2770 2514 2817 in
2553 2768 2690 2817 Hist.

228 2852 409 2904 Eccles.
431 2856 494 2905 N.
520 2857 588 2905 T.
618 2854 773 2906 Saec.
798 2856 842 2905 I.
870 2855 951 2906 ed.
977 2858 1099 2906 Par.
1128 2858 1277 2906 1730.
1315 2856 1416 2919 111,
1443 2858 1526 2906 65.
1576 2856 1933 2918 TillemontiO,
1959 2856 2242 2905 Memoires
2269 2855 2350 2905 ed.
2376 2855 2508 2904 Ven.
2540 2856 2689 2904 1732.

228 2936 263 2999 l.
284 2942 387 2989 420.
444 2942 705 2993 Cornelio
744 2957 779 2992 a
812 2942 1037 3008 Lapide,
1078 2942 1371 2993 Comment.
1408 2944 1466 2991 in
1500 2943 1710 3008 Evang.
1751 2942 1831 2991 ed.
1869 2943 2092 3007 August.
2131 2941 2286 2991 Vind.
2321 2944 2470 2991 1747.
2507 2941 2579 3003 11,
2606 2942 2690 2989 45.

226 3026 473 3091 Anonymo
521 3030 776 3094 scriptori
821 3028 1092 3094 Spicilegii
1137 3029 1326 3079 Obser.
1378 3028 1559 3080 chron.
1605 3030 1750 3079 circa
1793 3034 2100 3094 computum
2145 3043 2304 3078 aerae
2351 3027 2690 3089 christianae,

227 3112 271 3159 in
302 3112 515 3165 Miscell.
558 3114 691 3167 obs.
729 3117 785 3166 in
822 3120 1069 3165 auctores
1107 3122 1211 3165 vet.
1251 3121 1303 3166 et
1338 3131 1444 3165 rec.
1481 3116 1702 3166 Amstel.
1731 3118 1882 3166 1732.
1919 3116 2024 3165 vol.
2061 3115 2130 3165 11.
2158 3117 2206 3179 3,
2234 3117 2352 3164 419.
2380 3130 2421 3165 s.
2481 3114 2694 3163 Placuit

226 3200 383 3251 eadem
418 3204 693 3253 sententia
738 3202 1095 3253 eruditissimo
1144 3202 1433 3253 Godefrido
1472 3203 1834 3265 Henschenio,
1873 3219 1902 3252 e
1929 3201 1982 3252 S.
2007 3203 2059 3252 J.
2085 3204 2200 3251 viro
2234 3203 2290 3251 in
2315 3202 2473 3250 rebus
2511 3199 2691 3250 chron.

228 3300 418 3351 summo,
455 3290 591 3339 diat.
617 3290 857 3356 praelim.
894 3290 963 3339 ad
996 3290 1147 3339 Tom.
1172 3291 1325 3355 prim.
1348 3290 1549 3355 Aprilis
1573 3291 1689 3339 Act.
1718 3289 1770 3339 S.
1796 3307 1848 3355 p.
1875 3292 1924 3339 6.
1951 3306 1991 3339 s.
2040 3289 2092 3340 J.
2118 3288 2182 3337 L.
2207 3288 2370 3351 Berti,
2404 3288 2545 3337 Diss.
2571 3286 2690 3335 hist.

226 3374 314 3422 vol.
335 3375 375 3423 1.
407 3378 463 3426 in
508 3392 615 3442 quo
652 3376 967 3427 illustriores
1005 3376 1245 3441 epochae
1282 3380 1635 3442 exponuntur.
1683 3376 1920 3425 Florent.
1951 3378 2099 3425 1753.
2137 3392 2190 3440 p.
2221 3376 2336 3425 109.
2363 3376 2482 3424 203.
2530 3373 2584 3424 J.
2622 3372 2690 3421 H.

228 3458 541 3525 Graveson0‚
586 3462 833 3513 Historia
877 3462 1087 3513 Eccles.
1136 3464 1203 3513 V.
1242 3462 1303 3512 T.
1350 3462 1433 3511 ed.
1470 3463 1604 3512 Ven.
1645 3464 1795 3512 1761.
1842 3461 1940 3524 111,
1982 3464 2096 3512 133.
2138 3463 2252 3511 147.
2311 3461 2383 3509 Μ.
2422 3458 2690 3521 Purulieh,

228 3546 347 3597 Diss.
380 3549 445 3599 de
486 3549 701 3599 Pascha
737 3548 932 3598 Christi
969 3550 1171 3599 ultimo.
1216 3550 1449 3614 Tyrnav.
1489 3550 1640 3599 1765.
1679 3566 1729 3615 p.
1769 3550 1886 3598 230.
1925 3563 1974 3598 a.
2021 3548 2278 3613 Pilgram,
2318 3545 2693 3597 Calendarium

228 3632 435 3685 chronol.
476 3636 672 3685 Vienn.
700 3637 851 3686 1781.
889 3652 941 3700 p.
972 3637 1016 3684 1.
1064 3635 1128 3684 R.
1154 3635 1348 3701 Anger,
1388 3634 1453 3684 de
1490 3640 1788 3700 temporum
1809 3636 1866 3684 in
1892 3635 2040 3684 Actis
2062 3634 2438 3699 Apostolorum
2469 3634 2692 3683 ratione.

228 3717 353 3783 Lips.
380 3724 533 3772 1833.
572 3739 623 3788 p.
652 3724 805 3773 6-8.
854 3721 1041 3772 Theile
1068 3737 1161 3771 zur
1186 3721 1509 3787 Biographie
1533 3721 1685 3771 Jesn.
1722 3722 1907 3786 Leipz.
1935 3722 2086 3770 1837.
2123 3736 2174 3785 p.
2201 3722 2284 3769 42.
2330 3719 2388 3769 C.
2415 3719 2692 3781 Wieseler,

230 3804 663 3873 Chronologische
702 3808 943 3873 Synopse
991 3808 1086 3857 der
1128 3809 1240 3857 vier
1274 3807 1627 3873 Evangelien.
1688 3808 1882 3857 Hamb.
1922 3809 2073 3857 1843.
2119 3823 2170 3871 p.
2210 3808 2327 3855 131.
2367 3808 2482 3855 132.
2543 3806 2593 3856 J.
2633 3806 2694 3855 P.
2749 3792 2761 3803 ⁰

230 3890 457 3957 Mymter,
500 3895 565 3945 de
602 3896 883 3945 momentis
920 3894 1310 3960 chronolog-icis
1345 3896 1401 3943 in
1439 3895 1549 3943 vita
1582 3894 1718 3944 Jesu
1755 3892 1952 3943 Christi
1988 3893 2122 3958 disq.
2156 3893 2334 3943 Havn.
2374 3893 2526 3942 1843.
2563 3908 2614 3957 p.
2645 3894 2692 3941 2.

228 3977 270 4027 J.
292 3978 579 4047 Gumpach‚
616 3982 751 4030 iiber
789 3980 892 4031 den
928 3980 1289 4045 altjtidischen
1322 3979 1618 4043 Kalender,
1659 3980 1918 4029 zuniichst
1952 3981 2009 4029 in
2044 3981 2222 4029 seiner
2255 3978 2566 4042 Beziehung
2601 3993 2696 4026 zur

231 4072 353 4115 nent.
396 4067 590 4117 Gesch.
630 4065 865 4117 Brtissel.
905 4068 1056 4117 1848.
1104 4083 1155 4132 p.
1194 4068 1312 4117 347.
1361 4066 1414 4115 J.
1452 4066 1512 4115 B.
1550 4066 1744 4132 Weigl,
1782 4066 1856 4115 th.
1891 4066 1999 4115 chr.
2031 4064 2391 4130 Abhandlung
2426 4065 2558 4114 iiber
2596 4062 2692 4113 das

234 4152 383 4203 wahre
409 4154 643 4204 Geburts
680 4153 795 4203 und
818 4152 1093 4218 Sterbjahr
1117 4153 1170 4203 J.
1198 4152 1295 4203 Ch.
1321 4152 1605 4203 sulzbach.
1639 4155 1789 4203 1849.
1821 4153 1863 4215 I,
1893 4155 2007 4203 103.
2033 4169 2075 4205 s.
2113 4152 2184 4212 11,
2213 4154 2328 4201 173.
2381 4151 2440 4200 C.
2465 4150 2693 4213 Ammer,

234 4236 303 4287 die
324 4238 678 4307 chronologis
716 4240 813 4290 des
845 4240 1061 4289 Lebens
1084 4240 1218 4290 Jesu
1244 4238 1455 4291 Christi.
1507 4238 1796 4305 straubing
1825 4240 1974 4289 1855.
2001 4256 2053 4304 p.
2080 4241 2129 4288 4.
2155 4254 2197 4287 s.
2235 4238 2287 4287 J.
2313 4238 2383 4286 H.
2407 4236 2694 4300 Friedlieb,

236 4322 525 4377 Geschichte
562 4326 661 4378 des
696 4326 911 4377 Lebens
948 4327 1083 4375 Jesu
1121 4325 1316 4375 Christi
1350 4324 1593 4375 Breslau.
1633 4326 1785 4376 1855.
1822 4341 1873 4391 p.
1913 4326 1995 4374 61.
2033 4341 2075 4375 s.
2138 4324 2259 4373 Eid.
2297 4323 2698 4389 Eri-inerungen

232 4411 327 4459 und
356 4413 614 4464 Kritiken.
652 4414 728 4464 ib.
758 4412 911 4463 1857.
948 4428 1001 4477 p.
1027 4413 1110 4461 37.
1136 4428 1181 4461 s.
1229 4411 1281 4460 J.
1316 4410 1600 4473 Bucher‚
1641 4428 1734 4461 zur
1773 4410 2128 4475 Chronologie
2165 4410 2260 4460 des
2296 4409 2508 4460 Lebens
2545 4410 2695 4471 Jesu‚

237 4500 319 4545 ost.
350 4500 583 4565 Viertelj.
610 4502 769 4551 1865.
806 4500 900 4562 IV,
928 4500 1044 4549 199.
1070 4514 1111 4548 s.
1159 4497 1283 4547 Eid.
1310 4498 1395 4547 die
1423 4496 1780 4564 Chronologie
1805 4497 1854 4547 d.
1880 4498 1944 4547 N.
1972 4497 2032 4546 T.
2057 4497 2258 4562 Augsb.
2287 4498 2436 4547 1865.
2467 4514 2519 4563 p.
2547 4498 2627 4547 18.
2655 4510 2697 4545 s.

236 4580 318 4632 Th.
340 4586 492 4651 Keim,
532 4588 631 4637 der
666 4584 855 4652 gesch.
896 4583 1135 4635 Christus
1156 4620 1169 4633 .
1192 4620 1205 4633 .
1228 4618 1275 4635 ..
1315 4583 1563 4635 Chronol.
1600 4584 1652 4633 d.
1682 4584 1746 4633 L.
1771 4584 1824 4634 J.
1863 4584 1946 4633 ed.
1969 4584 2069 4634 111.
2095 4584 2214 4636 Zur.
2245 4584 2395 4634 1866.
2433 4599 2484 4648 p.
2511 4582 2628 4632 224.
2653 4598 2696 4632 s.
