3267 5259
558 404 687 471 444
1034 446 1043 453 -
1284 418 1402 461 nist.
1432 418 1539 461 Rev.
1570 417 1660 459 div.
1689 417 1858 460 Period.
1888 418 1946 459 11.
1974 428 2071 468 esp.
2101 416 2304 459 Primum.

560 594 829 657 veniunt
876 592 941 657 S.
989 591 1264 657 Paulum
1310 592 1463 657 licet
1506 590 1862 677 Phrygiam
1908 590 2010 657 bis
2053 592 2352 674 adierit13
2409 600 2628 656 tamen
2683 613 3036 676 numquam

562 705 867 771 Colossae
898 728 967 771 se
996 705 1346 771 contulisse
1362 708 1414 769 ²:
1448 728 1676 769 verum
1704 706 1897 770 etiam
1923 702 2309 791 discipulum
2334 703 2632 791 Apostoli
2655 702 3034 789 Epaphram

560 822 781 898 ἀμέσως
828 820 1237 885 constituisse
1284 818 1661 901 ecclesiam3
1711 840 1906 904 quem
1953 816 2013 882 d.
2061 814 2303 883 Paulus
2349 819 2626 905 primum
2675 826 2746 881 et
2790 817 3038 902 praeci·

558 955 759 1018 puum
806 936 1043 997 vocat³
1098 931 1441 1018 Evangelii
1486 930 1666 1019 apud
1713 930 2138 997 Colossenses
2190 932 2554 995 ministrum
2573 934 2616 995 ⁴.
2665 929 3037 995 Ecclesiam

560 1044 1017 1111 Colossensem
1066 1068 1151 1109 ex
1198 1044 1558 1109 christianis
1605 1054 1800 1109 antea
1845 1043 2136 1127 ethnicis,
2185 1042 2501 1109 coaluisse
2549 1042 2750 1108 dubio
2801 1052 2984 1107 caret
3003 1046 3041 1106 ⁵.

558 1159 665 1223 Ex
734 1181 862 1246 quo
933 1157 1358 1225 Colossenses
1418 1157 1654 1223 Christi
1721 1156 1920 1222 fidem
1987 1160 2496 1245 susceperuntss,
2565 1158 2766 1243 inque
2813 1156 3042 1221 melius

557 1274 785 1337 mutati
832 1282 1051 1337 essent
1087 1295 1209 1360 per
1246 1271 1599 1359 Epaphras
1630 1273 2056 1337 ministerium
2079 1275 2121 1354 ⁷,
2168 1272 2447 1337 accessit
2489 1269 2666 1336 bona
2695 1270 3038 1335 Ecclesiae

560 1386 927 1450 constitutio
951 1390 992 1450 S.
1062 1384 1311 1449 Verum
1384 1384 1497 1449 ubi
1557 1384 2122 1471 pseudodoctores
2187 1384 2451 1470 quidam
2523 1385 3041 1470 supervenirent,

562 1500 873 1563 exitiosos
919 1520 1231 1585 spargere
1282 1508 1644 1585 coeperunt
1690 1520 1962 1581 errores,
2019 1508 2085 1562 et
2141 1520 2378 1585 reapse
2441 1496 2658 1583 plures
2703 1519 2746 1561 a
2792 1498 3044 1561 sincera

558 1612 854 1677 doctrina
916 1611 1264 1677 christiana
1324 1620 1702 1677 averterunt
1720 1616 1762 1676 9.
1831 1611 2176 1698 Epaphras
2230 1620 2662 1698 posteaquam
2725 1609 3040 1697 pericula,

559 1747 727 1812 quae
772 1727 1205 1807 imminerent,
1276 1735 1603 1809 cerneret3
1660 1723 1870 1811 probe
1937 1726 2179 1789 tenuit:
2249 1724 2532 1789 salutare
2601 1747 2682 1789 ac
2727 1746 3042 1811 praesens

556 1838 936 1921 remedium,
970 1861 1099 1924 quo
1147 1836 1332 1903 malis
1362 1836 1810 1903 Ecclesiarum
1841 1837 2234 1920 mederetur,
2277 1836 2358 1901 ab
2391 1836 2713 1925 Apostolo
2749 1838 3040 1923 gentium

557 1974 701 2016 esse
746 1950 1230 2037 requirendum.
1302 1951 1535 2040 Itaque
1585 1954 1846 2025 ἑκουσίως
1900 1951 1984 2015 ad
2043 1950 2264 2015 divum
2329 1950 2605 2015 Paulum
2651 1952 2720 2015 in
2767 1950 3039 2015 vinculis

555 2066 805 2129 Romae
854 2064 1189 2130 detentum
1235 2066 1553 2151 perrexit;
1587 2064 1744 2129 nihil
1777 2088 2012 2129 curans
2045 2063 2296 2130 Urbem
2327 2063 2472 2151 plus
2504 2086 2702 2149 quam
2735 2063 3040 2129 CCLXX

556 2176 707 2243 mill.
751 2178 1034 2243 Colossis
1078 2178 1337 2243 distare.
1398 2178 1646 2243 Romae
1695 2202 1744 2241 s.
1773 2177 1978 2243 Paulo
2026 2177 2155 2242 fide
2202 2176 2400 2262 digna
2443 2176 2683 2259 retulit,
2731 2177 2952 2241 fausta
2982 2186 3042 2241 et

555 2290 842 2355 infausta
888 2290 970 2356 de
1019 2290 1389 2357 conditione
1436 2290 1666 2355 harum
1712 2290 2178 2356 Ecclesiarum.
2210 2290 2467 2355 Nuntiis
2506 2313 2628 2377 per
2659 2290 3038 2377 Epaphram

557 2403 1197 2489 Laodicensiumque
1268 2403 1353 2469 ad
1415 2426 1486 2468 se
1556 2404 1820 2469 missam
1883 2403 2224 2490 epistolam
2293 2404 2612 2491 acceptis;
2677 2426 3036 2489 eorumque

556 2519 743 2599 votiS,
794 2518 903 2603 qui
949 2518 1109 2582 miro
1158 2518 1221 2581 in
1266 2516 1542 2581 Paulum
1598 2518 1887 2582 caritatis
1934 2518 2176 2582 affectu
2206 2516 2595 2602 flagrabant,
2629 2528 2968 2603 permotus
2995 2520 3038 2559 ¹⁰

558 2630 816 2695 videtur
880 2628 1263 2717 Apostolus:
1333 2640 1406 2695 ut
1470 2640 1734 2717 pararet
1799 2630 2018 2695 literas
2087 2630 2172 2695 ad
2241 2630 2686 2713 Colossenses‚
2757 2653 2922 2717 quas
2979 2640 3038 2693 et

556 2744 1077 2809 Laodicensibus
1121 2746 1427 2809 recitatas
1472 2743 1762 2828 vellet¹¹‚
1810 2746 2100 2831 utrisque
2151 2746 2392 2831 quippe
2423 2745 2490 2807 in
2537 2743 2774 2808 eadem
2823 2742 3036 2808 discri-

556 2858 734 2920 mina
775 2858 1043 2920 voeatis.
1092 2856 1453 2942 Utramque
1488 2858 1662 2921 enim
1705 2856 1935 2921 urbem
1967 2855 2529 2944 pseudodoctores
2555 2860 2603 2901 ¹²
2653 2856 3030 2922 turbabant:

556 2968 832 3053 Legalia
878 2979 941 3034 et
988 2968 1230 3034 cultum
1261 2966 1667 3054 Angelorum
1713 2969 1958 3057 ubique
2005 2970 2404 3056 persuadere
2453 2971 2691 3036 conati.
2738 2970 3033 3035 Vicissim

558 3091 781 3146 monet
814 3080 1255 3166 Colossenses,
1304 3092 1374 3147 ut
1420 3094 1485 3147 et
1531 3082 1846 3169 epistolae
1893 3106 1932 3147 a
1977 3082 2496 3149 Laodicensibus
2543 3084 2632 3149 ad
2678 3107 2727 3148 s.
2761 3082 3028 3149 Paulum

558 3309 607 3356 p.
634 3295 752 3344 268.
780 3309 821 3342 s.
870 3294 1135 3359 Wiggers,
1175 3296 1231 3343 in
1268 3309 1391 3344 ann.
1427 3294 1579 3344 Stud.
1616 3310 1669 3343 u.
1707 3294 1844 3345 Krit.
1887 3297 2033 3346 1838.
2059 3310 2109 3359 p.
2139 3296 2257 3346 165.
2284 3312 2328 3345 s.
2378 3294 2714 3356 Neudeoker,
2751 3296 2948 3346 Lehrb.
2983 3295 3032 3343 d.

558 3380 607 3429 h.
644 3380 723 3429 kr.
762 3380 903 3431 Einl.
943 3397 993 3445 p.
1021 3384 1138 3431 513.
1166 3397 1207 3431 s.
1262 3380 1323 3434 G.
1364 3382 1591 3443 Montin,
1643 3396 1768 3431 num
1814 3382 1874 3431 P.
1916 3381 2160 3432 Colossis
2208 3381 2464 3433 docuerit.
2513 3382 2669 3434 Hele.
2711 3385 2866 3434 1843.
2914 3383 3032 3432 Vai-

559 3466 764 3532 hinger,
801 3469 857 3517 in
894 3467 1123 3533 Herzog,
1164 3470 1221 3517 R.
1260 3468 1324 3518 E.
1362 3468 1455 3529 lv,
1494 3470 1577 3519 80.

769 3554 807 3618 ¹)
847 3554 963 3604 Act.
995 3557 1075 3615 16,
1104 3556 1152 3604 6.
1192 3556 1273 3617 18,
1300 3556 1383 3605 23.
1422 3554 1463 3615 ²)
1494 3553 1704 3605 Coloss.
1730 3557 1780 3618 2,
1809 3557 1854 3605 1.
1895 3553 1937 3619 ⁸)
1960 3558 2004 3615 1,
2031 3558 2080 3605 7.
2123 3556 2164 3621 ⁴)
2189 3556 2256 3608 G.
2279 3556 2536 3619 Blihmer,
2561 3558 2794 3624 Isagoge
2819 3560 2873 3607 in
2899 3574 2976 3623 ep.
3003 3573 3036 3605 a

557 3640 731 3690 Paulo
770 3656 857 3705 ap.
906 3642 974 3691 ad
1015 3640 1225 3691 Coloss.
1272 3641 1380 3692 dat.
1420 3641 1581 3692 theol.
1621 3642 1746 3692 hist.
1794 3643 1909 3692 crit.
1956 3642 2132 3693 Berol.
2174 3646 2323 3694 1829.
2373 3661 2422 3709 p.
2462 3647 2547 3694 41.
2592 3662 2704 3695 non
2765 3649 2884 3696 sine
2929 3645 3034 3693 veri

556 3730 739 3792 specie
803 3727 987 3778 docet:
1051 3729 1190 3778 inter
1244 3744 1335 3779 eos
1393 3724 1599 3791 „natvm
1661 3726 1772 3788 τοὺς
1821 3730 2157 3789 κατοικοῦντας
2217 3727 2303 3795 τὴν
2359 3728 2578 3791 Ἀσίαν“,
2637 3734 2758 3782 Act.
2819 3736 2906 3795 19,
2959 3735 3034 3780 10.

557 3817 649 3879 qui
708 3814 935 3865 Paulum
997 3815 1349 3881 Evangelium
1410 3818 1826 3867 annunciantem
1887 3816 2158 3879 audivere,
2207 3824 2478 3868 versatum
2549 3835 2668 3870 esse
2728 3820 3032 3886 Epaphram

558 3902 816 3964 Colossis,
872 3902 1017 3953 haud
1065 3904 1143 3953 ita
1195 3903 1356 3970 longe
1404 3904 1473 3953 ab
1530 3903 1748 3968 Epheso
1785 3910 2123 3968 remotarum,
2181 3906 2479 3956 oriundum.
2525 3909 2574 3969 4,
2627 3910 2710 3957 12.
2759 3906 2814 3957 S.
2871 3906 3036 3956 Paulo

558 3990 778 4040 iubente
814 3990 1099 4055 Epaphras
1136 3991 1241 4039 iam
1280 3989 1480 4041 Christi
1528 3997 1779 4052 sectator,
1834 4007 2079 4042 reversus
2131 3992 2386 4044 Colossae
2422 3994 2782 4059 Evangelium
2841 4010 3040 4045 annun·

556 4079 724 4127 ciavit
762 4084 815 4127 et
840 4083 1048 4127 coetum
1074 4077 1311 4143 collegit.
1352 4078 1432 4129 cf.
1460 4078 1510 4128 J.
1536 4078 1603 4127 D.
1632 4078 1950 4141 Strohbach,
1979 4079 2044 4129 de
2071 4080 2326 4146 Epaphi-a
2352 4081 2682 4131 Colossensi.
2709 4082 2862 4146 Lips.
2891 4084 3034 4131 1710.

555 4164 1053 4228 Neander,·Geseh.
1095 4164 1146 4214 d.
1182 4166 1384 4216 Pflanz.
1423 4182 1475 4217 u.
1513 4167 1652 4217 Leit.
1691 4166 1734 4228 Ι,
1773 4169 1891 4230 236,
1931 4184 1971 4217 s.
2011 4184 2060 4217 n.
2100 4172 2148 4217 2.
2186 4169 2338 4219 Leon
2376 4169 2599 4231 Montet,
2641 4169 2838 4219 introd.
2877 4170 2930 4217 in
2955 4184 3034 4232 ep.

556 4251 625 4301 ad
682 4252 891 4303 Coloss.
946 4254 1114 4303 Mont.
1154 4255 1307 4303 1841.
1354 4254 1405 4304 J.
1445 4254 1508 4303 E.
1558 4254 1782 4316 Huther,
1840 4255 2040 4305 Comm.
2097 4260 2148 4305 fl.
2197 4255 2245 4306 d.
2295 4256 2382 4305 Br.
2433 4256 2493 4306 P.
2539 4271 2607 4305 an
2647 4256 2734 4306 die
2774 4257 3032 4307 Colosser.

556 4338 748 4391 Hamb.
790 4341 941 4391 1841.
978 4357 1029 4405 p.
1056 4343 1139 4391 23.
1171 4356 1213 4391 s.
1242 4343 1359 4391 392.
1387 4356 1429 4391 s.
1474 4342 1525 4391 J.
1564 4341 1790 4405 Borlini,
1831 4358 2045 4409 exeges.
2095 4344 2150 4392 in
2199 4358 2284 4409 ep.
2321 4344 2371 4393 d.
2411 4342 2567 4393 Pauli
2618 4342 2689 4393 ad
2727 4342 3032 4394 Colossens.

554 4426 784 4476 Patavii.
824 4429 974 4481 1854.
1020 4445 1071 4494 p.
1108 4430 1157 4478 6.
1194 4446 1237 4478 s.
1274 4432 1357 4479 50.
1414 4429 1454 4495 ⁵)
1495 4427 1633 4480 0011.
1674 4433 1721 4491 1,
1759 4431 1841 4479 24.
1876 4432 1957 4481 25.
1996 4432 2045 4491 3,
2072 4434 2119 4479 5.
2150 4432 2196 4481 7.
2253 4430 2295 4496 ⁶)
2337 4433 2384 4493 1,
2423 4432 2471 4481 6.
2501 4432 2550 4491 2,
2575 4433 2626 4479 6.
2653 4433 2702 4481 7.
2731 4434 2812 4481 12.
2837 4434 2885 4493 3,
2915 4434 2959 4479 1.
2983 4432 3034 4479 3.

560 4511 599 4577 ⁷)
639 4513 744 4574 Qui
773 4520 826 4563 et
850 4516 907 4564 in
931 4516 1125 4565 vicinis
1154 4517 1467 4566 civitatibus
1494 4516 1804 4567 Laodiceae
1829 4523 1884 4567 et
1907 4517 2186 4583 Hierapoli
2215 4517 2494 4584 Evangelii
2531 4520 2740 4569 semina
2775 4519 3034 4584 sparsisse

554 4598 778 4649 videtur.
806 4604 853 4664 4,
878 4604 958 4651 12.
982 4605 1061 4653 13.
1101 4602 1141 4662 ⁸)
1168 4606 1214 4666 2,
1237 4605 1283 4653 5.
1305 4606 1353 4666 4,
1377 4605 1457 4655 17.
1496 4604 1535 4668 ⁹)
1564 4607 1611 4666 2,
1638 4606 1716 4656 18.
1757 4605 1820 4655 V.
1841 4620 1893 4669 p.
1911 4606 2031 4656 440.
2073 4606 2132 4670 ¹⁰)
2161 4608 2208 4667 2,
2233 4609 2278 4655 1.
2323 4605 2383 4671 ¹¹)
2407 4609 2457 4667 4,
2488 4607 2568 4655 16.
2611 4605 2674 4670 ¹²)
2699 4606 2760 4655 V.
2783 4620 2834 4671 p.
2852 4606 2965 4655 447.
2987 4618 3030 4653 s.
