3267 5259
1327 476 1499 521 Literao
1530 478 1703 531 Abguri.
2633 468 2760 534 307

264 653 437 713 illius
468 661 591 713 tam
620 657 973 715 honorificae
1004 658 1313 731 legationis
1343 680 1380 716 a
1408 680 1542 733 rege
1571 660 1994 719 Edessenorum
2037 661 2314 732 decretae,
2361 680 2432 718 ne
2465 661 2762 719 levissima

264 760 509 837 quidem
540 762 696 836 apud
728 761 1190 837 Hagiographos,
1227 762 1285 821 S.
1318 764 1384 820 P.
1418 768 1478 820 et·
1507 764 1565 821 S.
1598 765 1668 821 E.
1703 764 1942 823 Eusebii
1974 784 2116 822 aevo
2158 766 2481 840 superiores
2510 765 2762 822 habetur

264 868 525 935 menti03
574 868 843 942 quamvis
887 867 948 923 in
988 866 1233 942 epistola
1272 869 1497 941 Abgari
1545 870 1616 925 ad
1650 869 1951 925 Christ-um
1993 870 2323 944 reperiatur
2366 869 2759 927 luculentissi-

264 988 437 1026 mum
482 970 553 1027 de
592 970 777 1046 ipsius
808 970 1141 1029 Divinitate
1187 973 1607 1029 testimonium.
1675 972 1832 1029 Illud
1873 992 2006 1030 cum
2037 973 2094 1031 S.
2127 974 2193 1030 P.
2227 978 2287 1031 et
2316 974 2373 1030 S.
2405 974 2496 1044 E„
2543 976 2646 1051 qui
2687 975 2762 1031 ad

262 1075 633 1149 probandam
675 1078 878 1133 contra
907 1077 1159 1133 Arianos
1198 1076 1592 1133 Divinitatem
1630 1078 1705 1134 D.
1739 1078 1815 1133 N.
1847 1076 1903 1134 J.
1936 1078 1997 1135 O.
2047 1080 2346 1149 immensa,
2397 1097 2515 1135 non
2561 1080 2759 1135 minus

264 1178 423 1235 mole
466 1198 645 1256 quam
688 1180 1035 1249 eruditione,
1084 1180 1389 1238 volumina
1429 1182 1829 1252 condiderunt,
1883 1202 2202 1259 numquam
2243 1182 2577 1251 laudarint;
2629 1202 2758 1257 per-

262 1283 540 1357 spicuum
598 1290 687 1341 est
704 1328 717 1355 ,
782 1304 899 1341 non
950 1304 1297 1358 germanum
1346 1286 1445 1341 sed
1497 1285 1899 1362 apocryphum
1951 1286 2239 1343 habuisse.
2325 1305 2373 1343 e.
2436 1286 2760 1363 Utramque

264 1387 577 1463 epistolam
622 1389 1059 1464 supposititiam
1104 1390 1345 1461 censuit,
1395 1396 1454 1447 et
1490 1389 1650 1447 inter
1693 1392 2029 1466 apocrypha
2067 1389 2274 1447 retulit
2305 1390 2570 1447 Gelasius
2600 1391 2761 1466 Papa

264 1494 331 1547 in
366 1490 628 1549 Concilio
657 1493 919 1551 Romano
953 1498 1076 1551 494
1106 1493 1141 1551 ¹.
1189 1496 1245 1551 d.
1289 1494 1593 1572 Tanquam
1624 1495 1789 1552 fictas
1818 1495 2193 1552 excluserunt
2223 1516 2268 1552 s.
2294 1494 2695 1571 Hieronymus
2713 1490 2755 1565 ²,

262 1616 310 1652 s.
352 1598 721 1669 Augustinus
740 1594 785 1668 3,
833 1618 877 1654 s.
912 1596 1237 1667 Thomas⁴;
1286 1618 1419 1656 cum
1459 1599 1666 1656 dicunt
1709 1598 2009 1656 Christum
2047 1598 2203 1656 nihil
2248 1598 2574 1673 scripsisse:
2624 1618 2759 1672 ergo

265 1719 461 1777 neque
500 1700 665 1758 illam
705 1720 853 1779 quae
892 1708 979 1759 est
1009 1704 1081 1759 ad
1115 1704 1417 1776 Abgarum
1456 1702 1779 1778 epistolam.
1846 1704 2028 1779 Atqui
2063 1704 2121 1759 id
2162 1705 2406 1760 minime
2447 1704 2761 1760 sensissent

264 1804 364 1863 illi
415 1805 675 1862 doctores
720 1807 784 1863 in
830 1807 1145 1864 traditione
1198 1812 1257 1863 et
1302 1807 1656 1884 antiquitate
1703 1806 1996 1864 Ecclesiae
2042 1807 2456 1877 versatissimi3
2511 1807 2560 1864 si
2607 1808 2758 1864 hanc

264 1910 577 1986 epistolam
618 1914 689 1967 ut
727 1911 1125 1968 authenticam
1166 1912 1557 1984 agnovissent.
1622 1911 1908 1968 Addimus
1954 1912 2204 1988 denique
2247 1930 2296 1967 e.
2345 1916 2758 1985 argumentum

263 2016 591 2071 internum.
638 2013 879 2089 Spurias
902 2014 1103 2073 literas
1126 2034 1262 2085 esse,
1300 2015 1458 2090 ipsae
1484 2016 1740 2073 maxime
1763 2034 1881 2072 sese
1907 2034 1972 2072 eo
2002 2016 2274 2091 produnt,
2309 2016 2458 2092 quod
2485 2015 2754 2073 Christus

263 2119 337 2175 ad
389 2118 685 2176 auxilium
730 2119 1131 2193 indigentibus
1184 2121 1489 2177 ferendum
1540 2139 1768 2195 semper
1815 2118 2249 2195 paratissimus,
2295 2118 2532 2176 nonnisi
2585 2119 2757 2175 annis

262 2223 568 2300 aliquibus
590 2223 800 2299 elapsis
818 2244 983 2299 opem
1002 2244 1061 2281 se
1080 2224 1232 2281 ferre
1256 2243 1434 2300 posse,
1456 2225 1692 2299 Abgaro
1715 2224 2008 2299 scripsisse
2031 2230 2323 2281 narretur.
2358 2224 2440 2281 Ut
2465 2228 2754 2281 taceamus

262 2327 531 2403 plurima
562 2346 709 2406 quae
738 2328 775 2385 J
778 2348 905 2385 esus
936 2327 1273 2425 scripsisset,
1320 2334 1511 2387 sumta
1541 2349 1660 2386 esse
1697 2349 1771 2386 ex
1803 2330 2164 2386 orationibus
2200 2332 2328 2403 post
2358 2328 2754 2385 Resurrectio-

261 2450 405 2488 nem
434 2450 599 2489 suam
630 2432 863 2489 demum
895 2430 1133 2490 habitis.
1182 2432 1451 2490 Ceterum
1481 2434 1656 2491 facile
1686 2435 1889 2490 damus
1913 2434 2017 2490 has
2036 2433 2201 2490 L1te1
2203 2452 2280 2503 as,
2315 2438 2384 2489 ut
2405 2433 2477 2489 ab
2501 2433 2751 2490 Eusebio

269 2535 539 2612 prolatae
581 2540 737 2607 sunt,
790 2536 855 2593 in
896 2536 1199 2595 Archiviis
1244 2538 1515 2595 inventas
1560 2538 1738 2594 fuisse
1785 2536 2108 2607 Edessenis,
2159 2556 2278 2593 non
2323 2540 2596 2611 putamus
2639 2555 2757 2592 esse

270 2640 699 2710 dubitandum3
762 2645 1021 2698 attamen
1074 2641 1449 2699 monimentis
1502 2642 1615 2699 sibi
1671 2640 1904 2698 traditis
1956 2640 2130 2697 fidem
2183 2640 2465 2696 Eusebius
2517 2639 2756 2697 videtur

262 2744 463 2803 levius
494 2744 783 2801 habuisse.
832 2744 1203 2803 Recentiores
1233 2746 1485 2803 Eusebio
1515 2746 1827 2822 script-ores
1851 2750 1919 2802 ut
1943 2750 2114 2802 testes
2139 2745 2294 2801 haud
2319 2745 2459 2801 adeo
2483 2744 2756 2819 probatae

262 2848 426 2920 fidei,
466 2851 673 2907 merito
704 2847 940 2907 silentio
970 2854 1347 2924 praetereunt
1375 2852 1585 2907 harum
1616 2849 1926 2907 literarum
1957 2850 2216 2924 patroni;
2249 2848 2319 2905 de
2349 2847 2526 2905 solius
2557 2852 2754 2905 tamen

256 2953 538 3028 Procopii
555 2951 579 2989 5
610 2953 943 3010 testimonio
966 2954 1079 3011 sibi
1103 2954 1498 3027 gratulantur.
1546 2954 1656 3011 Sed
1683 2974 1819 3011 sane
1844 2954 2087 3013 vacillat
2109 2953 2381 3028 Procopii
2412 2954 2748 3023 auctoritas,

255 3058 370 3135 qui
412 3056 579 3113 nulla
619 3053 851 3131 κρίσεως
899 3058 1023 3115 acie
1064 3059 1363 3133 praeditus
1384 3103 1397 3129 ,
1449 3059 1712 3135 bonaque
1742 3058 1856 3115 fide
1895 3058 1960 3115 in
1989 3058 2436 3135 qualiacumque
2476 3059 2750 3132 abreptus

252 3180 481 3231 rerum,
508 3179 653 3238 quas
674 3162 869 3220 varios
893 3162 1047 3237 apud
1070 3163 1378 3237 scriptores
1401 3160 1639 3235 legerat,
1673 3164 1882 3219 seriem
1907 3161 2148 3238 reliquit
2172 3160 2684 3237 narrationemque
2699 3158 2742 3217 ⁰.

482 3436 519 3502 ¹)
569 3436 644 3487 Ut
690 3436 871 3487 videre
927 3442 1009 3485 est
1061 3438 1219 3486 etiam
1274 3436 1418 3501 apud
1468 3435 1808 3497 Gratianum,
1857 3436 1917 3483 P.
1962 3434 2003 3483 1.
2043 3435 2092 3484 d.
2132 3437 2214 3484 15.
2263 3449 2468 3484 canone
2521 3432 2753 3496 „Sancta

252 3524 508 3573 Romana
531 3523 805 3588 Ecclesia,
837 3524 912 3572 ibi
940 3524 1136 3588 quippe
1163 3526 1210 3584 ξ.
1234 3524 1314 3572 76.
1341 3527 1585 3572 notatur:
1612 3521 1859 3587 Epistola
1882 3504 2016 3571 Jesu
2040 3520 2108 3570 ad
2133 3520 2402 3587 Agbarum
2428 3521 2749 3586 apocrypha.

250 3611 299 3675 2)
341 3610 562 3672 Comm.‚
606 3611 663 3660 in
698 3609 895 3659 Ezech.
932 3612 1016 3671 44,
1051 3612 1133 3659 30.
1172 3626 1222 3675 p.
1263 3610 1380 3659 555.
1454 3609 1493 3673 ³)
1532 3610 1615 3658 De
1654 3625 1799 3659 cons.
1837 3610 2046 3673 Evang.
2091 3607 2136 3669 I,
2176 3610 2220 3657 7.
2257 3608 2354 3657 ubi
2389 3624 2440 3657 n.
2478 3610 2559 3656 11.
2607 3626 2658 3673 p.
2697 3611 2745 3658 6.

253 3696 655 3747 discutiendum
692 3698 931 3761 suscepit
968 3712 1097 3756 „cur
1118 3697 1232 3761 ipse
1270 3696 1532 3745 Dominus
1566 3695 1702 3745 nihil
1738 3696 2057 3761 scripserit.“
2121 3694 2162 3759 ⁴)
2201 3694 2297 3744 111.
2325 3696 2409 3757 42,
2445 3696 2493 3743 4.
2531 3696 2596 3756 X,
2628 3696 2746 3744 882.

254 3784 303 3849 ⁵)
356 3784 441 3833 De
478 3782 621 3833 bello
661 3784 866 3848 persico
906 3782 977 3843 II,
1014 3784 1095 3831 12.
1141 3782 1223 3832 ed.
1248 3782 1375 3847 Byz.
1402 3782 1541 3831 Hist.
1577 3781 1766 3847 Script.
1811 3784 1943 3832 Ven.
1981 3784 2133 3831 1729.
2179 3782 2221 3843 Ι,
2258 3783 2374 3851 ζῧο2.
2449 3778 2488 3845 ss)
2529 3780 2747 3845 Spurias

255 3876 313 3919 et
350 3870 719 3935 supposititias
757 3884 875 3919 esse
911 3885 1069 3934 porro
1108 3870 1361 3918 evincunt
1396 3868 1553 3918 huius
1590 3870 1782 3918 aetatis
1808 3868 1990 3918 Critici
2015 3896 2082 3903 —
2108 3884 2152 3917 e.
2180 3884 2224 3917 c.
2253 3867 2613 3929 Wichelhaus,
2641 3882 2688 3917 c.
2712 3867 2748 3915 l.

252 3975 308 4023 p.
338 3959 424 4007 53.
450 3984 519 3993 --
544 3956 667 4005 inde
713 3956 856 4021 quod
892 3955 1091 4021 Abgari
1135 3970 1472 4005 successores
1510 3955 1776 4020 simulque
1812 3954 2050 4005 Edessae
2083 3954 2325 4015 incolas,
2366 3953 2434 4002 ad
2472 3952 2744 4003 saeculum

252 4058 433 4108 nsque
469 4043 761 4093 secundum
797 4041 943 4091 idola
978 4041 1208 4092 coluisse
1246 4042 1441 4091 dicant.
1504 4040 1674 4090 Citari
1723 4042 1874 4091 aiunt
1919 4042 2088 4090 verba
2124 4056 2152 4089 e
2189 4039 2418 4089 Joannis
2455 4042 2538 4100 20,
2573 4041 2657 4088 29.
2684 4053 2746 4101 8.,

252 4129 405 4197 quod
453 4136 632 4179 tamen
680 4129 1036 4195 Evangelium
1080 4134 1203 4195 post
1246 4129 1443 4178 multos
1494 4142 1665 4177 annos
1715 4128 1783 4177 ab
1833 4128 2160 4177 Ascensione
2204 4127 2423 4177 Domini
2472 4130 2748 4175 exaratum

252 4222 355 4267 est.
394 4218 685 4266 Praeterea
721 4216 1055 4266 Edessenum
1092 4215 1465 4265 documentum
1508 4219 1587 4265 tot
1624 4214 1784 4264 rebus
1829 4218 2050 4277 scatere,
2100 4228 2238 4279 quae
2275 4213 2380 4263 sibi
2414 4228 2522 4261 non
2560 4211 2750 4261 cohae-

250 4309 405 4365 rent3
446 4302 658 4353 Christo
696 4303 945 4368 indignae
981 4306 1134 4365 >sunu
1177 4301 1569 4365 chronologiae
1607 4302 1641 4350 i.
1677 4316 1721 4349 e.
1759 4306 2054 4366 temporum
2092 4300 2284 4349 rationi
2321 4304 2645 4365 repugnant3
2691 4304 2752 4349 ut

252 4408 321 4441 ex
369 4392 547 4441 insitis
596 4390 755 4439 etiam
800 4389 1051 4439 falsitatis
1097 4388 1337 4453 vestigiis
1382 4392 1525 4437 recte
1570 4387 1869 4452 colligatur,
1907 4387 2050 4436 illico
2089 4402 2116 4436 e
2161 4386 2425 4451 germanis
2469 4386 2748 4435 vetustatis

250 4477 597 4527 monimentis
636 4476 1091 4525 exterminandum
1130 4490 1264 4525 esse.
1316 4474 1525 4525 Christo
1550 4474 1648 4523 has
1673 4474 1854 4523 literas
1892 4474 2198 4539 suppositas
2224 4488 2340 4523 esse
2365 4477 2486 4537 post
2510 4472 2748 4522 Lauren-

249 4566 389 4613 tium
412 4562 591 4624 Valla,
616 4564 685 4613 D.
709 4563 1011 4624 Erasmum,
1036 4562 1098 4611 R.
1124 4561 1524 4623 Bellarminum,
1560 4560 1632 4609 M.
1662 4560 1882 4622 Canum,
1915 4560 2003 4609 Fr.
2032 4562 2326 4623 Costerum,
2353 4560 2416 4608 N.
2442 4560 2748 4624 Rigaltium,

248 4652 315 4703 A.
342 4649 554 4713 Baillet,
594 4648 989 4711 Casaubonum,
1032 4648 1313 4710 clericum,
1349 4650 1414 4698 R.
1441 4646 1638 4710 Simon,
1676 4648 1944 4713 Basnage,
1985 4647 2158 4713 Gotti;
2206 4648 2494 4713 praecipue
2532 4645 2745 4695 demon-

2337 4734 2438 4785 20*
