3267 5259
1172 456 1354 497 nomin·
1380 456 1486 497 sm
1513 454 1692 497 chenu.
2561 446 2680 511 197

1332 723 1358 742 .
1374 681 1500 745 III.

356 810 463 865 De
507 810 676 867 Jesu
719 809 967 867 Christi
1010 810 1404 869 nomin-ibus
1445 811 1519 867 in
1561 812 1753 867 Novo
1798 813 2232 869 Testamento
2277 814 2510 871 obviis.

390 947 583 1005 Omne
612 949 899 1026 quidquid
928 954 1016 1007 est
1042 951 1107 1007 in
1136 968 1337 1006 rerum
1365 952 1579 1007 natura
1609 951 1846 1007 nomine
1875 951 2155 1025 indigere,
2189 970 2322 1009 cum
2353 971 2563 1009 nomen
2594 954 2677 1011 sit

181 1051 269 1108 rei
330 1055 478 1109 nota
522 1084 608 1093 —
653 1054 745 1109 uti
804 1052 1153 1111 describitur
1208 1073 1245 1111 a
1301 1052 1700 1111 Romanorum
1759 1054 2231 1132 eloquentissimo
2268 1076 2384 1125 —3
2433 1056 2676 1135 ideoque

179 1155 425 1212 nomine
471 1174 617 1230 opus
660 1174 783 1213 esse
796 1200 811 1227 ,
856 1157 1083 1233 quoties
1126 1156 1353 1214 homini
1398 1158 1469 1213 de
1512 1157 1629 1215 alio
1675 1160 1949 1235 quopiam
1991 1164 2080 1217 est
2121 1160 2391 1218 facienda
2433 1163 2674 1233 mentio,

178 1278 387 1317 omnes
429 1260 607 1319 facile
650 1261 993 1318 concedunt.
1055 1261 1131 1317 In
1176 1262 1301 1337 ipso
1338 1262 1545 1319 mundi
1590 1263 1882 1320 nascentis
1927 1264 2165 1321 exordio
2211 1264 2450 1323 nomina
2491 1285 2526 1323 a
2555 1267 2680 1325 Dec

176 1364 539 1442 quibusdam
568 1364 743 1445 rebus
772 1369 909 1423 sunt
938 1366 1241 1439 imposita3
1274 1364 1421 1423 Gen.
1451 1371 1505 1438 1,
1536 1370 1593 1423 5.
1615 1371 1674 1423 8.
1701 1370 1798 1425 10.
1829 1368 2080 1445 indeque
2111 1369 2336 1444 primus
2365 1370 2538 1427 homo
2571 1372 2674 1449 qui

174 1470 411 1544 accepit
454 1486 669 1525 nomen
710 1469 955 1539 Adam,
1000 1488 1133 1527 cnm
1176 1469 1367 1526 brutis
1412 1469 1681 1527 omnibus
1723 1490 1896 1529 suum
1932 1472 2213 1547 imposuit
2253 1490 2500 1544 nomen;
2548 1478 2677 1532 tum

174 1574 369 1629 etiam
392 1572 589 1643 uxori,
616 1592 795 1650 quam
816 1573 931 1648 ipsi
951 1573 1309 1631 formaverat
1336 1573 1513 1630 Deus.
1560 1573 1708 1631 Gen.
1737 1578 1793 1646 2,
1828 1580 1924 1632 19.
1949 1580 2047 1632 20.
2079 1580 2179 1633 23.
2227 1576 2676 1653 protoparentes

174 1675 327 1733 filiis
351 1677 477 1733 suis
504 1676 685 1733 etiam
714 1682 889 1754 atque
916 1676 1152 1733 filiabus
1180 1678 1419 1733 nomina
1462 1678 1776 1747 dederunt3
1824 1680 2260 1758 permansitque
2288 1682 2398 1739 hoc
2427 1683 2673 1740 institu-

174 1787 313 1837 tum
336 1780 497 1855 apud
517 1798 717 1839 omnes
739 1784 956 1854 gentes,
982 1785 1051 1837 ut
1070 1781 1388 1858 unicuique
1416 1781 1723 1838 hominum
1747 1801 1918 1840 suum
1941 1802 2156 1841 nomen
2183 1784 2366 1842 fuerit
2395 1786 2672 1842 inditum.

174 1884 379 1941 Erant
406 1888 607 1942 autem
635 1886 843 1960 priscis
872 1885 1231 1959 temporibus
1260 1885 1499 1941 nomina
1536 1884 1811 1961 imposita
1828 1931 1842 1957 ,
1890 1905 2039 1964 quae
2083 1888 2180 1945 vel
2223 1891 2673 1964 praeteritarum

174 2006 387 2045 rerum
432 1985 752 2060 μνημόσυνα
793 1994 983 2047 essent
998 2034 1013 2061 ‚
1046 1988 1143 2045 vel
1186 1988 1523 2047 futurarum
1566 1992 1922 2064 praenuntia
1937 2036 1951 2063 ,
1995 1996 2054 2049 et
2097 1992 2332 2069 quidem
2378 2012 2497 2051 non
2541 2013 2674 2051 raro

174 2110 469 2165 magnum
498 2092 641 2169 quid
674 2095 736 2149 et
762 2093 1049 2149 eximium
1078 2091 1433 2167 significant.
1480 2092 1567 2151 Of.
1600 2092 1757 2151 Hjst.
1792 2094 1864 2151 R.
1896 2094 1968 2152 V.
2001 2094 2068 2152 Τ.
2102 2115 2159 2172 p.
2191 2095 2272 2153 X.
2301 2101 2404 2154 66.
2435 2101 2534 2154 78.
2570 2101 2670 2154 97.

178 2200 333 2253 395.
380 2196 479 2253 Ex
506 2196 601 2253 his
638 2196 909 2255 omnibus
936 2198 1201 2275 seqnitur
1238 2197 1557 2254 Dominum
1587 2197 1872 2255 Nostrum
1891 2197 1929 2255 J
1931 2218 2091 2255 esum
2115 2198 2416 2257 Christum
2445 2219 2672 2278 quoque

174 2318 301 2358 non
338 2300 591 2358 fortuito
626 2301 975 2379 quibusdam
1004 2301 1341 2359 nominibus
1369 2306 1642 2359 ornatum
1673 2321 1821 2372 esse;
1867 2303 1966 2361 sed
1993 2322 2098 2379 pro
2140 2308 2432 2381 utraqu
2453 2324 2484 2361 e
2527 2324 2674 2383 qua

171 2403 547 2480 pollebat
592 2410 925 2463 naturae
977 2404 1317 2473 virtute;
1366 2424 1472 2481 pro
1522 2405 1695 2463 rebus
1745 2406 1990 2481 abipso
2033 2408 2300 2481 gerendis
2351 2408 2446 2465 vel
2492 2410 2670 2482 gestis

170 2506 545 2584 adpellatum
574 2508 771 2566 fuisse.
832 2507 999 2571 Quod
1042 2509 1235 2584 ipsum
1277 2513 1475 2567 autem
1524 2514 1938 2584 argumentum
1983 2512 2396 2585 dignissimum
2437 2516 2524 2570 est
2541 2556 2554 2583 ,
2603 2516 2674 2569 ut

170 2612 465 2688 penitiori
494 2612 773 2687 indagine
803 2610 1123 2671 clarissime
1154 2614 1602 2671 demonstretur.

1171 2784 1479 2863 Ἰησοῦς,
1544 2792 1672 2849 12³th

386 2924 472 2983 Ut
498 2928 573 2983 ab
602 2926 709 2984 illc
738 2926 1115 3002 incipiamus,
1158 2926 1312 3004 quod
1341 2925 1627 2983 sexcentis
1667 2925 1784 2984 iam
1824 2930 1962 2984 ante
2007 2922 2263 2986 natalem
2303 2930 2474 2986 annis
2503 2950 2668 3005 prae-

166 3030 405 3087 dictum
428 3030 575 3087 fuit:
604 3030 661 3101 ,J
674 3034 851 3087 esus‘
876 3048 1085 3088 nomen
1112 3030 1415 3105 proprium
1437 3032 1491 3087 ei
1513 3030 1854 3106 impositum
1877 3036 1962 3088 est
1981 3052 1996 3101 3
2024 3051 2140 3089 non
2163 3033 2399 3110 quidem
2422 3034 2668 3092 fortuito

166 3140 281 3191 ant
326 3134 637 3191 hominum
680 3134 926 3205 indicia,
974 3134 1073 3193 sed
1126 3136 1239 3193 Dei
1284 3132 1525 3193 consilio
1578 3137 1754 3211 atque
1806 3140 2127 3210 praecepto.
2189 3136 2452 3209 Angelus
2511 3138 2670 3195 enim

164 3239 407 3295 Mariae
450 3238 627 3296 matri
673 3239 799 3296 eins
842 3238 1081 3313 Virgini
1125 3258 1245 3297 non
1295 3240 1465 3297 modo
1517 3237 1713 3295 filium
1765 3242 2178 3309 annuntiavit3
2233 3259 2440 3297 verum
2491 3243 2670 3299 etiam

166 3360 397 3399 nomen
426 3340 739 3413 indicavit,
774 3360 888 3419 quo
918 3342 1299 3418 adpellandus
1342 3347 1521 3400 esset:
1571 3342 1737 3412 ,Ecce
1766 3343 2052 3419 concipies
2081 3343 2148 3400 in
2193 3348 2358 3401 utero
2389 3350 2448 3402 et
2477 3346 2668 3421 paries

164 3445 376 3503 filium
405 3448 467 3501 et
494 3444 727 3502 vocabis
759 3462 972 3501 nomen
1002 3446 1126 3503 eius
1153 3446 1395 3503 Jesum.‘
1449 3446 1589 3503 Luc.
1623 3450 1675 3517 1,
1713 3449 1812 3502 31.
1869 3445 1938 3503 L.
1964 3445 2044 3503 H.
2077 3446 2154 3503 N.
2187 3446 2253 3503 Τ.
2287 3466 2344 3523 p.
2383 3452 2438 3505 7.
2503 3449 2669 3507 Idem

162 3555 381 3625 postea
406 3549 465 3606 b.
487 3548 735 3624 Josepho
768 3548 1035 3623 Virginis
1063 3550 1285 3607 Mariae
1315 3549 1535 3626 Sponso
1564 3550 1892 3625 praecepit;
1942 3554 2010 3607 ut
2037 3568 2104 3609 eo
2135 3552 2372 3609 nomine
2419 3572 2664 3628 puerum

162 3650 523 3729 adpellaret.
596 3653 789 3710 Simul
838 3654 1019 3711 etiam
1070 3654 1195 3711 eius
1245 3652 1657 3729 adpellationis
1703 3652 1990 3711 rationem
2036 3655 2322 3713 reddidit:
2379 3656 2663 3729 ,Vocabis‚

164 3754 397 3835 inquit,
430 3775 641 3815 nomen
670 3758 797 3815 eins
821 3758 861 3815 J
862 3777 1041 3827 esum,
1065 3758 1189 3833 ipse
1210 3758 1369 3815 enim
1392 3758 1621 3816 salvum
1651 3758 1828 3815 faciet
1857 3758 2138 3834 populum
2167 3780 2337 3817 suum
2362 3780 2398 3818 a
2419 3763 2667 3837 peccatis

164 3862 423 3919 eorum!
483 3861 699 3919 Matth.
740 3866 794 3932 1,
832 3866 931 3918 21.
994 3860 1285 3920 Convenit
1328 3862 1682 3937 etymologia
1699 3906 1712 3931 ,
1765 3866 1938 3919 extra
1989 3882 2158 3921 omne
2209 3865 2367 3921 enim
2421 3866 2666 3923 dubium

168 3965 435 4041 posit-um
466 3970 553 4023 est
572 3984 785 4023 nomen
817 3962 1039 4041 ,Ἰηετφῢί
1062 3966 1218 4023 idem
1248 3984 1366 4023 esse
1389 3984 1521 4023 cum
1552 3966 1788 4023 nomine
1819 3972 1974 4039 mvi-7³,
2005 3966 2244 4024 Domini
2275 3968 2464 4037 salus3
2512 3987 2665 4025 com-

166 4070 365 4145 posito
392 4088 472 4125 ex
499 4072 589 4129 w
617 4074 679 4125 et
694 4076 819 4143 Πξη.
872 4069 1027 4127 Nam
1061 4072 1165 4147 qui
1197 4089 1235 4128 a
1262 4071 1462 4147 Moyse
1490 4075 1730 4128 vocatus
1759 4074 1846 4126 est
1875 4070 2052 4127 Num.
2091 4074 2188 4141 13,
2229 4076 2326 4128 17.
2385 4071 2560 4129 Josue
2579 4116 2592 4143 ,
2631 4092 2666 4129 a

164 4174 467 4231 Nehemia
496 4176 555 4242 8,
594 4177 694 4230 17.
738 4178 983 4231 vocatur
1023 4178 1127 4247 mv}
1144 4217 1158 4246 ,
1206 4174 1359 4251 quod
1403 4194 1603 4231 rursus
1655 4193 1732 4231 ex
1775 4175 2018 4251 antiquo
2068 4176 2454 4231 Arameorum
2508 4194 2666 4233 more

166 4280 541 4335 contractum
570 4280 659 4333 est
686 4276 753 4333 in
781 4282 873 4339 ³²72.
934 4276 1129 4335 Secuti
1160 4282 1300 4336 sunt
1326 4278 1481 4335 hanc
1509 4278 1633 4337 soni
1680 4279 2028 4337 facilitatem
2066 4279 2103 4335 J
2104 4280 2293 4350 udaei,
2327 4280 2430 4356 qui
2460 4298 2666 4353 graeca

164 4382 379 4455 lingua
406 4380 731 4437 utebantur
760 4399 827 4437 ac
854 4382 1213 4456 scripserunt
1242 4379 1440 4459 Ἰησοῦ,
1486 4383 1869 4441 circumflexa
1897 4382 2128 4440 ultima.
2192 4385 2476 4440 Attamen
2523 4387 2664 4463 qnia

164 4484 513 4543 terminatio
566 4484 898 4542 istiusmodi
946 4503 1183 4543 casuum
1226 4486 1615 4545 variationem
1659 4507 1778 4545 non
1823 4492 2122 4563 pateretur
2139 4532 2152 4557 ‚
2199 4486 2481 4545 facilioris
2526 4508 2662 4547 con-

160 4590 511 4648 structionis
540 4590 763 4661 gratia‚
798 4589 911 4645 duo
941 4607 1103 4647 casus
1130 4590 1369 4648 formati
1399 4596 1539 4648 sunt
1567 4595 1629 4647 in
1664 4610 1934 4665 graecum
1974 4610 2212 4663 morem,
2246 4597 2435 4650 rectus
2465 4592 2664 4651 addito
