3267 5259
1196 462 1394 504 cun-m
1420 415 1611 513 aaa..
2519 447 2638 514 141

206 631 481 718 produxit
521 635 605 699 ad
650 633 963 721 populum
1010 643 1075 698 et
1117 657 1235 720 pro
1282 633 1586 699 tribunali
1630 634 1866 717 sedit¹‚
1936 633 2115 720 quod
2175 635 2459 719 positum
2521 634 2644 698 fuit

204 747 258 808 in
314 745 469 830 loce,
536 755 735 812 strato
789 749 1145 834 pavimenti
1209 748 1491 832 genere2
1568 769 1655 810 ex
1715 748 1910 811 sectis
1967 748 2185 831 parvis
2249 768 2645 812 marmorum

204 861 403 922 crustis
418 861 458 924 ³.
531 859 776 924 Pilatus
834 869 907 924 ut
963 869 1331 942 testaretur,
1382 881 1577 944 quam
1645 859 1846 924 invito
1915 860 2129 932 animo
2193 861 2259 922 in
2319 857 2645 923 Christum

202 971 550 1034 sententiam
618 973 1101 1057 pronuntiaret,
1180 981 1245 1036 et
1310 971 1714 1036 Judaeorum
1789 972 2038 1036 animos
2097 970 2347 1052 leniret,
2415 971 2645 1036 videns

201 1081 399 1146 Jesum
444 1106 477 1147 e
524 1086 852 1170 praetorio
901 1083 1139 1148 adduci
1186 1083 1456 1148 Judaeis
1501 1085 1743 1169 inquit:
1806 1107 1898 1148 en
1955 1104 2217 1167 regem
2269 1085 2641 1147 vestrum!

202 1193 273 1257 At
312 1193 391 1258 illi
431 1197 521 1258 uti
577 1195 767 1260 nullis
811 1196 1001 1260 Pilati
1063 1196 1451 1279 rationibu8‚
1513 1198 1603 1260 ita
1665 1217 1791 1260 nec
1849 1195 2028 1260 hisce
2089 1197 2370 1281 permoti
2428 1195 2644 1260 verbis

200 1317 341 1370 sunt.
398 1306 765 1373 Clamorem
810 1310 1029 1394 itaque
1078 1309 1359 1373 ferinum
1404 1317 1711 1394 repetunt
1756 1329 1971 1372 suum:
2031 1307 2216 1392 tolle,
2271 1306 2426 1372 tolle
2474 1330 2643 1391 eum,

201 1418 473 1504 crucifige
519 1421 705 1485 eum!
765 1420 1012 1485 Pilatus
1057 1420 1328 1485 audiens
1359 1419 1755 1506 postulatum
1786 1419 1912 1485 hoc
1941 1421 2254 1505 iniquum,
2303 1419 2385 1484 ob
2421 1419 2643 1485 oculos

196 1552 411 1615 ponere
470 1542 745 1597 conatur
800 1535 1207 1598 atrocitatem
1262 1533 1448 1596 facti:
1519 1555 1602 1597 an
1653 1555 1821 1616 eum,
1890 1535 2002 1618 qui
2065 1555 2291 1618 regem
2355 1543 2680 1598 vestrum.

198 1665 255 1707 se
292 1643 459 1728 dixit,
504 1645 791 1710 afficiam
836 1645 1153 1732 supplicio
1185 1655 1321 1710 tam
1350 1643 1660 1709 immani?
1705 1643 1840 1709 Sed
1870 1647 2198 1731 principes
2231 1644 2644 1712 sacerdotum

196 1767 609 1841 reposuerunt,
654 1756 903 1822 nullum
936 1757 1056 1822 sibi
1086 1779 1312 1843 regem
1345 1779 1508 1840 esse,
1558 1779 1754 1842 quam
1787 1756 2159 1823 Caesarem.
2205 1756 2316 1821 Ad
2347 1767 2644 1824 extrema

196 1889 311 1931 rem
352 1868 688 1935 devenisse
733 1869 1102 1956 intelligens
1146 1869 1413 1951 Pilatus,
1459 1871 1897 1935 testimonium
1947 1869 2026 1934 de
2059 1869 2104 1934 J
2107 1892 2222 1933 esu
2271 1872 2646 1935 innocentia

198 1979 440 2064 praebet
467 1982 825 2048 admodum
856 1982 1297 2069 praeclarum
1344 1981 1632 2067 adpellat
1662 2005 1810 2046 eum
1855 1983 2178 2065 ,iustum‘
2190 1985 2235 2066 ⁴,
2267 1982 2644 2047 malluvium

197 2091 295 2155 sibi
350 2093 559 2159 afferri
619 2093 832 2178 iubet,
908 2115 1271 2179 manusque
1337 2093 1581 2180 populo
1648 2096 2058 2180 inspectante
2123 2093 2302 2159 lavat
2319 2099 2362 2178 ⁵,
2409 2094 2643 2159 additis

196 2201 343 2268 hisce
383 2205 631 2272 verbis:
681 2207 1019 2290 ,innocens
1071 2229 1195 2292 ego
1243 2229 1384 2270 sum
1418 2228 1459 2270 a
1488 2207 1804 2290 sanguine
1836 2205 2005 2270 Justi
2048 2206 2256 2290 huius,
2302 2229 2421 2272 vos
2463 2206 2644 2272 vide-

196 2315 343 2379 ritis‘.
401 2317 521 2382 Ast
564 2342 651 2384 ne
698 2321 791 2384 sic
838 2317 1101 2405 quidem
1148 2341 1189 2382 a
1232 2317 1508 2383 scelesto
1572 2319 1905 2405 proposito
1953 2342 2070 2384 suo
2119 2321 2331 2384 aversi
2377 2318 2642 2384 deterri-

196 2429 345 2512 tique
386 2429 623 2496 Judaei
670 2441 848 2514 sunt3
912 2431 1164 2497 nefaria
1222 2453 1387 2496 voce
1451 2430 1710 2496 divinae
1765 2432 2044 2496 iustitiae
2091 2453 2210 2496 sua
2253 2452 2332 2495 ac
2377 2454 2642 2497 suorum

197 2542 379 2625 capita
420 2543 795 2629 obligarunt
812 2548 853 2608 ⁶.
914 2543 1164 2609 Pilatus
1222 2543 1331 2608 ubi
1379 2543 1629 2608 audivit
1672 2544 1716 2609 J
1718 2543 2076 2609 udaeorum
2123 2543 2289 2609 adeo
2336 2542 2641 2608 horribile

194 2673 568 2740 responsum,
634 2657 811 2741 quod
866 2657 1381 2742 pertinacissime
1430 2655 1852 2742 exoptabant,
1900 2654 2084 2740 fecit,
2131 2666 2328 2741 atque
2385 2655 2642 2742 prolata

195 2767 511 2832 sententia:
558 2767 729 2833 solvi
786 2767 1180 2852 Barrabam,
1249 2769 1293 2834 J
1297 2791 1477 2833 esum
1541 2791 1700 2834 vero
1745 2769 1812 2832 in
1871 2790 2133 2833 crucem
2191 2767 2548 2834 tollendum
2603 2792 2644 2833 a

192 2875 461 2943 militibus
506 2881 693 2945 iussit
709 2883 749 2943 ⁷.

372 3133 405 3196 ι)
439 3132 487 3182 A
518 3133 702 3184 iudice
738 3135 879 3184 enim
914 3133 1133 3184 sedente
1169 3133 1566 3198 pronuntianda
1600 3136 1868 3185 sententia
1891 3135 2018 3198 fuit,
2068 3137 2156 3186 vix
2195 3135 2350 3187 aliter
2386 3136 2636 3190 valitura.

194 3212 227 3277 ²)
256 3215 376 3268 Coll.
412 3218 685 3282 Svetonio,
720 3221 778 3269 in
811 3220 977 3270 Julio.
1015 3236 1061 3270 c.
1098 3223 1181 3270 46.
1218 3237 1273 3286 p.
1299 3223 1347 3270 9.
1408 3221 1450 3285 ³)
1496 3221 1642 3270 Hinc
1689 3225 1816 3271 noto
1865 3221 2084 3273 Graecis
2133 3224 2400 3274 vocabulo
2451 3221 2634 3284 Λυθός-

194 3313 353 3364 τρωτον
376 3305 543 3356 dictus
570 3311 671 3357 est.
696 3306 891 3356 Joann.
919 3309 999 3369 19,
1029 3309 1109 3357 13.
1146 3307 1416 3357 Hebraice
1435 3305 1577 3368 ⁸523&
1614 3308 1916 3370 eminentia,
1956 3308 2222 3359 excelsum
2247 3309 2637 3375 adpellabatur.

189 3385 326 3437 Plura
367 3390 429 3440 de
470 3391 573 3443 hoc
624 3393 839 3442 nomine
886 3395 1119 3459 reperies
1166 3395 1225 3442 in
1270 3393 1334 3442 A.
1370 3393 1629 3456 Pseifferi,
1680 3395 2076 3460 Quinquagena
2109 3395 2238 3446 Loc.
2266 3396 2396 3445 Ebr.
2439 3413 2490 3459 p.
2518 3399 2636 3448 933.

186 3469 349 3537 Ikenii,
372 3477 425 3526 in
458 3479 577 3542 syll.
617 3479 743 3529 diss.
780 3479 851 3542 11,
881 3481 962 3528 14.
998 3495 1053 3542 p.
1079 3481 1197 3530 573.
1224 3495 1267 3530 s.
1314 3479 1381 3528 In
1416 3481 1706 3544 provinciis
1743 3481 1976 3530 tribunal
2013 3481 2274 3544 praesidis
2311 3487 2436 3532 ante
2471 3483 2638 3548 ipsius

188 3563 471 3616 praetorium
506 3565 857 3616 constitutum
902 3566 1017 3628 fuit,
1064 3567 1145 3615 uti
1188 3565 1245 3616 id
1290 3581 1514 3631 operose
1562 3567 1798 3617 ostendit
1831 3567 2108 3632 Bynaeus,
2161 3567 2226 3618 de
2270 3574 2438 3618 morte
2484 3570 2538 3619 J.
2577 3569 2636 3619 C.

187 3642 259 3693 lib.
280 3645 368 3698 ΠΙ.
391 3665 434 3699 c.
459 3653 507 3713 3,
530 3653 618 3702 10.
644 3669 695 3718 p.
723 3653 839 3703 107.
866 3652 947 3702 cf.
966 3653 1089 3703 Not.
1115 3657 1152 3702 t.
1179 3668 1220 3703 s.
1245 3668 1423 3718 geogr.
1436 3670 1486 3718 p.
1502 3653 1716 3703 LXXV.
1734 3654 1820 3704 De
1837 3652 2118 3706 ruderibus
2138 3654 2296 3706 huius
2319 3655 2426 3705 loci
2451 3672 2634 3707 recen-

186 3733 253 3779 ter
271 3733 481 3788 inventis
498 3755 553 3788 v.
573 3738 769 3800 Rosen,
786 3739 843 3788 Z.
870 3739 920 3788 d.
948 3739 999 3788 d.
1023 3739 1279 3804 morgenl.
1300 3738 1591 3790 Gesellsch.
1615 3741 1766 3790 1860.
1787 3741 1930 3803 XIV,
1946 3743 2048 3792 606
2069 3757 2111 3792 s.
2125 3741 2494 3804 Tischendorf,
2516 3757 2564 3794 a.
2584 3743 2635 3793 d.

186 3814 227 3863 h.
256 3818 439 3872 Laude.
473 3824 666 3890 Leipz.
693 3825 843 3875 1862.
880 3841 933 3890 p.
962 3826 1077 3875 17¹7.
1102 3841 1145 3876 s.
1174 3825 1233 3875 C.
1252 3825 1440 3891 Her-gt,
1461 3825 1754 3876 Palflstina.
1773 3827 1961 3877 Weim.
1985 3828 2136 3878 1866.
2151 3845 2202 3894 p.
2223 3829 2340 3878 333.
2361 3845 2402 3878 s.
2425 3829 2466 3892 ⁴)
2493 3828 2635 3889 Qua-

186 3900 271 3952 lem
290 3905 461 3959 Jesum
484 3915 653 3961 antea
686 3913 1127 3978 pronuntiaverat
1160 3913 1329 3978 ipsius
1370 3927 1521 3963 uxor.
1561 3913 1603 3978 ⁵)
1641 3913 1898 3963 Mannum
1932 3913 2187 3964 lotionem
2219 3915 2478 3964 Ethnicos
2511 3919 2636 3964 ante

188 4001 317 4042 sacra
336 4011 531 4048 summa
570 4013 689 4047 cum
716 3999 1096 4064 superstitione
1120 4013 1411 4064 usurpasse
1446 4000 1646 4062 passim
1671 3999 1912 4064 leg-imus,
1951 4000 2018 4050 de
2053 4000 2136 4051 his
2175 4002 2314 4050 enim
2339 3999 2485 4066 pleni
2513 4005 2638 4050 sunt

189 4089 339 4131 omnes
370 4085 684 4151 scriptorum
717 4089 1045 4136 vetustorum
1083 4085 1222 4136 libri.
1259 4086 1373 4135 Nec
1409 4084 1551 4136 hunc
1585 4101 1785 4138 morem
1817 4087 1874 4136 in
1909 4088 2076 4138 sacris
2113 4091 2317 4136 tantum
2355 4085 2635 4137 offerendis

190 4161 523 4235 observarunt,
565 4172 660 4223 sed
714 4171 851 4223 alias
888 4173 1063 4222 etiam.
1090 4173 1437 4223 Tenebantur
1472 4173 1802 4238 praeiudicio
1842 4187 2232 4239 quamcumque
2266 4187 2462 4222 noxam
2493 4185 2637 4237 aqua

190 4247 310 4300 ablui
353 4261 443 4305 aut
482 4258 593 4308 elui
645 4274 831 4322 posse3
890 4259 1033 4309 unde
1081 4259 1221 4309 aliae
1258 4259 1487 4310 lotiones
1524 4259 1591 4310 ad
1629 4259 1977 4323 expiandum,
2034 4259 2175 4308 aliae
2221 4258 2291 4308 ad
2335 4258 2636 4309 testandam

191 4332 505 4393 innocentiam
544 4344 755 4394 fuerant
790 4349 1091 4408 susceptae.
1140 4344 1223 4394 cf.
1259 4344 1313 4395 J.
1336 4346 1399 4395 A.
1424 4346 1627 4411 xuni&
1667 4345 1792 4396 diss.
1833 4345 1898 4394 de
1935 4345 2042 4394 ritu
2075 4345 2293 4394 lavandi
2327 4360 2542 4408 manus,
2579 4347 2634 4395 in

190 4417 319 4474 Thes.
342 4427 408 4477 th.
432 4447 480 4496 p.
506 4433 627 4482 227.
652 4448 695 4481 s.
756 4431 799 4496 ⁶)
840 4431 1155 4482 Clamarunt
1189 4433 1233 4482 si
1276 4432 1406 4497 quid
1442 4437 1723 4498 peccatum
1769 4433 1826 4481 in
1875 4429 2020 4482 illius
2057 4435 2224 4481 morte
2259 4433 2354 4495 sit,
2404 4447 2468 4482 ac
2513 4447 2634 4483 san-

192 4509 287 4567 guis
316 4511 395 4564 hic
428 4517 727 4568 effundatur
759 4519 1091 4580 innocenter,
1128 4534 1227 4569 nos
1262 4518 1561 4584 periculum
1596 4520 1654 4568 in
1689 4534 1789 4569 nos
1825 4519 2138 4584 recipimus3
2177 4518 2334 4570 nobis
2372 4522 2426 4568 et
2456 4524 2634 4585 poste-

190 4592 247 4641 ris
277 4601 453 4652 nostris
488 4605 711 4671 imputet
746 4606 920 4655 iustus
956 4604 1117 4654 iudex
1154 4606 1433 4655 criminum
1467 4605 1635 4655 Deus.
1693 4605 1732 4670 ⁷)
1773 4605 1861 4654 Ita
1885 4605 2168 4654 succubuit
2191 4611 2316 4670 post
2341 4609 2418 4656 tot
2441 4607 2636 4654 iterata
