3267 5259
538 463 783 520 XXXVI‘
1373 477 1618 538 Apparatus
1645 479 1863 528 Histoi-ico
1879 509 1929 518 --·
1943 479 2195 529 Chronicus.

531 665 955 742 martyrologia
977 665 1343 737 Latinorum,
1372 667 1676 743 Syrorum,
1706 666 2051 743 Coptorum3
2084 668 2329 726 Menace.
2344 667 2701 724 Graecorum
2722 664 2763 736 ι;
2795 666 2944 745 quin
2968 673 3030 725 et

531 771 646 846 ipsi
673 771 1107 842 Mohamedani,
1143 772 1385 844 ArabeS‚
1419 771 1630 830 Persae
1650 767 1676 809 2
1704 772 1815 829 hac
1843 773 1911 829 in
1940 793 2004 830 re
2034 791 2167 831 cum
2196 770 2548 830 Christianis
2579 772 2957 829 consentiunt
2978 769 3024 830 3.

529 874 618 932 De
661 875 811 933 feria
849 875 1225 934 hebdomadis
1241 921 1255 946 ,
1308 877 1373 935 in
1412 895 1590 954 quam
1619 877 1860 935 divinus
1889 875 2114 934 Christi
2154 881 2317 934 ortus
2352 874 2641 947 incurrit,
2688 875 2847 933 nihil
2876 875 3025 932 certi

529 981 684 1055 apud
717 980 956 1038 Veteres
977 977 1019 1039 ⁴.
1083 978 1400 1058 Reliquum
1430 985 1542 1052 est,
1594 986 1665 1038 ut
1692 983 1919 1052 omnia,
1962 999 2111 1060 quae
2150 981 2308 1039 dicta
2344 985 2484 1039 sunt
2518 969 2932 1038 contrahentes
2960 981 3028 1038 in

529 1103 714 1141 unum
745 1061 1038 1143 dicamus:
1083 1084 1469 1155 ,Christum
1497 1085 1884 1145 Dominum
1924 1087 2005 1144 ob
2044 1086 2352 1145 salutem
2393 1085 2689 1143 humani
2732 1084 3026 1159 generis

529 1193 798 1247 natum
851 1209 1014 1248 esse
1074 1189 1455 1250 vicesima
1513 1193 1797 1268 quinta
1855 1189 2341 1260 Decembris3
2406 1209 2601 1248 anno
2654 1209 2692 1247 a
2746 1189 3025 1248 mundo

529 1298 768 1352 creato
823 1297 1026 1365 42743
1087 1293 1302 1352 Urbis
1355 1293 1708 1352 conditae
1762 1315 1849 1353 ex
1900 1294 2252 1353 Varronis
2296 1293 2577 1353 calculo
2632 1297 2811 1364 749.;
2860 1298 3025 1352 ante

529 1400 784 1456 Aerem
829 1397 1218 1474 Vulgarem
1260 1400 1559 1478 quinte,
1609 1401 1997 1479 eodemque
2038 1401 2352 1459 Herodis
2394 1396 2879 1476 penultimo⁵.‘

741 1709 779 1774 ¹)
817 1707 975 1775 Apud
1011 1709 1075 1759 E.
1113 1711 1382 1772 Martene,
1430 1710 1497 1762 de
1533 1711 1712 1778 Antiq.
1750 1711 1900 1760 Eccl.
1940 1711 2085 1762 Disc.
2122 1727 2169 1760 c.
2211 1714 2291 1760 12.
2354 1710 2456 1776 Op.
2494 1710 2559 1760 de
2598 1714 2708 1760 ant.
2746 1709 2899 1759 Eccl.
2938 1711 3019 1760 rit.

527 1783 639 1846 111?
667 1797 750 1848 ed.
787 1797 946 1848 Antv.
987 1799 1138 1847 1737.
1186 1813 1240 1863 p.
1279 1800 1363 1848 90.
1401 1815 1444 1848 s.
1517 1797 1558 1862 ²)
1607 1797 1663 1848 Si
1707 1797 1945 1848 Thomas
1984 1795 2182 1848 Gravio
2220 1797 2509 1860 credimus,
2557 1797 2615 1846 in
2662 1801 2904 1847 annotat.
2954 1797 3023 1846 ad

526 1884 667 1934 Bibl.
714 1883 1025 1949 Polyglotta
1067 1883 1239 1934 Lond.
1277 1885 1424 1934 Pers.
1468 1885 1679 1951 Evang.
1722 1899 1859 1935 vers.
1898 1885 2047 1934 Tom.
2086 1884 2177 1934 VI.
2220 1883 2391 1934 Lond.
2434 1885 2583 1935 1657.
2623 1883 2672 1933 d.
2722 1899 2777 1949 p.
2816 1885 2901 1934 62.
2940 1885 3021 1933 63.

531 1969 708 2037 „apud
754 1986 913 2037 quos,
959 1976 1021 2020 ut
1067 1971 1276 2034 scribit,
1323 1971 1530 2021 Natalis
1565 1971 1799 2022 Messias
1842 1972 1901 2020 in
1938 1949 2280 2036 pro⁸verbium
2318 1970 2451 2020 abiit
2495 1985 2591 2036 pro
2630 1975 2788 2020 nocte
2824 1969 3021 2036 long-is-

529 2059 712 2108 sima.“
787 2055 828 2124 ³)
865 2057 1132 2118 Quocirca
1173 2057 1336 2107 futilis
1375 2063 1458 2108 est
1497 2057 1549 2108 J.
1587 2056 1848 2124 scaligeri
1885 2085 1951 2093 —
1989 2061 2178 2108 contra
2225 2073 2382 2123 quem
2430 2061 2681 2108 accurate
2728 2055 3027 2122 disputavit

529 2144 866 2196 doctissimus
902 2144 970 2193 D.
995 2144 1264 2207 Petavius,
1304 2144 1370 2194 de
1397 2145 1641 2194 doctrina
1674 2151 1971 2210 temporum
2004 2143 2125 2207 XII,
2154 2145 2200 2194 7.
2226 2159 2278 2210 p.
2304 2145 2423 2194 229.
2448 2161 2491 2194 s.
2528 2145 2653 2194 item
2688 2143 2811 2193 Rat-
2836 2143 3024 2208 Temp.

527 2249 579 2298 p.
617 2233 736 2282 211.
780 2260 840 2268 -
880 2230 947 2280 de
1001 2231 1371 2282 emendatione
1427 2235 1725 2298 temporum
1778 2231 1858 2281 ed.
1912 2229 2045 2281 Gen.
2087 2231 2238 2281 1629.
2286 2247 2336 2296 p.
2384 2232 2505 2282 544.
2556 2231 2674 2280 545.
2724 2231 3024 2294 sententia3

527 2319 621 2384 qui
675 2334 740 2368 ex
801 2317 1160 2383 ephemiarum
1216 2317 1630 2368 sacerdotalium
1685 2319 1842 2382 orbe,
1904 2317 2148 2368 Natalem
2206 2315 2402 2368 Christi
2456 2317 2849 2368 coniiciendum
2904 2333 3027 2368 esse

527 2399 655 2455 dicit
695 2406 752 2455 in
794 2404 1161 2470 Septembrem
1199 2409 1495 2455 exeuntem.
1553 2403 1894 2471 Computatio
1940 2405 2053 2454 eius
2097 2409 2149 2454 et
2191 2405 2421 2454 omnium
2468 2420 2665 2468 eorum,
2718 2405 2813 2470 qui
2848 2406 3029 2471 ipsum

527 2497 848 2558 sequuntur,
897 2491 1000 2542 hoc
1036 2491 1248 2542 laborat
1281 2493 1440 2542 vitio:
1488 2491 1645 2553 Quod
1684 2508 1727 2541 α.
1768 2492 2117 2543 demonstrari
2160 2507 2267 2542 non
2304 2492 2498 2557 possit,
2546 2492 2805 2541 stationes
2842 2507 3027 2542 sacer-

528 2579 710 2629 dotum
759 2580 1018 2630 mansisse
1065 2580 1405 2644 interruptas.
1467 2575 1813 2644 [3.Evict11m
1860 2579 2074 2628 minime
2118 2577 2383 2628 habeatur
2430 2574 2769 2646 ,,ἐφημερίας“
2814 2581 3031 2645 cepisse

527 2667 706 2732 potius
744 2681 779 2716 a
811 2667 1016 2717 familia
1052 2667 1296 2733 principe
1331 2667 1557 2728 Joaribi,
1597 2680 1757 2732 quam
1795 2665 1863 2715 ab
1902 2666 2025 2716 alia.
2077 2665 2157 2715 Cf.
2193 2666 2244 2715 J.
2284 2664 2347 2716 G.
2386 2666 2609 2727 Korner,
2647 2666 2793 2717 Diss.
2832 2666 2901 2716 de
2938 2667 3031 2716 die

527 2753 696 2804 natali
734 2752 1034 2804 Servatoris
1071 2753 1154 2803 ed.
1180 2754 1252 2803 M.
1278 2753 1329 2802 J.
1357 2753 1423 2803 E.
1448 2751 1767 2817 Volbeding‚
1793 2753 1849 2802 in
1873 2752 2033 2802 Thes.
2060 2769 2246 2803 comm.
2274 2752 2368 2804 sel.
2394 2752 2543 2819 Lips.
2573 2753 2723 2803 1847.
2760 2753 2804 2816 1,
2836 2756 2956 2803 121.
2984 2771 3027 2805 s.

527 2841 716 2906 Neque
755 2839 976 2891 ferenda
1013 2845 1095 2890 est
1129 2841 1182 2890 J.
1219 2839 1510 2902 Harduini,
1557 2841 1613 2888 in
1650 2839 2008 2890 Antirrhetico
2046 2839 2113 2888 de
2149 2840 2377 2890 nummis
2420 2840 2653 2904 antiquis
2690 2838 3031 2890 coloniarum

531 2931 586 2977 et
619 2927 1030 2993 municipiorum
1067 2927 1136 2977 ad
1171 2927 1225 2978 J.
1262 2927 1362 2977 Foi
1397 2927 1651 2977 Vaillant.
1700 2927 1823 2978 Par.
1855 2929 2005 2978 1689.
2044 2927 2257 2993 prolata
2292 2927 2472 2993 opinio
2510 2943 2561 2992 p.
2588 2929 2671 2978 65.
2697 2943 2740 2977 s.
2766 2953 2835 2964 --
2862 2943 3030 2994 quam

527 3015 798 3080 copiosius
825 3015 895 3064 ad
920 3016 1149 3080 priscam
1174 3014 1452 3064 Ecclesiae
1484 3014 1824 3066 traditionem
1860 3015 2173 3065 elevandam
2200 3015 2477 3066 exornavit
2506 3015 2571 3064 E.
2598 3013 2660 3064 F.
2686 3015 3028 3080 Wernsdorf,

527 3101 595 3152 de
633 3102 926 3168 originibus
963 3099 1263 3152 solennium
1297 3101 1495 3152 natalis
1523 3101 1721 3151 Christi
1752 3118 1815 3152 ex
1852 3102 2145 3152 festivitate
2180 3101 2375 3152 natalis
2410 3101 2613 3164 invicti,
2652 3101 2797 3167 apud
2821 3101 3031 3153 Volbe-

528 3189 670 3255 ding,
709 3188 868 3240 Thes.
896 3188 1095 3238 Comm.
1121 3189 1164 3252 1,
1193 3191 1307 3240 126.
1335 3205 1376 3239 s.
1425 3189 1489 3238 V.
1515 3188 1586 3238 ib.
1615 3187 1679 3239 G.
1704 3189 1756 3240 J.
1782 3188 1974 3252 Plauk,
2012 3190 2280 3239 variarum
2317 3189 2383 3239 de
2420 3189 2623 3254 origine
2658 3188 2783 3238 festi
2818 3187 3023 3240 Christi

527 3276 756 3326 natalitii
791 3277 1172 3326 sententiarum
1211 3276 1418 3342 epicris.
1457 3293 1508 3342 p.
1538 3279 1653 3326 160.
1680 3292 1720 3327 s.
1751 3291 1843 3324 —t
1880 3275 2003 3326 ideo
2041 3291 2152 3326 as.
2176 3277 2422 3326 Romana
2445 3275 2696 3325 Ecclesia
2738 3275 2879 3326 diem
2912 3279 3030 3326 nati

526 3363 743 3413 Domini
791 3366 874 3412 25.
911 3363 1042 3412 Dec.
1091 3363 1357 3414 celebrem
1401 3363 1616 3428 haberi;
1666 3379 1775 3414 uon
1820 3363 1965 3429 quod
2012 3367 2121 3413 tum
2170 3365 2315 3413 vitae
2358 3363 2539 3413 lumen
2586 3362 2729 3429 apud
2778 3363 3027 3415 homines

528 3449 769 3499 Christus
807 3449 1042 3500 adivisse
1079 3450 1356 3515 credatur3
1405 3451 1498 3500 sed
1545 3451 1690 3517 quod
1726 3450 1906 3501 Natali
1944 3449 2110 3512 Solis,
2156 3464 2313 3516 quem
2350 3451 2658 3516 superstitio
2696 3449 2915 3502 ethnica
2950 3449 3025 3501 ad

527 3535 728 3586 dictum
763 3537 902 3587 diem
940 3538 1045 3587 ritu
1079 3538 1304 3603 profano
1343 3538 1554 3604 agebat,
1594 3537 1788 3588 festum
1812 3551 2022 3588 sacrum
2046 3537 2369 3588 substituere
2402 3537 2673 3603 sapienter
2707 3538 3028 3602 oportuerit.

527 3621 634 3673 Sed
657 3638 801 3674 vana
824 3623 959 3674 haec
984 3629 1038 3674 et
1059 3625 1334 3690 paradoxa
1359 3624 1592 3690 suspicio
1616 3625 1805 3674 merito
1831 3624 2083 3688 reiicitur,
2116 3623 2313 3674 Christi
2339 3625 2480 3674 enim
2506 3623 2755 3674 Ecclesia
2778 3637 3026 3674 normam

527 3710 723 3777 agendi
759 3711 926 3762 festos
963 3710 1078 3762 dies
1114 3727 1223 3762 non
1261 3712 1473 3777 accepit
1505 3712 1575 3762 ab
1615 3711 1869 3775 ethnicis3
1907 3711 2003 3761 sed
2040 3725 2073 3760 a
2108 3712 2372 3761 Maiornm
2406 3710 2713 3761 traditione.
2784 3711 2927 3762 Nam
2962 3717 3029 3762 ut

527 3798 818 3848 rectissime
854 3799 1061 3850 monuit
1094 3797 1146 3849 J.
1185 3798 1484 3861 Gretserus,
1521 3797 1556 3848 l.
1593 3797 1636 3848 I.
1676 3797 1743 3847 de
1778 3798 1945 3860 festis,
1982 3800 2065 3848 29.
2104 3798 2187 3849 ed.
2224 3798 2431 3848 Ratisb.
2472 3800 2622 3848 1735.
2660 3799 2723 3862 V,
2761 3798 2817 3849 b.
2856 3816 2908 3864 p.
2938 3801 3022 3849 78.

535 3885 734 3948 „Cuius
771 3890 960 3952 utpote
994 3886 1118 3937 festi
1153 3887 1509 3952 antiquissimi
1545 3885 1694 3951 origo
1730 3887 1985 3948 nescitur,
2022 3901 2124 3936 nec
2160 3901 2256 3951 per
2291 3885 2522 3936 concilia
2557 3884 2833 3952 generalia
2868 3885 3021 3937 insti—

525 3977 696 4022 tutum
745 3978 853 4035 est,
901 3972 957 4022 id
1007 3973 1298 4023 rectissime
1347 3973 1417 4022 ad
1452 3972 1739 4038 Apostolos
1790 3978 2035 4023 auctores
2070 3975 2401 4024 revocatur.“
2479 3971 2520 4039 ⁴)
2570 3970 2761 4023 Canon
2796 3972 2949 4023 VIII.
2988 3989 3021 4022 e

525 4075 719 4110 novem
768 4059 906 4109 falso
953 4058 1236 4124 adscriptis
1283 4059 1500 4124 Synodo
1547 4057 1743 4109 Sextae
1790 4059 1932 4126 apud
1975 4059 2339 4122 Harduinum,
2384 4059 2523 4110 Acta
2559 4058 2848 4109 Concilior.
2897 4060 3023 4110 Par.

529 4149 679 4198 1714.
717 4145 816 4209 111,
857 4149 1007 4197 1714.
1053 4147 1108 4196 in
1144 4146 1284 4196 diem
1321 4146 1660 4195 Dominicum
1708 4147 1898 4197 statuit
1931 4147 2277 4196 Nativitatem
2312 4145 2453 4196 hanc
2488 4145 2851 4196 felicissimam
2888 4148 3023 4197 inci-

527 4233 686 4284 disse.
747 4233 915 4284 Plura
949 4233 1016 4283 de
1053 4233 1136 4284 his
1173 4232 1405 4283 dabunt:
1442 4232 1841 4297 Tillemontius,
1878 4233 1912 4283 1.
1952 4247 1994 4283 s.
2032 4249 2079 4282 c.
2116 4249 2167 4299 p.
2206 4233 2325 4283 418.
2363 4248 2405 4282 s.
2464 4232 2747 4296 Baronius,
2784 4235 2841 4282 in
2877 4235 3023 4286 notis

526 4319 596 4370 ad
642 4318 1082 4386 Martyrologium
1133 4319 1282 4370 Ro'm.
1334 4319 1384 4370 d.
1429 4320 1594 4370 XXV.
1647 4320 1781 4370 Dec.
1826 4319 1909 4371 ed.
1953 4309 2086 4371 Ven.
2133 4322 2285 4371 1630.
2335 4337 2387 4386 Ρ.
2430 4322 2549 4370 625.
2620 4320 2937 4370 Honoratus
2984 4335 3023 4370 a

526 4405 580 4455 S.
606 4407 794 4469 Maria,
832 4405 1336 4458 Animadversiones
1365 4407 1422 4456 in
1447 4406 1663 4472 regulas
1700 4411 1755 4456 et
1788 4421 1943 4457 usum
1979 4407 2203 4459 critices.
2242 4407 2375 4456 Ven.
2404 4409 2556 4457 1751.
2585 4411 2709 4456 tom.
2734 4405 2829 4456 alt.
2854 4405 2891 4456 1.
2919 4407 3022 4457 ΙΙΙ.

525 4492 652 4544 diss.
681 4494 730 4555 2,
760 4498 806 4544 1.
835 4510 888 4560 p.
913 4496 998 4543 96.
1025 4508 1068 4544 s.
1116 4493 1327 4544 Natalis
1352 4493 1520 4557 Alex„
1557 4492 1593 4543 l.
1619 4509 1663 4544 s.
1690 4509 1737 4544 e.
1762 4510 1814 4559 p.
1844 4495 1924 4544 73.
1950 4511 1993 4546 s.
2042 4493 2273 4556 Haiden,
2302 4493 2517 4544 exercit.
2542 4492 2724 4544 chron.
2751 4510 2802 4560 p.
2832 4496 2948 4544 145.
2974 4509 3019 4543 s.

527 4581 567 4644 5)
591 4581 841 4630 Eundem
865 4595 1064 4630 annum
1089 4596 1154 4630 ex
1179 4579 1484 4646 ephemeris
1508 4580 1681 4631 Abiae
1704 4580 1838 4631 Luc.
1868 4584 1915 4644 1,
1940 4583 1991 4632 5.
2015 4581 2361 4643 ministrante,
2392 4579 2627 4631 confecit
2648 4580 2738 4630 Fr.
2766 4579 3018 4641 Stawars,

523 4667 580 4716 in
617 4681 740 4716 ann.
778 4666 914 4716 Tnb.
955 4666 1316 4727 Quartalschr.
1362 4669 1510 4717 1866.
1549 4684 1598 4732 p.
1640 4670 1758 4717 200.
1797 4683 1839 4718 s.
