3267 5259
566 381 701 447 534

636 634 951 708 Αὖτόγραφον
1014 638 1299 706 Evangelii
1360 654 1401 689 s.
1454 638 1625 688 Marci
1657 566 1760 620 1²⁸8·

707 709 987 773 venetum,
1020 708 1164 759 haud
1188 708 1476 775 genuinum
1506 722 1624 758 esse

708 779 1053 845 archetypum
1090 778 1347 844 probatur
1401 812 1622 826 .....
1661 778 1762 827 282

638 848 702 898 Ν.
742 850 790 897 2.
829 849 1069 898 Historia
1118 846 1329 897 Codicis
1366 846 1559 897 Veneti
1607 884 1619 895 .
1677 875 1742 883 —

636 918 704 967 D.
741 918 910 967 Marci
947 916 1257 982 Symbolum
1294 951 1620 965 .......
1661 916 1762 965 283

568 1006 626 1083 ξ.
673 1006 778 1071 52.
824 1002 954 1066 Res
986 1024 1027 1066 a
1058 1000 1123 1067 S.
1155 1001 1343 1065 Luca
1370 1010 1625 1085 gestae3

828 1091 881 1139 S.
918 1090 1103 1139 Lucae
1139 1090 1317 1155 patria
1346 1124 1619 1138 ......
1680 1115 1744 1124 -

638 1159 703 1209 Ν.
742 1162 789 1209 3.
828 1158 1157 1224 significatio
1192 1163 1247 1208 et
1272 1160 1421 1223 origo
1457 1157 1623 1207 nomi-

708 1229 793 1279 nis
826 1228 1014 1278 Lucae
1034 1260 1620 1279 ............
1677 1253 1744 1262 -

638 1298 701 1347 Ν.
728 1299 777 1347 6.
816 1296 870 1347 8.
889 1298 1069 1347 Lucas
1088 1312 1197 1347 non
1217 1295 1624 1347 confundendus

707 1382 829 1416 cum
862 1367 1033 1417 Lucio
1068 1365 1363 1431 Cyrenensi
1400 1400 1620 1414 .....
1678 1391 1742 1400 --

638 1436 703 1485 N.
744 1439 791 1486 1.
846 1436 1073 1495 Quando
1118 1450 1160 1485 s.
1194 1435 1377 1485 Lucas
1412 1439 1611 1498 martyr

707 1506 1020 1555 occubuerit
1032 1536 1621 1553 ............
1660 1502 1763 1552 284

639 1573 691 1624 S.
705 1574 889 1624 Lucae
914 1575 1057 1623 vitae
1082 1572 1335 1635 conditio,
1360 1572 1621 1638 professio
1677 1598 1742 1607 —

638 1660 704 1711 N.
741 1662 790 1710 2.
826 1661 1079 1710 Veterum
1103 1658 1333 1721 traditio,
1354 1672 1396 1707 s.
1416 1658 1622 1707 Lucam

708 1730 971 1779 medicum
1019 1728 1203 1790 fuisse,
1256 1732 1499 1777 testatur.
1559 1726 1625 1775 In

707 1798 936 1865 epistola
994 1797 1063 1847 ad
1118 1796 1325 1847 Coloss.
1371 1797 1422 1858 4,
1462 1797 1543 1845 14.
1580 1810 1623 1845 s.

704 1868 886 1918 Lucas
930 1866 1281 1931 Evangelista
1324 1864 1623 1931 intelligen-

706 1937 806 1987 dus
826 1970 1621 1987 ................
1678 1962 1742 1970 -

639 2004 693 2055 8.
740 2008 925 2056 Lucae
972 2006 1279 2067 conversio,
1351 2020 1437 2053 res
1496 2002 1623 2053 inde

711 2080 956 2137 secutae,
1018 2073 1348 2125 consvetudo
1402 2088 1523 2122 cum
1579 2087 1620 2121 ι.

707 2144 877 2195 Paulo
928 2176 1620 2193 ..............
1659 2140 1762 2191 286

638 2213 703 2264 Ν.
733 2216 781 2263 2.
820 2213 873 2263 S.
895 2214 947 2263 S.
973 2214 1035 2262 P.
1060 2214 1120 2261 P.
1148 2218 1327 2273 testes,
1352 2226 1393 2261 s.
1419 2212 1624 2261 Lucam

709 2283 1027 2348 discipulum
1064 2282 1232 2331 fuisse
1268 2298 1310 2331 s.
1339 2280 1513 2342 Pauli,
1552 2280 1622 2328 ΙΙ.

708 2351 831 2402 Cor.
868 2353 917 2414 8,
958 2352 1038 2401 18.
1075 2350 1365 2417 Apostolus
1403 2365 1512 2399 non
1545 2349 1621 2398 lo-

708 2422 889 2487 quitur
924 2420 991 2470 de
1026 2435 1068 2470 s.
1106 2420 1260 2469 Luca
1296 2453 1622 2469 .......
1678 2445 1745 2454 -

569 2510 628 2587 ξ.
675 2508 781 2574 53.
826 2504 1018 2569 Evan
1068 2502 1260 2568 elium
1294 2502 1360 2568 S.
1392 2502 1616 2567 Lucae

830 2592 1028 2657 adum
1075 2600 1273 2656 ratur.
1309 2610 1491 2659 Locus
1516 2624 1621 2675 quo

828 2680 1182 2746 Evangelium
1232 2696 1273 2729 s.
1310 2678 1497 2729 Lucae
1534 2694 1620 2728 ex-

831 2754 1038 2799 aratum
1075 2749 1234 2799 fuerit
1245 2782 1622 2798 ........
1679 2773 1744 2783 -

640 2818 704 2869 N.
745 2821 791 2869 1.
830 2818 885 2869 8.
932 2820 1117 2869 Lucae
1168 2818 1301 2868 ratio
1358 2815 1623 2867 scribendi

711 2888 1153 2939 consuetudinem
1197 2902 1317 2936 cum
1364 2902 1407 2937 s.
1452 2884 1623 2935 Paulo

709 2959 916 3023 probat.
964 2957 1115 3008 Loca
1148 2957 1203 3005 H
1238 2955 1425 3006 Thess.
1464 2957 1513 3018 2,
1544 2957 1623 3004 13.

711 3032 765 3075 et
786 3027 997 3092 Evang.
1026 3029 1072 3089 1,
1102 3028 1151 3076 3.
1178 3026 1303 3075 huic
1327 3024 1624 3074 sententiae

710 3110 817 3145 non
856 3097 1072 3146 obstant
1085 3129 1622 3145 ...........
1661 3094 1763 3143 287

640 3166 707 3215 D.
733 3165 913 3215 Lucas
938 3170 1061 3231 post
1084 3181 1126 3216 s.
1146 3164 1389 3213 Marcum
1414 3164 1627 3229 scripsit
1683 3190 1744 3199 -

643 3252 890 3314 Occasio,
938 3252 1128 3313 fontes,
1176 3252 1330 3317 priva
1374 3250 1624 3313 conditio,

711 3322 858 3385 ordo,
896 3321 1162 3371 dedicatio
1187 3319 1473 3385 Evangelii
1507 3356 1520 3369 .
1558 3355 1573 3369 .
1611 3354 1625 3369 .
1663 3320 1766 3369 288

640 3392 707 3441 Ν.
762 3393 811 3441 2.
872 3390 1101 3451 Quinam
1159 3391 1263 3439 Ev.
1320 3391 1367 3449 1,
1423 3391 1469 3439 1.
1525 3390 1625 3439 sub

712 3456 959 3521 ,,πολλοί“
980 3459 1310 3525 intelligendi
1328 3460 1437 3509 sint
1460 3474 1624 3507 enun·
1677 3468 1686 3475 ·

712 3531 874 3579 tiatur
884 3562 1623 3579 ...............
1680 3554 1746 3563 —

642 3599 773 3661 Quis
808 3598 969 3647 suerit
1004 3596 1367 3663 Theophilus?
1402 3632 1624 3647 .....
1681 3624 1746 3633 —-

642 3668 707 3718 N.
738 3670 788 3718 8.
823 3669 1167 3733 Argumenta,
1195 3682 1335 3732 quae
1359 3666 1624 3732 Theophi-

708 3737 821 3787 lum
873 3744 1071 3788 certam
1124 3736 1291 3786 fuisse
1344 3750 1627 3802 personam

711 3806 1038 3873 persuadent
1086 3839 1624 3856 ...........
1662 3806 1764 3854 289

642 3877 706 3927 Ν.
732 3878 781 3926 2.
817 3876 1011 3942 Opinio
1038 3877 1182 3925 circa
1204 3876 1429 3941 patriam
1452 3874 1624 3924 Theo-

748 3945 843 3995 hili
881 3978 1621 3995 ...............
1680 3970 1746 3979 —

646 4015 699 4066 S.
710 3962 915 4065 pLucas
940 4016 1155 4079 scripsit
1182 4029 1277 4079 pro
1303 4018 1416 4063 tota
1438 4013 1625 4062 Eccle—

712 4085 809 4134 sia.
876 4084 1009 4134 Eius
1069 4083 1255 4148 lingua
1312 4082 1627 4148 dicendique

712 4153 901 4203 modus
936 4154 1230 4203 illustratur
1248 4186 1627 4202 ........
1665 4152 1768 4200 290

642 4223 956 4285 Authentia,
1018 4221 1308 4271 auctoritas
1368 4222 1627 4271 canonica

714 4291 1003 4357 Evangelii
1039 4326 1625 4342 ............
1683 4316 1746 4325 ——

643 4361 707 4410 N.
744 4363 796 4411 4.
832 4362 1212 4423 Recensentur,
1254 4361 1345 4424 qui
1380 4360 1625 4424 Evange-

712 4429 841 4480 lium
878 4428 932 4479 S.
966 4430 1151 4479 Lucae
1187 4431 1501 4495 impugnare
1536 4444 1625 4494 ag-

712 4500 883 4564 gressi
918 4504 1057 4561 sunt,
1102 4500 1231 4549 item
1266 4498 1345 4548 illi
1382 4499 1475 4563 qui
1512 4514 1626 4549 eos-

716 4568 834 4617 dem
870 4568 1169 4618 refutarunt
1193 4602 1623 4619 .........
1683 4594 1744 4603 -

1870 642 1930 717 §-
1975 640 2080 707 54.
2128 637 2196 701 S.
2264 637 2560 703 Joannes
2623 638 2929 725 Evange-
2959 569 3052 623 1²⁸⁸-

2135 723 2301 807 lista,
2325 723 2726 811 Theologus.
2757 744 2812 795 S.
2831 746 2926 795 Jo-

2130 814 2285 861 annis
2309 814 2502 878 patria,
2526 813 2754 875 natales,
2779 816 2926 864 vitae

2130 882 2382 943 conditio,
2417 897 2594 933 mores
2651 920 2928 934 ......
2963 885 3055 933 291

1943 950 1995 1000 S.
2033 950 2271 1001 Joannes
2319 951 2610 1017 discipulus
2647 952 2928 1017 Baptistae

2010 1018 2070 1068 fit
2103 1020 2392 1085 Apostolus
2439 1056 2930 1073 ..........
2982 1048 3044 1059 -

1943 1088 1995 1138 8.
2021 1088 2249 1138 Joannis
2273 1090 2370 1155 Ap.
2390 1092 2738 1155 praestantia,
2777 1106 2930 1157 prae·

2009 1158 2300 1223 rogativae,
2339 1174 2471 1208 cura
2505 1176 2603 1225 pro
2639 1159 2702 1209 B.
2735 1162 2809 1210 M.
2847 1160 2928 1223 V.‚

2009 1225 2160 1277 loeus
2195 1226 2544 1293 Apostolatus
2597 1264 2930 1279 .......
2965 1230 3060 1279 292

1938 1296 2003 1345 Ν.
2042 1296 2090 1344 4.
2127 1295 2462 1345 Inducuntnr
2495 1296 2620 1346 libri
2650 1299 2706 1347 in
2731 1299 2931 1364 quibus

2009 1365 2252 1415 diversae
2300 1365 2368 1415 de
2411 1366 2561 1415 vocis
2599 1364 2931 1435 ,,βοανεργές“

2009 1450 2168 1486 sensu
2207 1436 2506 1485 sententiae
2555 1435 2828 1486 habentur
2863 1472 2878 1487 .
2916 1472 2932 1485 .
2984 1464 3044 1472 -—

1869 1521 1929 1599 ξ.
1975 1520 2081 1585 55.
2128 1518 2475 1605 Evangelii
2499 1521 2716 1605 quarti
2741 1542 2930 1585 occa-

2135 1607 2250 1689 sio,
2263 1628 2504 1705 scopus
2519 1616 2718 1693 atque
2735 1629 2928 1673 oeco-

2133 1714 2354 1757 nomla
2386 1747 2930 1762 ...........
2967 1714 3061 1762 293

1940 1796 2005 1845 Ν.
2043 1798 2092 1845 6.
2130 1794 2183 1845 S.
2220 1796 2486 1846 Joannem
2536 1799 2592 1847 in
2628 1799 2932 1865 Evangelio

2009 1865 2292 1916 Gnosticos
2331 1867 2644 1917 refutandos
2671 1869 2773 1917 sibi
2809 1884 2932 1933 pro·

2008 1936 2253 2000 posuisse
2323 1936 2546 1985 tradunt
2602 1942 2818 1987 veteres
2880 1945 2935 1987 et

2007 2010 2247 2055 recentes
2283 2006 2619 2070 interpretes,
2659 2008 2752 2072 qni
2780 2006 2934 2057 hisce

2008 2089 2066 2124 se
2105 2075 2453 2139 opposuerint
2488 2080 2839 2125 recensentur
2865 2112 2880 2125 .
2917 2111 2933 2124 .
2984 2102 3046 2112 —

1939 2160 2006 2209 N.
2035 2162 2079 2208 1.
2107 2158 2404 2225 Supplendi
2430 2161 2613 2226 priora
2628 2161 2934 2228 Evangelia

2009 2244 2116 2278 non
2152 2228 2254 2277 fuit
2299 2244 2343 2279 s.
2379 2230 2608 2280 Joannis
2647 2232 2936 2281 consilinm
2968 2232 3062 2279 294

1941 2295 2158 2347 Summa
2192 2300 2424 2348 omnium
2457 2315 2499 2349 s.
2534 2299 2765 2349 «Ioannis
2803 2302 2933 2349 scri-

2009 2372 2220 2432 ptorum
2229 2403 2934 2420 ..............
2968 2370 3060 2418 295

1941 2434 1994 2483 8.
2029 2436 2258 2486 Joannis
2293 2437 2579 2501 Evangelii
2628 2438 2824 2489 divisio
2875 2441 2932 2488 in

2010 2506 2247 2572 quinque
2293 2511 2477 2571 partes
2515 2506 2812 2573 harumque
2849 2523 2933 2558 ar-

2009 2580 2316 2640 gumentum
2337 2610 2932 2628 ............
2985 2602 3046 2613 -

1939 2644 2006 2692 N.
2043 2646 2092 2693 3.
2139 2643 2305 2694 Cuius
2353 2644 2590 2695 familiae
2626 2646 2790 2695 Verbi
2827 2647 2936 2696 Dei

2010 2719 2348 2778 corruptores
2373 2728 2416 2763 s.
2435 2714 2664 2765 «Ioannis
2688 2720 2933 2780 tempore

2010 2782 2252 2844 fuissent,
2289 2783 2549 2833 incertum
2587 2788 2670 2835 est
2705 2820 2933 2834 .....
2967 2783 3062 2833 296

1870 2868 1928 2947 ξ.
1948 2870 2053 2935 56.
2083 2866 2430 2951 Evangelii
2445 2868 2488 2932 J
2492 2870 2728 2932 oannei
2741 2880 2930 2933 natu-

2088 2976 2162 3017 ra
2187 2964 2253 3017 et
2276 2956 2638 3040 proprietas
2665 2990 2730 3023 ex
2747 2974 2932 3025 Evan-

2087 3040 2214 3107 gelii
2250 3040 2356 3091 fine
2389 3042 2662 3093 metienda
2703 3079 2934 3094 .....
2987 3069 3046 3079 -

1940 3111 2004 3161 N.
2045 3113 2090 3160 1.
2131 3112 2184 3161 8.
2222 3110 2275 3161 S.
2313 3112 2373 3161 P.
2399 3112 2460 3161 P.
2497 3112 2565 3163 de
2601 3112 2932 3163 sublimitate

2009 3180 2294 3246 Evangelii
2329 3196 2372 3231 s.
2408 3180 2638 3231 Joannis
2674 3181 2822 3231 dicta
2864 3218 2881 3233 .
2917 3218 2932 3233 .
2966 3182 3059 3231 297

1942 3266 2006 3317 Ν.
2043 3269 2091 3316 3.
2128 3267 2420 3317 Dissensus
2445 3268 2732 3333 Evangelii
2767 3282 2809 3318 s.
2835 3268 2930 3319 Jo-

2012 3338 2165 3386 annis
2244 3352 2279 3385 a
2349 3337 2538 3387 ceteris
2615 3337 2932 3403 Evangeliis

2011 3406 2243 3471 penitius
2279 3405 2664 3469 consideratur,
2709 3412 2764 3457 et
2798 3423 2932 3472 quo-

2012 3474 2168 3525 modo
2207 3476 2306 3525 iste
2335 3475 2686 3541 explicandus
2712 3476 2933 3527 demon·

2013 3548 2208 3593 stratur
2231 3579 2931 3597 ..............
2983 3574 3044 3581 -

1942 3612 1996 3662 8.
2033 3613 2264 3663 Joannis
2296 3613 2564 3663 scribendi
2599 3614 2789 3664 modus
2808 3652 2821 3663 .
2864 3652 2879 3665 .
2915 3652 2930 3666 .
2965 3616 3060 3663 299

1944 3682 2062 3743 Quo
2107 3696 2270 3732 sensu
2309 3688 2363 3732 et
2395 3696 2557 3748 quam
2603 3685 2850 3749 apposite
2885 3699 2930 3733 s.

2010 3752 2251 3802 Joanues
2292 3750 2731 3817 „Theologns“
2773 3769 2930 3803 voea-

2011 3826 2096 3871 tus
2133 3822 2204 3871 sit
2238 3820 2494 3871 edocetur
2547 3857 2931 3872 ........
2966 3824 3062 3872 300

1871 3912 1930 3989 ξ.
1978 3910 2083 3977 57.
2145 3906 2493 3972 vindiciae
2575 3912 2932 3988 γνησιότητος

2137 3993 2482 4079 Evangelii
2501 3996 2734 4079 quarti.
2749 4014 2930 4063 Evan-

2139 4082 2338 4148 gelium
2369 4099 2412 4133 s.
2437 4082 2666 4132 Joannis
2703 4082 2928 4133 authen-

2137 4153 2297 4201 ticum
2335 4157 2419 4202 est
2441 4186 2929 4202 ..........
2983 4178 3040 4187 --

1941 4222 2005 4272 Ν.
2041 4223 2091 4270 4.
2128 4221 2434 4271 Adversarii
2483 4236 2524 4270 s.
2561 4220 2598 4271 J
2601 4222 2792 4271 oannis
2837 4236 2928 4270 an-

2011 4290 2244 4340 thentiae
2281 4296 2656 4342 enumerantur
2703 4324 2928 4340 .....
2983 4314 3040 4324 —-

1942 4360 2007 4409 N.
2045 4362 2094 4409 3.
2141 4358 2194 4408 S.
2219 4358 2461 4409 Joannes
2507 4364 2591 4409 est
2633 4357 2926 4425 discipulus

2011 4428 2102 4477 ille
2138 4443 2296 4494 quem
2333 4428 2592 4494 diligebat
2623 4428 2788 4479 Jesus
2813 4466 2825 4477 .
2866 4463 2880 4477 .
2915 4464 2930 4477 .
2961 4428 3052 4475 301

1941 4498 2244 4548 Particulae
2281 4498 2347 4547 de
2383 4497 2640 4547 miraculo
2688 4497 2928 4562 piscinae

2009 4568 2344 4633 probaticae,
2400 4566 2465 4617 de
2511 4566 2732 4617 muliere
2779 4566 2928 4616 adnl-
