3267 5259
544 410 671 473 268
1292 422 1354 463 no
1383 422 1579 465 tontibus
1606 423 1767 464 nator.
1799 423 1850 463 D.
1883 424 1933 463 n.
1963 423 2004 464 J.
2035 422 2082 463 c.
2111 434 2261 463 comm.

548 688 605 765 ξ.
666 688 770 751 47.
846 682 1361 767 Evangelium
1417 683 1479 747 d.
1526 682 1905 747 Matthaei
1963 681 2386 771 vernaculo
2445 681 3028 745 Haebraeorum

1376 818 1739 862 sermone
1786 804 2214 860 exaratum.

754 976 971 1038 Quodsi
1004 978 1183 1034 etiam
1228 978 1490 1033 deessent
1518 976 1800 1033 Veterum
1847 976 1958 1033 hac
1986 976 2055 1032 de
2087 994 2149 1031 re
2181 973 2520 1032 testimonia
2563 976 2684 1032 iam
2717 994 2750 1031 e
2777 974 3028 1043 consilio,

546 1100 660 1158 quo
682 1080 719 1137 J
720 1100 881 1137 esum
904 1100 1023 1136 esse
1046 1080 1346 1137 Christum
1370 1082 1414 1137 si
1424 1081 1482 1138 bi
1517 1082 2034 1137 demonstrandum
2060 1078 2268 1137 sumsit
2295 1100 2340 1136 s.
2365 1080 2721 1149 MatthaeuS,
2755 1080 3030 1137 coniicere

546 1204 839 1260 possemus
884 1184 1075 1259 ipsum
1120 1184 1469 1241 Hebraeis
1514 1185 1888 1257 hebraice,
1937 1186 1978 1242 i.
2013 1205 2062 1241 e.
2109 1182 2424 1242 vernaculo
2455 1190 2600 1240 tunc
2643 1184 2926 1258 temporis
2965 1184 3024 1240 in

546 1288 885 1347 Palaestina
928 1308 1192 1347 sermone
1236 1308 1568 1347 aramaeo
1619 1290 1934 1363 scripsisse.
2009 1288 2086 1345 In
2137 1289 2246 1345 hoc
2296 1288 2528 1361 egregie
2571 1288 2866 1345 consentit
2915 1294 3028 1345 tota

552 1392 922 1469 Antiquitas3
956 1392 1121 1451 cuius
1144 1394 1495 1451 sententiam
1516 1392 1852 1471 quindecim
1878 1391 2236 1451 saeculorum
2260 1390 2611 1449 auctoritate
2633 1392 3030 1450 confirmatam

551 1498 623 1555 D.
643 1496 922 1555 Erasmus
947 1495 1431 1555 Rotterodamus¹
1463 1498 1652 1573 primo
1683 1496 1748 1555 in
1770 1497 2016 1555 dubium
2046 1497 2304 1565 vocavit3
2338 1515 2512 1573 quem
2542 1495 2648 1553 alii
2681 1516 2800 1553 non
2831 1492 3034 1571 pauci²

548 1580 702 1658 idem
719 1602 1024 1677 opinantes
1046 1602 1228 1659 secuti
1252 1598 1447 1659 sunt-³.
1482 1601 1750 1660 Testibus
1771 1620 1908 1659 vero
1931 1602 2074 1658 haec
2095 1620 2268 1658 causa
2289 1601 2608 1659 decidenda
2625 1608 2714 1657 est
2733 1607 2798 1657 et·
2819 1600 3030 1657 idoneis

548 1706 927 1778 argumentis.
960 1706 997 1762 J
998 1724 1093 1763 am
1115 1725 1257 1764 vero
1280 1726 1330 1763 a.
1356 1705 1623 1763 Traditio
1641 1705 1922 1763 Veterum
1941 1704 2212 1763 dubitare
2232 1725 2347 1762 non
2373 1704 2672 1779 permittit
2689 1726 2738 1761 s.
2757 1704 3032 1763 Matthaei

556 1809 949 1883 Evangelium
981 1829 1245 1873 aramaeo
1274 1828 1538 1867 sermone
1568 1808 1918 1867 Palaestinis
1963 1814 2105 1867 tunc
2133 1808 2446 1867 vernaculo
2477 1808 2670 1865 literis
2701 1810 3035 1867 mandatum

548 1914 744 1971 fuisse.
806 1914 902 1971 Ex
932 1914 1183 1972 arbitrio
1213 1919 1409 1971 autem
1438 1915 1724 1971 statuitur
1752 1934 1797 1971 s.
1825 1912 2070 1971 Patrum
2111 1918 2286 1991 atque
2315 1912 2683 1987 Scriptorum
2723 1934 2775 1972 e.
2811 1920 3034 1970 senten-

556 2018 703 2075 tiam
733 2018 804 2074 dc
834 2017 1156 2091 Evangelio
1200 2038 1245 2075 s.
1280 2017 1567 2075 Matthaei
1600 2018 1872 2075 hebraice
1901 2018 2117 2092 scripto
2145 2018 2282 2074 inde
2313 2036 2430 2073 oese
2461 2022 2672 2089 ortam,
2707 2018 2866 2095 quod
2895 2017 3036 2075 illud

548 2122 983 2179 Nazaraeorum
1026 2120 1419 2195 Evangelium
1466 2141 1597 2179 cum
1644 2120 1934 2195 Originali
1979 2126 2153 2179 textu
2190 2122 2602 2179 confudissent.
2669 2122 2858 2179 Nemo
2889 2125 3038 2179 enim

550 2356 675 2403 ante
712 2352 1004 2417 praedicta,
1042 2352 1343 2403 Ezechielis
1383 2368 1597 2418 quoque
1632 2352 1882 2402 volumen
1919 2352 2140 2417 probat,
2179 2354 2234 2400 in
2273 2368 2378 2417 quo
2414 2354 2588 2417 prima
2625 2354 2762 2402 visio
2801 2354 2880 2402 ita
2917 2370 3038 2403 con·

552 2440 778 2488 texitur:
814 2440 888 2489 Et
922 2440 979 2488 in
1016 2438 1190 2488 medio
1228 2440 1369 2489 sicut
1404 2438 1694 2489 similitudo
1733 2446 1964 2505 quatuor
1999 2439 2334 2489 animalium:
2371 2444 2426 2488 et
2449 2439 2632 2489 vultus
2657 2456 2842 2489 eorum
2881 2440 3040 2489 facies

550 2527 795 2587 hominis,
835 2532 889 2576 et
924 2526 1089 2577 facies
1128 2527 1314 2589 leonis,
1354 2530 1409 2576 et
1442 2526 1609 2577 facies
1645 2527 1816 2589 vituli,
1856 2532 1910 2576 et
1937 2527 2106 2576 facies
2137 2526 2370 2591 aquilae.
2416 2528 2598 2575 Prima
2623 2526 2854 2576 hominis
2881 2528 3040 2575 facies

552 2613 883 2663 Matthaeum
919 2612 1201 2679 significat,
1242 2615 1333 2679 qui
1372 2615 1525 2680 quasi
1563 2613 1629 2663 de
1669 2613 1880 2663 homine
1917 2628 2138 2663 exorsus
2175 2619 2258 2663 est
2293 2614 2574 2664 scribere.“
2643 2614 2881 2679 Egregia
2919 2628 3040 2663 saue

554 2700 688 2750 visio
726 2699 821 2749 illa
854 2698 1155 2749 Ezechielis
1190 2701 1434 2765 primum,
1474 2700 1666 2750 deinde
1716 2716 1930 2765 quoque
1975 2717 2015 2750 s.
2042 2699 2270 2750 Joannis
2321 2705 2580 2764 usurpata
2627 2700 2827 2762 oculis,
2881 2702 3038 2750 totius

554 2786 859 2851 primitivae
917 2786 1199 2836 Ecclesiae
1260 2788 1613 2837 consensione
1663 2788 1934 2837 communi
1990 2784 2354 2852 Evangelistis
2409 2786 2480 2836 ad
2541 2786 2753 2836 illorum
2811 2788 3042 2852 insignia

552 2873 795 2923 notanda
830 2872 1105 2938 eleganter
1142 2878 1223 2923 est
1258 2874 1547 2940 applicata.
1604 2874 1742 2935 „Qui
1767 2880 1892 2925 ante
1917 2890 2032 2938 nos,
2071 2876 2148 2924 ait
2169 2890 2211 2924 s.
2237 2874 2568 2940 Augustinus
2601 2876 2662 2923 in
2695 2874 2898 2924 Joann.
2923 2890 2970 2923 c.
2994 2876 3039 2928 8.

554 2964 619 3009 tr.
644 2962 727 3021 36,
753 2962 803 3009 5.
828 2976 879 3024 p.
906 2962 1042 3023 546„
1081 2960 1473 3027 Scripturarum
1510 2966 1816 3011 sanctarum
1859 2962 2112 3027 mysteria
2151 2966 2544 3023 tractaverunt,
2588 2960 2834 3027 plerique
2869 2963 2926 3010 in
2962 2960 3041 3009 his

556 3046 876 3096 animalibus
933 3051 1164 3112 quatuor
1218 3048 1596 3114 Evangelistas
1649 3047 2074 3098 intellexerunt.“
2154 3048 2217 3097 L.
2255 3048 2326 3096 M.
2362 3047 2417 3096 J.
2453 3047 2758 3109 Thema-sii,
2814 3054 3042 3113 quatuor

554 3132 785 3197 insignia
820 3133 1304 3201 Evangelistarum,
1342 3136 1398 3183 in
1434 3134 1591 3185 Thes.
1626 3134 1701 3183 th.
1737 3135 1822 3199 ph.
1858 3151 1910 3200 p.
1937 3135 2019 3184 57.
2056 3150 2096 3184 s.
2145 3135 2235 3183 Fr.
2271 3135 2507 3196 Miinter,
2547 3132 2806 3197 Symbola
2845 3135 3040 3183 veteris

554 3218 833 3269 Ecclesiae
870 3219 999 3269 artis
1036 3220 1289 3285 operibus
1334 3234 1602 3286 expressa.
1664 3220 1898 3270 Hafniae
1937 3221 2088 3271 1818.
2121 3236 2173 3285 p.
2212 3222 2297 3269 24.
2345 3220 2428 3269 W.
2469 3219 2705 3281 Menzel,
2744 3220 2855 3269 chr.
2893 3220 3038 3285 Sym-

554 3305 719 3355 bolik.
756 3306 888 3371 Reg.
918 3308 1068 3357 1854.
1106 3306 1176 3368 11,
1208 3309 1323 3357 114.

768 3390 805 3457 ¹)
840 3392 924 3442 Ad
959 3392 1147 3442 Matth.
1174 3396 1223 3455 9,
1252 3396 1332 3443 17.
1372 3394 1550 3443 adnot.
1590 3395 1750 3459 Oper.
1787 3410 1927 3442 omn.
1953 3393 2036 3443 ed.
2071 3394 2244 3458 Lugd.
2271 3394 2330 3442 B.
2369 3394 2518 3443 1705.
2555 3393 2650 3455 VI,
2687 3396 2775 3442 47.
2837 3394 2882 3459 ²)
2917 3393 3040 3442 Mox

554 3478 786 3529 Thomas
812 3478 879 3529 de
903 3480 1003 3529 vio
1032 3478 1339 3543 Caietanus‚
1366 3480 1565 3531 Comm.
1592 3483 1648 3531 in
1676 3499 1726 3547 q.
1745 3482 1846 3530 Ev.
1875 3496 2060 3531 comm.
2080 3497 2132 3547 p.
2157 3484 2202 3531 1.
2223 3483 2271 3529 6.
2315 3480 2358 3545 ³)
2385 3480 2691 3529 Priscorum
2715 3480 3040 3530 acatholico·

554 3579 671 3613 rum
708 3564 987 3615 orthodoxi
1025 3566 1241 3631 quidam
1266 3594 1333 3603 --
1358 3568 1422 3616 E.
1448 3584 1498 3633 g.
1532 3567 1854 3633 Heidegger,
1895 3568 2048 3618 ench.
2079 3568 2208 3617 bibl.
2247 3584 2298 3631 p.
2333 3568 2452 3617 462.
2491 3582 2532 3615 s.
2581 3566 2804 3629 Pritius,
2841 3566 3040 3617 Intmd.

552 3652 611 3700 in
634 3649 756 3701 lect.
782 3652 847 3703 N.
872 3652 934 3702 T.
958 3653 1110 3719 Lips.
1139 3654 1290 3703 1764.
1316 3670 1367 3719 p.
1394 3656 1512 3704 298.
1540 3671 1583 3705 s.
1630 3654 1694 3703 F.
1722 3654 1785 3704 G.
1813 3654 2116 3720 Gregorius,
2145 3655 2212 3703 de
2237 3658 2394 3719 temp.
2421 3648 2611 3718 S‘cript.
2636 3654 2704 3703 N.
2729 3654 2795 3702 Τ.
2823 3654 2873 3715 9.
2897 3652 3040 3703 vm.

554 3753 607 3803 p.
642 3739 725 3789 35.
762 3766 827 3775 --
860 3744 1157 3789 metuentes
1202 3756 1271 3789 ne
1320 3740 1388 3789 ab
1444 3739 1688 3791 hostibus
1741 3742 1982 3791 veritatis
2031 3756 2241 3805 semper
2289 3739 2358 3789 ad
2411 3740 2664 3789 amissum
2719 3744 3042 3805 provocetur

556 3824 827 3890 exemplar
870 3824 1179 3875 hebraicum
1196 3862 1209 3887 ,
1257 3830 1461 3875 textum
1509 3841 1759 3892 graecum
1805 3827 1910 3892 ipsi
1943 3825 2326 3892 Evangelistae
2361 3824 2638 3875 Matthaeo
2683 3826 3040 3875 vindicarunt.

542 3910 814 3962 ,Nolumus
838 3938 905 3949 —
930 3928 997 3961 ne
1036 3912 1327 3978 disputatio
1365 3912 1459 3963 fiat
1495 3912 1768 3978 prolixior,
1807 3927 1966 3978 quam
2002 3915 2072 3963 sit
2107 3927 2328 3963 necesse
2353 3940 2418 3948 —
2445 3912 2537 3977 qui
2573 3910 2658 3961 his
2697 3920 3042 3963 accesserunt

556 3999 905 4049 recentiorum
942 3997 1361 4049 acatholicorum
1398 4000 1714 4065 scriptorum
1749 4002 1968 4049 nomina
2003 4014 2321 4063 congerere,
2359 3998 2544 4048 horum
2583 3999 2723 4047 enim
2761 3998 3040 4064 cupiditati

554 4085 865 4135 satisfacere
900 4090 1079 4149 potest
1112 4084 1411 4147 Fabricius,
1446 4086 1504 4134 in
1540 4086 1660 4135 cod.
1687 4100 1865 4151 apocr.
1893 4086 1955 4135 N.
1982 4086 2043 4135 T.
2069 4086 2111 4148 I,
2139 4088 2257 4135 355.
2283 4102 2324 4135 s.
2361 4084 2430 4146 11,
2455 4086 2574 4133 542.
2601 4100 2644 4133 s.
2693 4084 2756 4133 F.
2785 4084 2850 4135 G.
2875 4083 3040 4134 Schu-

555 4172 687 4233 bert,
726 4170 854 4221 diss.
890 4186 1000 4237 qua
1032 4172 1089 4221 in
1126 4186 1421 4221 sermonem
1470 4188 1577 4238 quo
1614 4174 1714 4221 Ev.
1751 4172 1940 4222 Matth.
1981 4186 2188 4239 conscr.
2225 4172 2260 4221 f.
2297 4173 2406 4236 inq.
2445 4170 2591 4221 Gott.
2630 4172 2783 4221 1810.
2820 4188 2872 4237 p.
2913 4172 2959 4221 7.
2997 4186 3040 4219 s.

556 4256 809 4319 Credner,
846 4257 988 4308 Einl.
1028 4274 1079 4323 p.
1117 4260 1197 4308 78.
1232 4275 1274 4309 s.
1324 4256 1658 4319 Neudecker‚
1693 4258 1996 4309 Lehrbuch.
2031 4276 2083 4323 p.
2118 4260 2234 4308 195.
2259 4274 2312 4307 n.
2339 4261 2384 4307 1.
2431 4258 2497 4307 R.
2520 4258 2717 4323 Anger,
2756 4259 2896 4307 ratio
2933 4271 3040 4323 qua

554 4344 659 4393 loci
694 4344 757 4393 V.
783 4344 845 4393 Τ.
871 4346 972 4394 Ev.
996 4344 1184 4395 Matth.
1210 4344 1500 4394 laudantur
1535 4344 1665 4410 quid
1695 4345 1912 4395 valeant
1947 4344 2019 4394 ad
2045 4344 2236 4395 illustr.
2261 4344 2418 4393 huius
2441 4344 2542 4393 Ev.
2567 4343 2824 4393 indolem.
2849 4344 2908 4392 P.
2933 4342 3037 4392 111.

554 4430 703 4495 Lips.
724 4430 874 4479 1862.
894 4447 947 4495 p.
969 4434 1049 4481 10.
1093 4432 1272 4481 Unum
1296 4432 1397 4481 hoc
1422 4431 1593 4481 solum
1618 4431 1864 4482 addimus
1889 4448 1956 4481 ex
1979 4432 2174 4481 nostris
2199 4446 2412 4496 quoque
2431 4430 2692 4479 Matthaei
2719 4430 2818 4479 Ev.
2843 4444 3038 4495 graece

556 4522 831 4565 exaratum
855 4533 973 4567 esse
998 4516 1289 4567 affirmasse
1306 4536 1321 4567 ε
1342 4518 1395 4567 J.
1416 4519 1479 4569 L.
1500 4518 1641 4583 Hug,
1665 4518 1808 4567 Einl.
1833 4518 1905 4580 ΙΙ,
1927 4520 2010 4567 16.
2027 4532 2070 4567 s.
2095 4518 2156 4567 A.
2175 4518 2226 4567 J.
2245 4518 2516 4575 Binterim,
2543 4532 2626 4582 ep.
2645 4517 2788 4566 cath.
2805 4516 3040 4566 interlin.

556 4618 607 4671 p.
634 4604 751 4653 219.
802 4602 1104 4671 Propempt.
1130 4620 1181 4673 p.
1208 4606 1291 4655 67.
1318 4620 1359 4655 s.
1410 4604 1794 4674 Ungamlhum,
1829 4604 1997 4673 prael.
2032 4604 2098 4655 de
2133 4604 2197 4655 N.
2235 4604 2296 4653 Τ.
2321 4621 2373 4671 p.
2409 4606 2491 4652 41.
2519 4618 2562 4655 s.
