3267 5259
1192 428 1480 479 Evnngolium
1507 440 1543 469 s.
1564 428 1718 469 Burei.
2565 418 2692 482 275

245 607 481 663 vinculi
496 626 523 663 s
545 612 760 681 egerat,
796 612 1106 665 exaratum
1129 608 1337 677 fuisse;
1370 609 1535 683 prius
1558 614 1754 665 autem
1778 628 1823 665 s.
1849 610 2113 665 Marcum
2136 609 2388 666 scribere
2411 610 2689 683 oportuit.

246 709 309 767 Ut
334 714 475 767 enim
520 730 791 787 expresse
836 716 1133 769 testantur
1178 712 1415 769 Veteres
1460 713 1515 769 d.
1542 714 1778 770 Marcus
1820 718 1949 787 post
1986 714 2269 788 scriptum
2299 711 2692 785 Evangelium

244 814 631 873 Alexandriam
662 817 872 873 missus
902 820 991 873 est
1019 834 1056 872 a
1084 836 1131 873 s.
1164 816 1371 884 Petr03
1417 836 1535 873 nou
1576 817 1772 891 potuit
1809 836 1947 889 ergo
1989 835 2122 873 oum
2165 836 2211 874 s.
2245 814 2429 873 Paulo
2469 817 2691 874 vixisse

244 923 373 986 tuuc,
396 938 521 975 cum
548 921 596 976 is
618 919 807 977 Roma
830 919 1111 977 scriberet
1134 918 1334 977 literas
1359 920 1431 975 ad
1456 918 1810 977 colossenses
1833 924 1892 977 et
1915 919 2334 977 Philemonem.
2381 939 2428 977 c.
2461 920 2693 977 Marcus

242 1040 395 1078 eomes
421 1043 465 1079 s.
496 1022 687 1093 Pauli,
722 1042 1023 1101 nunquam
1055 1042 1192 1081 sane
1222 1024 1374 1101 quod
1404 1029 1658 1094 constet,
1707 1023 2104 1081 conscribendi
2144 1022 2456 1097 Evangelii
2502 1024 2688 1081 consi-

244 1124 363 1183 lium
390 1128 555 1202 cepit.
616 1128 699 1185 Et
726 1128 963 1204 quidem
993 1129 1042 1186 si
1074 1129 1198 1204 ipse
1233 1128 1623 1203 Evangelium
1663 1129 1814 1207 quod
1855 1128 2198 1186 inscribitur
2236 1123 2398 1203 ,κατὰ
2435 1126 2688 1205 Ma'pxov‘

244 1230 400 1288 literis
430 1232 781 1301 mandassem
816 1233 1110 1290 undenam
1140 1253 1184 1289 ε.
1214 1233 1386 1290 Petro
1416 1232 1565 1290 illud
1598 1233 1874 1293 tribuunt
1895 1232 2148 1303 Veteres,
2183 1236 2242 1289 et
2271 1250 2388 1289 non
2417 1252 2463 1289 s.
2489 1232 2688 1301 Paulo,

240 1334 378 1391 cuius
404 1336 721 1412 discipulus
750 1337 933 1395 fuerit
960 1336 1233 1395 Marcus?
1285 1338 1341 1395 (1.
1390 1336 1790 1413 Reperiuntur
1818 1358 1862 1394 s.
1895 1357 1942 1393 s.
1969 1337 2034 1393 P.
2068 1342 2127 1393 et
2155 1336 2214 1393 S.
2240 1336 2330 1406 E„
2372 1338 2476 1413 qui
2505 1337 2692 1394 sancti

246 1438 377 1497 Petri
427 1438 719 1517 ,vavae-fef
768 1444 1003 1499 nomine
1048 1442 1317 1499 Marcum
1334 1487 1347 1513 ,
1404 1446 1599 1517 aperte
1651 1442 2026 1515 distinguunt
2071 1441 2140 1497 de
2185 1441 2381 1498 Marco
2426 1440 2692 1516 Apostoli

134 1614 143 1627 .
242 1544 469 1615 gentium
518 1546 825 1613 ministro;
880 1547 981 1623 qui
1044 1546 1115 1603 de
1175 1545 1459 1603 alterutro
1502 1546 1700 1603 Marco
1744 1565 1813 1603 ea
1858 1550 2134 1615 narrant,
2191 1564 2338 1622 quae
2396 1546 2466 1601 de
2509 1545 2694 1603 altero

242 1646 403 1705 dicere
439 1648 673 1706 omnino
720 1668 835 1707 non
884 1652 1228 1725 potuissent.
1292 1651 1425 1707 Non
1472 1670 1607 1723 ergo
1647 1652 1772 1707 sine
1815 1650 2074 1725 ipsorum
2105 1648 2329 1706 iniuria
2357 1650 2696 1707 existimare

244 1749 379 1821 licet,
426 1754 687 1810 Marcum
732 1758 791 1811 et
828 1753 866 1810 J
868 1772 1113 1811 oannem
1160 1756 1425 1811 Marcum
1467 1773 1571 1830 pro
1610 1774 1726 1811 uuo
1763 1754 2074 1830 eodemque
2111 1754 2186 1809 ab
2232 1754 2314 1809 eis
2359 1740 2631 1811 hubitum
2653 1751 2692 1810 ¹.

242 1852 475 1932 Denique
512 1877 561 1913 e.
604 1858 745 1913 huic
774 1858 1097 1915 sententiae
1145 1863 1273 1915 tum
1303 1857 1657 1915 Graecorum
1687 1858 1946 1925 Menace,
1999 1860 2126 1914 tum
2156 1855 2505 1913 Latinorum
2533 1858 2694 1913 Mar-

244 1959 499 2033 tyrologia
524 1961 950 2035 suffragantum
998 1963 1063 2019 iu
1096 1964 1358 2039 utrisque
1388 1962 1547 2019 enim
1576 1963 1763 2019 Marci
1793 1961 2203 2034 Evangelistse
2235 1960 2356 2015 dies
2387 1959 2566 2017 festus
2597 1961 2692 2033 agi

241 2061 429 2121 dicitur
470 2065 539 2121 ad
584 2064 729 2123 VII.
764 2066 1045 2123 Kalendis
1088 2067 1255 2136 Maii,
1299 2065 1544 2123 Joannis
1584 2066 1769 2123 Marci
1815 2084 1954 2121 vero
1989 2064 2055 2121 V.
2097 2063 2378 2121 Kalendis
2407 2064 2692 2121 Octobris.

244 2165 585 2226 Haeererum
610 2176 905 2227 momenta
935 2189 1039 2227 nos
1062 2176 1279 2243 cogunt
1306 2170 1512 2227 fateri:
1546 2170 1715 2226 duos
1746 2170 2030 2226 nomine
2060 2169 2332 2225 Marcos
2361 2170 2519 2225 inter
2535 2171 2694 2242 Apo-

240 2270 485 2329 stolorum
526 2271 817 2349 συνεργούς
854 2275 1147 2330 exstitisse
1166 2270 1221 2341 ‘²;
1270 2292 1481 2346 negare
1529 2274 1672 2330 item
1703 2272 2140 2345 Evangelistsm
2173 2272 2348 2327 fuisse
2395 2267 2694 2343 διώνυμων.

240 2372 443 2431 Marcus
488 2377 594 2434 iste
642 2380 745 2454 qui
792 2377 1171 2450 Evangelista
1212 2376 1359 2447 fuit,
1407 2377 1462 2433 d.
1504 2378 1677 2433 Petro
1720 2376 1962 2433 Romam
2005 2374 2168 2432 eunti
2210 2372 2543 2432 adhaesit³z
2593 2374 2693 2432 ubi

252 2564 306 2570 -—
349 2568 382 2572 -—
419 2568 608 2575 --—-—-

428 2672 461 2737 ¹)
497 2672 576 2721 cf.
610 2674 929 2737 Dionysium
966 2670 1408 2731 Alexandrinum,
1456 2669 1599 2733 apud
1638 2670 1946 2717 Eusebium.
1995 2669 2060 2717 Η.
2101 2670 2166 2717 Ε.
2203 2667 2320 2730 VII,
2359 2670 2443 2717 25.
2481 2684 2534 2733 p.
2573 2670 2693 2719 275.

240 2756 285 2807 J.
308 2758 749 2823 Chrysostomum,
795 2760 851 2807 iu
889 2758 1074 2807 Matth.
1113 2772 1344 2823 prooem.
1382 2756 1521 2805 hom.
1555 2755 1607 2817 Ι,
1646 2758 1696 2805 2.
1723 2772 1771 2820 p.
1808 2757 1856 2803 5.
1893 2754 2028 2803 hom.
2057 2755 2280 2815 Lxxx,
2323 2758 2366 2807 1.
2403 2771 2454 2819 p.
2482 2756 2601 2805 805.
2639 2755 2693 2803 in

242 2844 377 2907 epist.
406 2844 471 2895 ad
506 2844 710 2895 Coloss.
748 2844 887 2894 hom.
926 2845 1025 2907 XI,
1066 2846 1113 2893 2.
1160 2844 1263 2903 XI,
1302 2844 1419 2893 407.
1456 2844 1509 2891 S.
1546 2842 1954 2907 Hieronymum,
2001 2842 2066 2890 de
2115 2842 2194 2890 vir
2228 2840 2303 2890 ill.
2343 2858 2388 2891 c.
2427 2842 2475 2891 8.
2523 2842 2605 2891 ed.
2650 2858 2695 2890 c.

242 2946 284 2993 p.
305 2934 383 2981 51.
426 2931 476 2981 S.
509 2932 771 2982 Isidorum
812 2931 993 2997 Hisp.,
1033 2932 1099 2980 de
1137 2936 1257 2979 ortu
1294 2935 1349 2979 et
1385 2930 1532 2979 obitu
1571 2929 1806 2977 Patrum.
1843 2944 1887 2977 e.
1923 2930 2009 2978 83.
2045 2929 2129 2978 84.
2175 2928 2238 2989 V,
2276 2930 2392 2978 154.
2428 2930 2476 2977 5.
2526 2928 2696 2977 Theo-

242 3015 479 3081 ‹loretum,
526 3020 800 3085 interpret.
844 3018 915 3067 ad
962 3016 1165 3068 Coloss.
1214 3017 1304 3079 IV,
1352 3018 1433 3065 10.
1486 3014 1585 3064 ΙΙΙ.
1632 3030 1681 3063 a.
1724 3016 1843 3063 499.
1888 3017 2005 3063 500.
2049 3030 2131 3079 ep.
2176 3016 2259 3063 86.
2309 3013 2400 3063 IV.
2443 3014 2494 3063 b.
2550 3016 2696 3063 1157.

242 3102 287 3151 S.
308 3104 555 3155 Joannem
588 3107 1005 3165 Damascenum‚
1041 3105 1097 3153 in
1134 3104 1287 3166 epist.
1320 3118 1362 3152 s.
1383 3101 1541 3152 Pauli
1571 3101 1642 3151 ad
1675 3100 1880 3150 Coloss.
1917 3102 1964 3161 4,
2000 3102 2080 3149 10.
2126 3099 2195 3163 ΙΙ,
2225 3102 2344 3150 214.
2388 3100 2452 3150 V.
2479 3099 2697 3162 Bedam,

242 3189 287 3238 in
308 3206 475 3257 expos.
500 3194 598 3243 Ev.
624 3207 733 3241 sec.
758 3192 923 3241 Marc.
951 3189 1154 3256 prolog.
1191 3191 1255 3253 V,
1282 3191 1365 3239 92.
1390 3191 1447 3239 in
1470 3190 1586 3237 Act.
1618 3190 1699 3250 15,
1721 3189 1804 3237 37.
1829 3203 1881 3253 p.
1908 3189 2025 3236 653.
2077 3186 2364 3251 Georgium
2391 3185 2698 3251 syncellum

242 3276 651 3345 chronographia
674 3278 745 3328 ad
770 3292 857 3327 an.
885 3278 1010 3327 divi.
1035 3279 1239 3327 incarn.
1264 3278 1347 3326 40.
1374 3274 1457 3325 ed.
1482 3275 1533 3324 J.
1562 3274 1721 3337 Goar,
1746 3273 1880 3321 Ven.
1910 3275 2060 3323 1729.
2087 3290 2138 3339 p.
2166 3274 2282 3322 264.
2321 3272 2696 3321 Recentiorum

244 3378 369 3425 vero,
402 3367 487 3430 qui
511 3364 735 3416 eandem
762 3367 1105 3429 propugnant
1128 3363 1443 3412 sententiam
1472 3362 1559 3409 isti
1586 3366 1770 3410 sunto:
1819 3359 1876 3408 C.
1913 3359 2192 3421 Baronius,
2232 3358 2298 3407 ad
2336 3373 2458 3407 ann.
2493 3361 2578 3421 45,
2615 3359 2696 3407 46.

244 3447 279 3507 1,
301 3452 405 3500 332.
428 3454 542 3501 333.
593 3451 907 3513 Tillemont,
946 3450 1103 3499 Mem.
1130 3449 1200 3511 11,
1228 3454 1337 3499 not.
1364 3463 1456 3499 sur
1481 3464 1523 3497 s.
1548 3447 1690 3497 Jean
1715 3446 1880 3495 Marc.
1907 3462 1957 3495 n.
1985 3448 2032 3495 2.
2073 3462 2124 3510 p.
2150 3448 2268 3495 515.
2317 3444 2370 3493 J.
2398 3445 2458 3494 B.
2486 3444 2694 3494 Cotele-

244 3537 351 3597 rius,
386 3538 449 3588 ad
484 3538 666 3589 Const.
696 3553 782 3605 ap.
817 3538 889 3599 11,
925 3540 1006 3587 57.
1042 3554 1095 3587 n.
1134 3538 1213 3586 11.
1250 3552 1301 3601 p.
1338 3536 1456 3585 265.
1506 3534 1557 3583 J.
1592 3533 1840 3593 Lorinus,
1881 3532 2001 3582 Soc.
2032 3532 2084 3583 J.
2113 3533 2168 3581 in
2193 3532 2358 3581 Actus
2382 3531 2482 3597 Ap.
2511 3546 2696 3580 comm.

245 3621 359 3673 0011.
386 3628 527 3675 1609.
552 3626 621 3675 ad
652 3627 733 3689 12,
761 3627 841 3674 12.
867 3641 919 3690 p.
946 3626 1066 3673 503.
1115 3623 1178 3672 V.
1205 3623 1270 3672 L.
1296 3622 1525 3683 Gottius,
1560 3622 1771 3669 Veritas
1797 3619 2090 3683 Religionis
2117 3618 2452 3669 Christianae
2485 3617 2697 3667 demon-

242 3716 389 3761 strata
408 3713 592 3763 venet.
624 3714 775 3762 1750.
811 3712 851 3761 1.
880 3716 945 3760 tr.
970 3710 1041 3759 11.
1069 3710 1134 3759 de
1159 3710 1365 3773 Evang.
1397 3711 1441 3769 1,
1469 3710 1516 3760 3.
1543 3723 1594 3772 p.
1621 3710 1706 3756 63.
1757 3706 1824 3755 Η.
1853 3706 2087 3767 Grotius,
2117 3710 2296 3755 annot.
2325 3707 2378 3753 in
2403 3706 2503 3754 Ev.
2529 3706 2697 3753 Marci

247 3799 285 3854 1,
318 3800 357 3846 1.
388 3815 435 3864 p.
470 3802 587 3850 291.
623 3814 665 3848 s.
728 3796 1005 3859 sollerius,
1040 3798 1093 3847 in
1126 3796 1245 3845 Act.
1285 3796 1337 3844 S.
1374 3794 1427 3845 S.
1462 3794 1611 3843 Junii
1649 3793 1712 3855 V,
1749 3795 1796 3842 6.
1860 3791 2106 3853 Smidius,
2147 3793 2285 3842 nist.
2324 3790 2456 3841 Can.
2493 3808 2544 3855 p.
2579 3792 2697 3839 455.

246 3882 299 3931 1..
326 3884 714 3947 Frommondus,
754 3900 939 3935 comm.
975 3883 1046 3933 ad
1080 3882 1237 3933 eund.
1272 3883 1373 3931 loc.
1411 3882 1493 3930 ed.
1530 3880 1700 3930 Leod.
1739 3881 1888 3929 1819.
1927 3879 1970 3941 1,
2005 3880 2124 3929 292.
2172 3878 2259 3927 Fr.
2289 3877 2599 3942 Pogginius,
2632 3876 2698 3924 de

246 3982 353 4019 rom.
385 3972 431 4021 d.
466 3974 609 4023 Petri
655 3973 845 4022 itinere
893 3976 947 4021 et
994 3972 1327 4036 episcopatu.
1375 3968 1611 4017 Florent.
1650 3969 1800 4017 1741.
1835 3983 1887 4031 p.
1927 3968 2044 4015 234.
2079 3968 2128 4015 5.
2178 3964 2434 4025 Kienlen,
2480 3964 2535 4011 in
2574 3976 2696 4011 ann.

246 4054 373 4108 stud.
402 4074 451 4109 u.
484 4060 619 4109 Krit.
656 4060 807 4109 1843.
841 4075 893 4123 p.
928 4060 1047 4108 423.
1084 4072 1127 4107 s.
1176 4055 1581 4117 Unterkircher,
1620 4054 1820 4103 Introd.
1872 4070 1923 4118 p.
1962 4055 2077 4102 131.
2125 4052 2214 4100 Fr.
2250 4049 2606 4107 Freindaller,
2643 4049 2698 4096 in

246 4153 549 4197 commentat.
600 4145 719 4197 Caii
762 4162 839 4212 pr.
882 4145 1070 4209 fragm.
1114 4142 1356 4207 acephal.
1402 4142 1467 4191 de
1512 4142 1644 4191 Can.
1684 4141 1786 4190 div.
1825 4140 1890 4190 N.
1927 4139 1988 4189 F.
2028 4139 2298 4188 librorum.
2353 4136 2506 4185 Line.
2547 4137 2697 4185 1803.

248 4227 414 4294 Ronth,
446 4234 727 4299 Reliquiae
762 4247 967 4293 sacrae,
994 4232 1165 4281 Oxou.
1196 4230 1347 4279 1846.
1374 4228 1418 4278 1.
1446 4246 1496 4294 p.
1520 4230 1642 4278 405.
1681 4233 1736 4277 et
1768 4226 2073 4291 euinprimis
2111 4226 2198 4273 Fr.
2223 4225 2290 4273 X.
2316 4224 2593 4283 Patritius,
2632 4221 2699 4270 de

250 4314 425 4383 Evaug.
447 4320 489 4371 Ι.
515 4323 563 4381 2,
594 4323 640 4369 1.
666 4336 719 4385 p.
746 4321 829 4368 34.
856 4334 897 4368 s·
936 4323 1101 4383 atque
1123 4317 1165 4367 1.
1192 4315 1420 4381 append.
1449 4314 1649 4364 Comm.
1676 4316 1730 4363 in
1763 4314 2018 4363 Marcum.
2069 4312 2268 4361 Romae
2309 4312 2456 4360 1862.
2493 4326 2544 4375 p.
2580 4310 2697 4359 233.

248 4404 423 4455 erudite
456 4414 645 4457 eontra
678 4406 742 4455 B.
776 4406 967 4467 Welte,
1004 4404 1140 4454 Tiib.
1174 4401 1538 4464 Quartalsclir.
1576 4403 1726 4451 1854.
1761 4418 1813 4465 p.
1847 4402 1964 4449 619.
2003 4398 2298 4461 disputans.
2373 4396 2413 4463 ²)
2452 4397 2531 4447 cf.
2565 4396 2702 4445 Aeta

248 4490 529 4544 Sanctorum
566 4493 835 4555 Bollandi,
872 4492 943 4542 ad
979 4492 1029 4541 d.
1064 4492 1147 4541 27.
1197 4488 1447 4539 Octobris
1485 4489 1605 4551 VII,
1640 4490 1688 4537 3.
1721 4488 1801 4537 79.
1839 4487 1962 4535 item
2004 4485 2123 4535 add.
2155 4487 2234 4533 11.
2259 4484 2410 4533 Junii
2437 4484 2500 4533 1).
2530 4483 2698 4547 Pape-

248 4573 439 4642 broehii,
464 4597 647 4631 comm.
673 4594 857 4645 praev.
882 4578 953 4640 11,
978 4578 1097 4627 421.
1124 4592 1164 4627 s.
1228 4578 1269 4642 ³)
1308 4578 1335 4625 Ι
1360 4578 1499 4627 Petr.
1527 4578 1574 4625 5.
1606 4578 1687 4625 13.

2293 4658 2388 4707 18*
