3267 5259
1190 424 1387 466 christn-
1414 424 1614 467 morieu.
2539 411 2663 477 149

213 610 317 664 est:
358 598 603 681 ,Mulier
648 620 811 665 ecce
856 598 1061 665 Filius
1104 602 1306 682 tuus‘3
1360 599 1646 665 vicissim
1693 597 2083 686 discipulum
2113 599 2304 663 matri
2335 620 2662 665 commen·

212 714 301 777 dat
338 735 505 794 ‚ecce
548 712 771 779 Mater
813 717 946 779 tua‘
960 762 977 797 ,
1026 723 1099 777 ut
1142 715 1310 777 inter
1356 734 1427 777 se
1458 714 1681 777 matris
1713 712 1955 798 filiique
1987 734 2260 777 munera
2292 711 2605 798 expleant
2623 715 2661 777 ¹.

212 824 351 905 Quia
390 846 539 890 vero
586 825 633 890 J
636 848 789 891 esus
834 825 1037 890 Filius
1081 825 1211 890 Dei
1253 826 1387 889 vivi
1434 824 1683 908 fuerat,
1728 825 1878 890 ideo
1924 825 2126 911 ipsius
2170 823 2418 909 gloriae
2465 825 2664 889 Pater

214 937 469 1001 coelestis
515 938 865 1021 consuluit,
912 959 1194 1023 eumque
1243 960 1477 1002 ornare
1522 936 1728 1003 voluit
1771 938 1839 1001 in
1887 936 2252 1003 deiectione
2284 936 2408 1001 hac
2438 936 2666 1002 ultima

212 1052 369 1115 certis
392 1049 777 1136 quibusdam
812 1052 1003 1135 notia,
1038 1073 1207 1137 quae
1242 1053 1384 1137 pias
1417 1060 1672 1115 mentes
1703 1049 2019 1115 adversus
2045 1050 2257 1115 crucis
2283 1049 2663 1115 scandalum

212 1162 489 1227 fulcirent.
534 1163 743 1227 Fiunt
774 1186 933 1249 ergo
965 1186 1139 1229 nova
1170 1162 1373 1227 multa
1416 1163 1696 1247 insolita,
1727 1162 1932 1227 multa
1961 1184 2159 1249 supra
2197 1162 2544 1246 hominem,
2593 1173 2665 1227 ut

212 1285 499 1339 constaret
529 1276 784 1359 Jesum‚
832 1298 963 1341 non
994 1278 1412 1341 innocentem
1445 1275 1664 1359 modo,
1712 1275 1831 1340 sed
1861 1275 1990 1340 Dei
2029 1274 2266 1340 Filium
2299 1298 2442 1339 esse
2457 1278 2502 1341 2.
2550 1274 2665 1341 Sol

212 1398 400 1451 auctor
440 1387 543 1453 ille
588 1388 842 1475 publici
894 1388 1173 1473 lumime,
1234 1390 1343 1475 qui
1404 1411 1523 1476 per
1580 1388 1806 1454 orbem
1853 1389 2230 1453 universum
2285 1388 2448 1453 lucis
2507 1410 2664 1453 suae

210 1502 313 1564 vim
362 1524 435 1565 ac
488 1501 713 1567 radios
774 1500 1106 1585 diffundit,
1174 1511 1487 1589 tanquam
1558 1503 1964 1588 proscriptus
2030 1500 2156 1566 hoc
2223 1500 2516 1566 facinore
2585 1522 2665 1565 ac

212 1612 515 1699 relegatuS,
560 1615 841 1680 Judaeis
886 1614 1039 1679 nihil
1085 1626 1347 1701 praeter
1390 1614 1698 1679 tenebras
1733 1604 2020 1702 reliquit,
2066 1624 2141 1679 ut
2184 1614 2422 1678 funesti
2478 1635 2663 1700 spec-

212 1726 453 1791 taculum
494 1727 769 1793 sceleris
816 1726 1301 1793 obumbraret.³
1350 1728 1557 1792 Prout
1600 1726 1902 1792 coelestis
1942 1727 2160 1811 Pater,
2210 1728 2320 1813 qui
2350 1725 2666 1791 hactenus

384 2001 421 2065 ¹)
456 2000 763 2067 compellat
798 2000 1137 2051 mulierem
1186 2029 1251 2037 -
1298 2018 1347 2051 v.
1385 2000 1454 2051 H.
1488 2000 1553 2049 N.
1589 1999 1654 2049 Τ.
1690 2015 1742 2064 p.
1777 2000 1861 2047 45.
1909 2026 1976 2035 —
2021 1997 2136 2049 sine
2173 1996 2398 2047 nomine
2435 1998 2668 2049 matris

222 2103 299 2142 „ue
340 2092 570 2138 materna
626 2089 777 2154 pium
828 2089 1093 2138 cruciaret
1146 2090 1355 2138 viscera
1405 2090 1664 2149 nomen“;
1741 2090 1803 2135 ut
1869 2084 2084 2150 quidam
2139 2084 2412 2150 eleganter
2469 2086 2665 2134 cecinit

214 2173 263 2233 Q.
284 2174 325 2223 d.
356 2174 541 2225 Mulier
574 2174 913 2225 moriendum
946 2174 1075 2223 mihi
1112 2178 1195 2225 est
1230 2174 1495 2240 supplicio
1533 2172 1635 2222 hoc
1673 2171 2068 2233 crudelissime,
2116 2170 2212 2221 sed
2255 2174 2538 2236 postquam
2583 2186 2666 2220 me

216 2260 345 2309 fueris
376 2261 585 2323 orbata,
642 2261 735 2310 hic
770 2260 980 2311 futurus
1018 2261 1116 2310 tibi
1152 2276 1249 2327 pro
1288 2277 1371 2311 me
1407 2261 1527 2310 loco
1564 2259 1659 2309 filii
1705 2264 1816 2321 est,
1872 2272 1936 2307 ac
1986 2259 2164 2308 omnia
2207 2256 2304 2307 filii
2349 2256 2528 2308 officia
2572 2258 2670 2307 tibi

216 2348 481 2409 praestabit.
546 2348 833 2414 Discipulo
882 2354 1059 2397 autem
1104 2347 1299 2397 dilecto
1344 2346 1505 2396 dixit:
1561 2346 1820 2407 Joaunes‚
1855 2348 2076 2394 matrem
2131 2358 2302 2393 meam
2356 2343 2667 2394 commendo

216 2432 303 2491 tibi,
334 2440 385 2483 ut
418 2450 531 2485 earn
568 2451 667 2501 pro
706 2438 877 2484 matre
915 2440 1011 2484 tua
1044 2433 1261 2484 habeas.
1306 2433 1441 2484 «Iesu
1477 2449 1625 2483 mens
1653 2448 1688 2483 a
1710 2432 1990 2498 discipulo,
2031 2446 2190 2498 quem
2225 2430 2496 2497 diligebat,
2534 2432 2666 2481 satis

217 2518 443 2570 intellecta
491 2527 603 2585 est,
660 2522 847 2586 itaque
899 2522 1068 2586 ipsius
1114 2526 1334 2570 matrem
1380 2520 1532 2569 nulla
1574 2520 1894 2585 interposita
1941 2532 2090 2567 mora
2124 2518 2327 2583 recepit
2363 2518 2418 2566 in
2457 2516 2670 2567 domum

218 2619 349 2667 susm,
382 2612 437 2657 ut
462 2609 619 2658 iuxta
642 2607 779 2658 Jesu
816 2607 1144 2657 voluntatem
1180 2608 1420 2657 ultimam
1456 2612 1727 2671 tamquam
1765 2610 1984 2655 matrem
2015 2618 2167 2654 suam
2194 2604 2506 2655 observaret
2529 2619 2665 2667 eam,

218 2690 462 2759 aleretque.
516 2694 793 2745 Credibile
842 2694 1127 2744 admodum
1177 2697 1283 2755 est,
1340 2692 1485 2759 quod
1540 2694 1844 2757 cogitarunt
1895 2692 2071 2754 multi,
2128 2690 2420 2756 Josephum
2466 2690 2668 2741 Mariae

216 2778 463 2845 coniugem,
510 2786 785 2831 mortuum
820 2783 927 2831 iam
964 2795 1084 2830 cum
1121 2780 1254 2830 haec
1290 2784 1600 2845 gererentur
1645 2778 1838 2840 fuisse,
1897 2792 2134 2844 opesque
2178 2777 2393 2828 relictas
2441 2792 2559 2828 esse
2601 2778 2666 2827 iis

217 2863 381 2927 nullas,
434 2869 633 2933 quibus
670 2866 847 2917 Maria
882 2866 1075 2929 vidua,
1115 2868 1204 2917 cui
1240 2866 1478 2917 subsidio
1514 2866 1694 2915 fuerat
1736 2864 1996 2915 hactenus
2041 2865 2228 2927 Jews,
2283 2870 2670 2915 sustentaretur

217 2956 345 3015 atque
375 2952 493 3003 hinc
528 2955 737 3004 factum
774 2954 918 3019 quod
954 2954 1115 3004 Jesus
1152 2954 1207 3002 in
1245 2953 1493 3003 extremis
1530 2967 1722 3018 agens,
1780 2966 1960 3001 curam
2012 2952 2196 3001 matris
2233 2964 2364 3001 suae
2403 2966 2666 3001 commen-

217 3037 326 3087 darit
344 3040 549 3091 Joanni.
592 3041 676 3091 cf.
702 3042 899 3107 Ignatii
934 3056 969 3091 a
1003 3056 1047 3091 s.
1072 3041 1365 3091 Francisco
1402 3039 1647 3101 Carmel„
1687 3038 1954 3105 Synopsin
1987 3037 2316 3104 Magnalium
2351 3038 2478 3088 Divi
2514 3037 2669 3088 Jose-

218 3124 299 3188 phi.
334 3127 509 3178 Leodii
535 3130 694 3179 1684.
732 3128 792 3177 P.
818 3128 917 3177 111.
954 3132 1018 3177 tr.
1048 3132 1093 3179 1.
1130 3144 1183 3193 p.
1208 3128 1327 3177 479.
1357 3142 1399 3177 s.
1448 3127 1615 3176 Porro
1653 3126 1788 3175 illud
1824 3141 2040 3191 quoque
2089 3140 2196 3175 non
2244 3129 2326 3175 est
2370 3124 2437 3174 de
2483 3124 2668 3187 nihilo,

218 3212 331 3275 quod
362 3230 401 3265 s.
423 3215 669 3266 Joannes
708 3214 961 3265 observat
999 3216 1080 3276 19,
1108 3216 1190 3266 25.
1226 3219 1448 3264 matrem
1474 3213 1607 3264 Jesu
1632 3213 1696 3264 B.
1720 3213 1794 3262 Μ.
1818 3214 1882 3262 V.
1909 3212 2158 3278 aliasque
2181 3211 2430 3262 mulieres
2453 3216 2670 3261 sanctas

218 3299 331 3361 apud
362 3317 563 3353 crucem
604 3302 805 3353 Christi
842 3302 1137 3363 adstitisse3
1184 3316 1303 3350 cum
1340 3300 1680 3350 interdictum
1719 3304 1875 3361 esset,
1912 3314 1980 3349 ne
2017 3300 2194 3364 capite
2233 3298 2512 3348 damnatos
2549 3313 2668 3363 pro-

218 3384 367 3450 pingui
397 3388 659 3455 lugerent.
710 3388 1005 3439 Salvatoris
1042 3389 1211 3438 nostri
1246 3386 1583 3437 benedictam
1620 3390 1844 3437 matrem
1879 3386 2098 3451 quidam
2133 3384 2232 3437 sub
2262 3400 2420 3435 cruce
2445 3384 2672 3450 pingunt

220 3468 465 3538 deliquium
500 3478 817 3543 patientem,
856 3480 951 3525 aut
986 3476 1040 3524 in
1078 3478 1273 3524 terram
1310 3478 1659 3524 corruentem.
1698 3472 1804 3524 Sed
1840 3475 2081 3539 picturae
2105 3474 2240 3522 istae
2263 3472 2453 3522 merito
2477 3471 2669 3537 impro-

220 3556 389 3623 bantur,
422 3564 581 3613 sicuti
620 3567 675 3613 et
709 3576 901 3612 revera
934 3562 991 3611 in
1018 3560 1163 3611 Urbe
1200 3566 1409 3611 amotae
1446 3566 1854 3625 expunctaeque
1889 3559 2154 3624 leguntur.
2194 3558 2406 3623 Optime
2440 3557 2674 3608 advertit

220 3646 601 3711 ambrosius,
660 3664 843 3715 expos.
890 3662 1080 3713 evang.
1130 3663 1235 3699 sec.
1283 3647 1417 3696 Luc.
1463 3647 1499 3697 l.
1542 3647 1608 3697 X.
1646 3663 1698 3696 n.
1747 3648 1862 3696 132.
1928 3644 2067 3705 „Sed
2121 3660 2222 3695 nec
2275 3644 2450 3695 Maria
2501 3646 2673 3695 minor

221 3746 346 3793 quam
392 3742 611 3787 matrem
667 3735 865 3786 Christi
925 3735 1174 3796 decebat,
1242 3733 1569 3799 fugientibus
1613 3732 1904 3798 Apostolis,
1951 3736 2076 3783 ante
2123 3747 2335 3782 crucem
2397 3731 2578 3782 stabat
2619 3735 2674 3781 et

222 3818 301 3879 piis
345 3826 617 3886 spectabat
671 3822 843 3873 oculis
896 3821 1020 3873 Filii
1076 3821 1328 3871 vulnerat
1388 3822 1513 3885 quia
1570 3819 1920 3884 exspectabat
1974 3834 2083 3869 non
2141 3818 2377 3885 pignoris
2431 3822 2671 3879 mortem,

224 3904 295 3953 sed
332 3910 497 3960 mundi
534 3910 816 3961 salutem.“
856 3927 907 3975 p.
936 3910 1088 3959 1532.
1115 3924 1155 3958 s.
1197 3907 1278 3957 Cf.
1314 3923 1359 3957 e.
1398 3907 1457 3957 P.
1492 3906 1687 3968 Zornii‚
1727 3907 1853 3957 diss.
1890 3905 1954 3955 de
1988 3906 2050 3955 B.
2077 3904 2250 3955 Maria
2273 3905 2488 3970 Virgine
2527 3904 2672 3970 apud

226 4006 393 4045 crucem
424 3996 515 4047 filii
552 3998 639 4046 sui
678 3996 941 4058 adstante,
978 3996 1033 4045 in
1071 4008 1255 4061 opusc.
1292 4011 1345 4060 p.
1372 3994 1491 4043 316.
1525 4008 1568 4043 s.
1618 3991 1810 4043 Stabat
1843 3991 1906 4041 B.
1931 3992 2004 4041 Μ.
2042 3992 2204 4058 Virgo
2244 4006 2492 4057 corpore,
2532 4006 2671 4056 quae

226 4078 365 4129 stabat
396 4084 551 4135 corde
588 4098 687 4149 per
722 4082 897 4145 fidem,
934 4081 1109 4131 nullos
1150 4080 1315 4131 edidit
1351 4080 1599 4147 planctus
1636 4084 1730 4129 aut
1763 4079 2074 4129 indecentes
2112 4083 2319 4143 gestus,
2377 4092 2514 4143 quae
2565 4094 2672 4127 non

227 4171 525 4222 convenirent
570 4172 687 4222 eius
734 4170 978 4235 dignitati
1034 4174 1087 4219 et
1144 4169 1414 4234 gravitati.
1482 4166 1563 4216 Cf.
1612 4166 1843 4226 Molani‚
1891 4165 1958 4214 de
1991 4166 2128 4215 Hist.
2165 4182 2206 4214 s.
2239 4165 2454 4228 imagin.
2491 4164 2583 4225 IV,
2621 4166 2670 4213 8.

228 4266 265 4312 p·
284 4255 383 4305 443.
404 4274 445 4307 s.
502 4258 547 4323 ²)
602 4256 763 4319 Quod
808 4272 987 4307 coram
1032 4270 1227 4321 magno
1272 4254 1485 4304 iudaico
1533 4258 1726 4305 senatu
1773 4252 2049 4303 confessus
2096 4252 2272 4301 fixerat
2313 4256 2421 4299 tam
2471 4254 2670 4315 aperte,

228 4342 271 4383 11²
298 4343 513 4403 pontifex
548 4346 813 4394 maximus
850 4344 1123 4408 ceterique
1158 4341 1545 4407 blasphemiam
1593 4340 1831 4390 dicerent
1877 4338 2210 4388 horrendam.
2273 4337 2315 4401 ³)
2357 4336 2409 4385 S.
2446 4335 2666 4386 Ambro-

230 4424 325 4486 sius,
358 4444 526 4495 expos.
562 4446 757 4497 evang.
782 4446 889 4481 sec.
914 4430 1049 4479 Luc.
1074 4428 1157 4491 X„
1186 4430 1302 4478 128.
1342 4444 1395 4493 p.
1426 4429 1575 4477 1531.
1624 4426 1945 4477 miraculose
1987 4424 2146 4491 plane
2183 4428 2326 4474 ortas
2364 4424 2480 4490 ipso
2517 4425 2670 4473 meri-

231 4506 295 4557 die
312 4528 461 4581 usque
485 4518 669 4569 horam
692 4518 921 4578 tertiam,
947 4532 1055 4581 quo
1080 4515 1193 4565 dies
1218 4515 1357 4565 solet
1380 4528 1499 4564 esse
1524 4514 1869 4575 clarissimus,
1896 4511 2143 4562 tenebras
2172 4510 2325 4575 dicit3
2353 4526 2576 4577 quarum
2600 4524 2672 4560 au

232 4602 511 4653 meminerint
534 4606 757 4655 Veteres
784 4606 841 4653 in
865 4602 1267 4667 Prolegomenis
1303 4601 1499 4652 nostris
1538 4600 1954 4665 disquisivimus.
1992 4599 2057 4649 V.
2082 4598 2345 4663 Kissliug,
2384 4598 2450 4647 de
2487 4597 2670 4647 labore
