3267 5259
547 450 672 515 328
1280 460 1396 502 nist.
1425 460 1533 502 Ber.
1562 458 1650 501 div.
1683 458 1851 501 Period.
1877 458 1932 500 11.
1955 470 2054 511 cap.
2083 459 2280 511 primum.

548 641 829 700 liberalis.
901 642 978 698 In
1023 641 1361 698 educatione
1402 638 1517 698 filii
1559 639 1652 698 sui
1697 640 1850 697 hanc
1889 640 2003 697 sibi
2052 659 2286 716 operam
2323 639 2516 697 locare
2560 644 2824 716 parentes
2861 640 3016 699 Sauli

549 750 865 817 noverant,
920 750 991 803 ut
1038 765 1111 802 ex
1157 744 1348 819 gentis
1399 763 1560 801 more
1608 762 1646 801 a
1689 744 1906 802 teneris
1955 744 2125 801 annis
2172 744 2482 803 literarum
2531 744 2804 803 tirocinia
2841 744 3014 802 daret.

550 850 745 921 Tarsi,
794 850 961 908 cuius
1000 850 1197 907 schola
1244 848 1465 906 illustri
1512 850 1782 907 decorata
1828 852 1957 906 erat
1997 849 2288 919 doctrina,
2335 848 2690 906 eruditionis
2725 848 3018 907 saecularis

548 956 934 1013 fundamenta
977 954 1135 1011 haud
1181 954 1607 1011 contemnenda
1649 954 1806 1011 iecit.
1867 952 1988 1010 Hic
2033 956 2302 1023 Aratum,
2347 952 2758 1024 Menandrum,
2797 952 3018 1028 Epime-

551 1052 757 1117 nedem
784 1056 804 1096 ¹
832 1058 997 1132 legit,
1044 1076 1293 1135 quorum
1331 1056 1640 1115 sententiis
1679 1058 2046 1133 postmodum
2083 1057 2151 1114 in
2185 1076 2312 1115 rem
2351 1076 2516 1114 suam
2557 1057 2852 1132 aptissime
2893 1076 3020 1114 usus

552 1168 658 1221 est.
728 1161 1075 1220 Rhetoricae
1121 1180 1351 1239 quoque
1398 1161 1722 1237 praeceptis
1767 1161 2064 1231 incubuit,
2121 1166 2190 1219 ut
2231 1166 2438 1219 ornate
2483 1162 2674 1249 dicere
2721 1166 2902 1235 posset
2915 1206 2930 1231 ,
2973 1160 3018 1217 si

552 1266 749 1338 vellet,
799 1270 859 1323 et
894 1266 945 1323 si
988 1266 1311 1323 conditioni
1352 1264 1646 1342 salutique
1688 1266 2024 1324 auditorum
2063 1266 2404 1323 conveniret
2419 1260 2477 1341 ²3
2523 1264 2836 1339 gentilium
2863 1266 3018 1333 ritus,

553 1370 875 1431 certamina
918 1369 1212 1447 gymnica,
1268 1368 1433 1427 ludos
1486 1372 1709 1427 curiose
1757 1369 2006 1427 rimatus
2058 1374 2145 1427 est
2165 1366 2208 1426 ³.
2286 1368 2662 1427 Graecanicis
2711 1368 3022 1445 disciplinis

553 1474 795 1533 solerter
824 1474 1178 1532 instructum
1206 1472 1399 1531 filium
1429 1478 1700 1549 parentes
1739 1473 2028 1531 miserunt
2055 1474 2128 1531 ad
2157 1472 2412 1532 scholam
2441 1473 3024 1551 Hierosolymitanam

554 1598 658 1655 pro
688 1576 1105 1636 abundantiori
1136 1576 1309 1651 Legis
1338 1577 1549 1635 studio.
1612 1578 2054 1652 Praeceptorem
2095 1577 2194 1635 hic
2223 1582 2430 1636 nactus
2470 1582 2559 1635 est
2595 1576 2971 1636 Gamalielem
2984 1574 3024 1645 ⁴,

554 1843 714 1889 natus
768 1854 799 1887 e
853 1837 1118 1887 communi
1171 1836 1513 1886 Tarsensium
1566 1836 1830 1897 omnium,
1891 1835 1987 1885 sed
2041 1837 2124 1885 sui
2177 1838 2418 1901 parentis
2471 1836 2692 1902 speciali
2741 1835 3030 1902 privilegio.

555 1926 770 1976 Etenim
806 1925 1055 1985 Tarsum,
1104 1937 1279 1987 neque
1318 1920 1583 1972 coloniam
1615 1922 2000 1985 Romanorum,
2037 1938 2214 1987 neque
2249 1924 2598 1989 municipium
2633 1924 2819 1985 fuisse,
2859 1923 3032 1973 docuit

558 2010 679 2063 Chr.
719 2009 1007 2073 Cellarius,
1048 2010 1173 2059 diss.
1212 2008 1277 2058 de
1314 2023 1357 2059 s.
1382 2008 1539 2059 Pauli
1573 2008 1818 2073 Apostoli
1859 2010 2076 2059 civitate
2113 2009 2374 2059 Romana.
2433 2010 2560 2060 Hal.
2600 2011 2750 2061 1706.
2793 2012 2842 2071 §-
2879 2013 2962 2059 21.
2995 2027 3032 2059 s.

557 2116 610 2165 p.
639 2100 721 2149 15.
748 2112 789 2147 s.
840 2096 1113 2162 Quidquid
1150 2111 1279 2145 vero
1318 2096 1389 2145 sit
1426 2095 1491 2144 de
1528 2101 1682 2160 patre
1717 2095 1806 2144 vel
1843 2110 1944 2145 avo
1970 2094 2144 2158 Pauli,
2183 2110 2252 2145 an
2289 2098 2520 2161 pecunia
2553 2098 2638 2147 ius
2673 2096 2805 2147 illud
2841 2098 3034 2156 emerit,

556 2185 647 2235 vel
682 2188 899 2249 propter
933 2183 1073 2233 bene
1112 2183 1181 2233 de
1225 2181 1503 2249 republica
1544 2183 1736 2231 merita
1781 2183 2062 2247 acceperit,
2099 2182 2201 2232 hoc
2245 2188 2426 2233 tamen
2461 2189 2644 2234 manet
2685 2184 2916 2234 firmum:
2959 2185 3036 2232 ius

559 2270 791 2321 civitatis
828 2270 1030 2335 grande
1068 2270 1237 2319 fuisse
1272 2268 1635 2334 privilegium3
1676 2270 1754 2317 uti
1791 2269 1859 2318 ob
1897 2270 2006 2319 alia
2039 2268 2224 2331 multa,
2257 2272 2336 2320 sic
2374 2272 2534 2320 etiam
2571 2271 2640 2320 ob
2665 2272 3037 2320 immunitatem

560 2372 594 2407 a
628 2356 941 2407 verberibus
974 2355 1426 2421 flagellationibus
1466 2355 1692 2420 aliisque
1729 2356 1987 2406 similibus
2026 2371 2316 2421 poenarum
2361 2358 2664 2422 generibus,
2701 2363 2756 2407 et
2789 2356 3036 2407 dehones-

560 2445 808 2495 tamentis
851 2443 969 2508 lege
1004 2443 1199 2493 Porcia
1237 2442 1656 2509 Semproniaque
1694 2442 1902 2492 civibus
1938 2443 2192 2493 Romanis
2235 2458 2562 2494 concessam.

774 2532 811 2595 ¹)
852 2529 932 2580 Cf.
972 2528 1026 2580 S.
1062 2530 1405 2594 Hieronymi,
1454 2544 1535 2594 ep.
1574 2528 1643 2578 ad
1681 2529 1934 2594 Magnum
1968 2529 2144 2592 Lxx,
2179 2532 2226 2579 2.
2272 2546 2324 2597 p.
2360 2532 2480 2580 426.
2529 2530 2581 2580 J.
2618 2530 2937 2592 Hoffmann,
2979 2530 3038 2579 de

558 2618 729 2669 Paulo
756 2617 936 2683 script.
962 2617 1096 2682 prof.
1124 2614 1280 2681 alleg.
1306 2616 1440 2665 Tub.
1471 2618 1621 2665 1770.
1643 2644 1708 2652 -
1729 2615 2076 2679 Thalemann,
2106 2616 2172 2667 de
2197 2616 2496 2667 eruditione
2521 2617 2678 2668 Pauli
2701 2618 2920 2669 iudaica
2941 2634 3040 2667 nou

559 2719 771 2771 graeca.
830 2704 977 2769 Lips.
1020 2704 1169 2753 1769.
1226 2703 1581 2767 cognitionem
1632 2708 1687 2751 et
1737 2702 2142 2768 intelligentiam
2195 2703 2506 2754 literaturae
2563 2720 2790 2770 graecae
2843 2707 2902 2753 in
2955 2704 3038 2753 illo

559 2793 727 2842 fuisse
761 2804 1056 2856 pernegare
1092 2788 1333 2839 tentavit.
1396 2788 1730 2838 Contrariam
1773 2790 2094 2839 sententiam
2130 2790 2232 2841 sibi
2269 2790 2739 2841 demonstrandam
2785 2806 3040 2841 sumsere:

558 2880 621 2927 A.
646 2877 708 2925 B.
736 2876 973 2937 Grulich‚
1010 2874 1390 2939 Betrachtung.
1428 2880 1479 2925 fl.
1518 2874 1607 2925 die
1643 2892 1718 2940 gr.
1758 2875 2182 2926 Gelehrsamkeit
2218 2876 2267 2925 d.
2301 2876 2401 2942 Ap.
2437 2878 2657 2928 Paulus.
2709 2878 2859 2928 Witt.
2901 2880 3041 2927 1774,

561 2963 743 3025 Zobel,
782 2962 847 3012 de
885 2962 1055 3012 Paulo
1092 2961 1426 3027 philosophe.
1470 2961 1696 3011 Altdorf.
1725 2964 1875 3012 1731.
1925 2962 2166 3025 Koester‚
2205 2964 2290 3013 ob.
2316 2979 2358 3013 s.
2385 2964 2590 3015 Paulus
2625 2966 2776 3015 seina
2815 2964 3040 3030 Sprache

562 3065 631 3101 au
668 3048 762 3099 der
788 3048 880 3099 des
906 3048 1292 3099 Demosthenes
1330 3047 1567 3113 gebildet
1600 3048 1776 3099 habe?
1809 3050 1864 3098 in
1893 3048 2044 3099 stud.
2069 3066 2121 3099 u.
2148 3050 2282 3099 Krit.
2299 3052 2462 3100 1864.
2489 3067 2541 3115 p.
2571 3052 2689 3101 305.
2716 3066 2759 3100 s.
2825 3051 2867 3116 2)
2897 3051 3040 3102 Unde

558 3138 877 3201 Lystreuses
895 3134 1012 3185 Act.
1030 3136 1109 3195 14,
1128 3136 1207 3183 11.
1234 3134 1477 3195 Paulum,
1504 3136 1596 3200 qui
1622 3134 1832 3184 dicendi
1858 3136 2048 3200 peritia
2072 3136 2324 3200 pollebat,
2350 3143 2615 3187 vocarunt
2635 3136 3038 3198 „uerendum-3

561 3224 741 3273 Poetis
788 3222 1145 3287 Eloquentiae
1188 3222 1353 3271 Deus.
1419 3222 1716 3285 Dionysius
1760 3221 2064 3287 Longinus,
2120 3222 2185 3273 de
2229 3222 2582 3285 sublimitate,
2631 3240 2841 3275 recens.
2899 3225 3040 3283 Mori,

560 3310 707 3374 Lips.
737 3310 885 3359 1769.
910 3308 999 3359 Fr.
1024 3309 1068 3358 Ι.
1094 3326 1144 3374 p.
1171 3310 1289 3358 264.
1327 3309 1383 3358 iu
1416 3308 1716 3373 catalogum
1742 3314 2012 3359 oratorum
2047 3311 2226 3374 posuit
2261 3306 2491 3370 ,Μῶλος
2515 3304 2542 3358 ὃ
2567 3308 2846 3377 Ταρσεῦς.“
2903 3312 3042 3372 Quae

561 3396 727 3445 verba
774 3411 809 3445 a
844 3395 1143 3445 Christiano
1192 3395 1403 3445 adiecta
1448 3396 1655 3445 censuit
1701 3394 2008 3457 Fabricius,
2052 3394 2190 3446 Bibl.
2227 3412 2303 3461 gr.
2351 3396 2453 3459 VI,
2489 3399 2574 3447 93.
2633 3398 2810 3463 Nagel
2861 3404 3042 3459 tamen,

563 3483 612 3532 d.
649 3484 707 3531 in
741 3482 995 3531 iudicium
1030 3482 1263 3547 Longini
1302 3482 1369 3531 de
1404 3480 1661 3547 Apostolo
1700 3481 1886 3531 Paule.
1935 3481 2161 3532 Altdorf.
2191 3485 2340 3533 1772.
2381 3489 2433 3533 et
2469 3484 2612 3549 Hug,
2651 3484 2798 3535 Einl.
2837 3486 2912 3549 11,
2935 3486 3043 3534 334.

562 3568 696 3618 illud
740 3567 805 3617 de
842 3568 1010 3619 Paulo
1056 3569 1414 3618 testimonium
1459 3568 1706 3633 Longino
1753 3574 2110 3619 asseruerunt.
2172 3568 2251 3618 Cf.
2287 3584 2333 3618 e.
2373 3568 2734 3633 Kirchmaier,
2785 3571 2855 3621 de
2899 3570 3044 3622 Pauli

564 3656 887 3719 eloquentia.
943 3654 1092 3705 Witt.
1142 3656 1291 3705 1695.
1346 3654 1560 3717 Badeu,
1610 3654 1676 3704 de
1723 3654 2030 3720 eloquentia
2080 3656 2252 3705 Pauli.
2315 3656 2492 3705 Havn.
2532 3658 2686 3707 1786.
2757 3658 2826 3707 L.
2863 3660 3046 3713 Bauer.

562 3742 851 3792 Rhetorica
896 3741 1138 3792 Paulina.
1194 3741 1319 3791 Hal.
1360 3737 1509 3792 1782.
1572 3740 1907 3804 Fuhrmann,
1956 3741 2022 3791 de
2071 3742 2366 3793 subtilitate
2415 3743 2572 3793 Pauli
2620 3746 2677 3793 in
2729 3748 3044 3811 argumentis

563 3828 853 3879 tradendis.
890 3828 1039 3893 Lips.
1070 3830 1220 3877 1777.
1283 3826 1323 3893 ³)
1347 3828 1431 3877 Ex
1459 3828 1654 3893 quibus
1681 3828 1928 3877 omnibus
1962 3832 2152 3893 postea
2177 3834 2229 3877 et
2253 3829 2420 3878 verba
2445 3836 2500 3879 et
2523 3828 2750 3895 phrases
2785 3838 3044 3882 mutuatus

564 3921 669 3977 est,
726 3914 919 3981 quibus
974 3914 1265 3964 doctrinam
1318 3914 1513 3964 Christi
1559 3915 1853 3965 illustraret
1901 3920 1955 3964 et
2001 3916 2204 3965 monita
2251 3931 2350 3965 sua
2397 3918 2670 3982 sapienter
2719 3923 2774 3967 et
2823 3920 3048 3968 suaviter

562 4001 847 4053 instillaret
870 4001 1131 4067 gentibus.
1184 4001 1226 4063 ⁴)
1251 3992 1418 4069 ’Ῥζςῒξῳξ
1442 4000 1561 4050 coll.
1582 4002 1736 4050 Num.
1761 4004 1806 4063 1,
1831 4004 1910 4051 10.
1945 4000 2214 4051 Credibile
2239 4008 2322 4051 est
2343 4002 2486 4087 hpnc
2510 4003 2676 4053 fuisse
2705 4003 3046 4054 Gamalielem

564 4098 827 4147 seniorem
879 4104 1009 4165 ῑξξῦ,
1056 4101 1303 4161 nepotem
1340 4096 1569 4157 Hillelis‚
1608 4096 1774 4145 filium
1811 4094 2091 4158 Simeonis,
2137 4098 2399 4147 maximae
2437 4098 2582 4163 apud
2620 4112 2747 4149 suos
2787 4101 3046 4149 existima·

564 4194 739 4242 tionis.
790 4192 907 4240 Act.
933 4192 981 4253 5,
1008 4192 1090 4239 34.
1116 4208 1158 4241 s.
1206 4190 1325 4241 coll.
1352 4190 1576 4240 Mischn.
1604 4190 1734 4240 Sota
1770 4194 1819 4253 9,
1850 4194 1927 4241 15.
1981 4190 2150 4241 Gittin
2175 4194 2223 4253 4,
2251 4194 2300 4241 2.
2349 4192 2506 4241 Baba
2541 4208 2672 4243 mez.
2703 4196 2752 4255 5,
2780 4196 2832 4245 8.
2885 4196 2964 4245 Cf.
2989 4194 3046 4243 G.

564 4279 633 4327 H.
660 4278 901 4339 Grannii,
938 4276 1060 4327 hist.
1088 4276 1412 4327 Gamalielis.
1473 4277 1578 4327 vit.
1606 4279 1757 4328 1687.
1807 4278 2096 4343 Lightfoot,
2137 4284 2274 4327 cent.
2303 4278 2484 4328 chron.
2510 4279 2702 4329 Matth.
2741 4298 2791 4345 p.
2821 4284 2908 4331 33.
2943 4280 3048 4330 hor.

566 4364 636 4411 ad
672 4363 857 4413 Matth.
886 4366 933 4425 6,
962 4366 1009 4413 9.
1048 4380 1098 4429 p.
1126 4366 1243 4414 296.
1272 4380 1311 4415 s.
1362 4363 1523 4426 Wolf,
1559 4364 1699 4413 Bibl.
1726 4362 1874 4413 hebr.
1913 4364 1982 4425 11,
2011 4366 2127 4414 882.
2177 4364 2316 4425 Jost,
2354 4364 2576 4430 Allgem.
2607 4365 2800 4416 Gesch.
2835 4368 2933 4417 (les
2967 4369 3048 4417 ist.

568 4448 769 4499 Volkes
804 4449 885 4512 11,
924 4454 1039 4500 104.
1074 4465 1115 4500 s.
1178 4450 1236 4499 Si
1274 4450 1459 4501 audias
1498 4451 1811 4516 scriptorem
1845 4451 2290 4516 Recognitionum
2327 4452 2378 4513 1,
2413 4454 2496 4502 65.
2537 4452 2620 4503 ed.
2656 4452 2847 4503 Gersd.
2887 4471 2937 4519 p.
2973 4456 3050 4503 34.

570 4535 690 4584 coll.
717 4536 887 4596 Thilo,
926 4537 1043 4585 cod.
1070 4551 1248 4602 apocr.
1286 4554 1336 4602 p.
1364 4539 1481 4587 501.
1522 4544 1576 4587 et
1612 4536 1982 4602 Chrysippum,
2021 4536 2166 4603 apud
2189 4538 2438 4588 Photium
2463 4538 2582 4589 cod.
2613 4540 2728 4589 171.
2767 4541 2851 4589 ed.
2875 4540 3052 4605 Migne

568 4638 620 4686 p.
648 4624 764 4671 500.
792 4638 851 4683 s.,
891 4622 1223 4673 Christianus
1262 4624 1403 4673 erat!
1442 4624 1549 4673 Sed
1573 4640 1700 4673 vero
1727 4626 1941 4673 omnino
1966 4623 2256 4673 reiicieuda
2282 4630 2363 4675 est
2386 4624 2438 4675 J.
2463 4625 2758 4688 Pearsouii,
2795 4626 3052 4677 lectiones
