3267 5259
1096 426 1295 482 Epistola
1321 432 1366 473 s.
1388 426 1513 473 rsus
1540 429 1595 471 aa
1623 425 1855 473 somam.
2596 415 2724 483 413

228 612 451 686 tatem,
481 602 675 669 Deus
706 604 880 669 enim
910 604 1093 669 cuius
1139 602 1279 668 vult
1315 604 1676 686 miseretur,
1710 614 1776 669 et
1807 626 2002 691 quem
2034 602 2175 668 vult
2202 602 2466 668 indurat
2491 608 2529 667 1.
2576 604 2730 669 Non

229 715 463 781 leviter
492 717 867 802 increpatos
898 715 1251 802 populares
1288 738 1441 781 suos
1460 717 1506 799 ²,
1539 739 1762 781 rursus
1793 715 2078 801 benigne
2111 714 2478 801 alloquitur.
2533 715 2730 781 Affir-

231 837 367 892 mat
398 827 765 915 Apostolus
797 852 868 893 se
900 850 985 893 ex
1020 829 1237 893 animo
1268 827 1441 895 bene
1471 828 1642 895 velle
1675 828 1925 894 civibus
1972 830 2124 911 suis,
2154 828 2506 915 Deumque
2543 851 2729 895 orare

232 962 347 1026 pro
398 962 629 1005 eorum
675 940 917 1023 salute3
964 940 1083 1007 sed
1127 963 1501 1028 perpaucos
1548 941 1954 1007 Judaeorum
1985 940 2349 1027 Evangelio
2395 943 2726 1027 paruisse:

232 1063 465 1137 gentes
496 1062 717 1118 autem
748 1076 921 1141 pene
952 1053 1479 1137 innumerabiles,
1511 1056 1588 1119 iis
1618 1055 1776 1142 ipsis
1805 1052 2201 1135 videntibus,
2233 1052 2472 1118 Christi
2512 1063 2733 1118 castra

234 1176 499 1231 secutos
518 1168 563 1230 ³.
626 1166 947 1233 Futurum
992 1168 1250 1233 interim
1293 1167 1632 1255 praedicit,
1678 1176 1751 1232 ut
1783 1166 1870 1232 ad
1904 1176 2272 1232 extremum
2317 1177 2384 1231 et
2412 1168 2555 1253 ipsi,
2601 1166 2731 1232 fide

234 1276 555 1344 Gentium
600 1282 959 1365 provocati,
1005 1280 1090 1345 D.
1142 1280 1222 1345 N.
1270 1280 1331 1346 J.
1382 1279 1712 1345 Christum
1757 1279 2108 1367 aliquando
2163 1282 2485 1366 recipiant
2503 1284 2547 1344 ⁴.
2621 1277 2732 1343 Ad

234 1413 495 1457 morum
540 1394 1035 1457 instructionem
1098 1391 1337 1457 deinde
1385 1395 1616 1457 transit
1676 1392 1739 1459 d.
1781 1393 2023 1458 Paulus
2043 1397 2086 1476 ⁵,
2136 1415 2266 1479 qua
2311 1394 2377 1457 in
2422 1394 2729 1457 universa

231 1504 407 1567 vitae
457 1502 845 1568 christianae
876 1506 1121 1591 pietate
1159 1506 1418 1570 instruit
1444 1505 1796 1571 Romanos.
1859 1506 2180 1570 Hortatur
2227 1528 2338 1570 eos
2385 1503 2470 1569 ad
2517 1503 2734 1568 officia

232 1615 511 1681 moralia
554 1616 704 1682 Deo
753 1626 819 1682 et
861 1619 1165 1703 proximo
1214 1617 1467 1703 debita3
1514 1619 1800 1684 inculcat
1845 1621 2182 1683 caritatem
2228 1619 2498 1705 eiusque
2548 1639 2732 1681 exer-

234 1728 461 1792 citium
522 1730 591 1793 in
650 1752 875 1795 amore
939 1740 1006 1795 et
1048 1729 1296 1797 honore
1354 1732 1627 1797 fratrum
1646 1782 1664 1816 ,
1725 1731 2038 1798 concordi
2097 1733 2440 1814 societate,
2487 1752 2606 1816 spe
2669 1738 2735 1793 et

236 1838 677 1927 hospitalitate
699 1844 741 1905 ⁶.
818 1842 1121 1926 Instituit,
1182 1844 1512 1931 quomodo
1560 1868 1629 1909 se
1685 1854 1993 1932 respectu
2051 1846 2460 1932 superiorum
2519 1842 2734 1908 bonus

240 2167 423 2217 siones
462 2166 717 2215 divinitus
752 2166 951 2229 factas,
1000 2182 1135 2233 quas
1184 2172 1595 2233 assequerentur
1632 2183 1838 2232 omnes,
1885 2169 2191 2234 quicunque
2227 2168 2520 2219 secundum
2556 2168 2732 2218 Isaaci

236 2258 423 2317 typum
460 2252 673 2303 natales
711 2268 837 2303 suas
870 2269 981 2304 non
1019 2256 1169 2303 carni
1208 2259 1263 2305 et
1299 2255 1652 2320 sanguinibus
1689 2255 1962 2317 deberent,
2000 2255 2096 2305 sed
2133 2270 2198 2305 ex
2233 2255 2352 2305 Deo
2391 2260 2585 2307 essent.

453 2338 490 2405 ¹)
526 2338 591 2389 Id
628 2340 775 2405 quod
810 2341 859 2403 9,
900 2344 981 2390 16.
1028 2344 1139 2390 tum
1176 2341 1246 2391 ab
1292 2341 1449 2391 effato
1485 2340 1690 2407 Moysis
1735 2342 1908 2392 Exod.
1945 2344 2030 2404 33,
2070 2343 2170 2405 19„
2215 2346 2328 2391 tum
2372 2342 2443 2392 ab
2491 2341 2732 2407 exemplo

238 2424 477 2475 indurati
512 2425 813 2475 Pharaonis
848 2426 920 2476 ib.
946 2428 997 2489 9,
1025 2428 1107 2477 16.
1146 2428 1473 2493 comprobat.
1524 2426 1676 2478 Sicut
1697 2427 1860 2494 figulo
1885 2430 1943 2479 in
1969 2442 2067 2479 vas
2091 2444 2246 2479 suum
2283 2428 2446 2495 plena
2481 2430 2736 2495 competit

238 2517 495 2577 potestas,
534 2514 613 2563 ita
648 2513 766 2563 Deo
804 2514 861 2563 in
898 2514 1211 2579 elargienda
1243 2529 1344 2565 sua
1378 2516 1539 2565 bona.
1598 2515 1744 2565 Nihil
1780 2520 2064 2581 suppetere
2099 2514 2340 2577 Judaeis,
2387 2532 2494 2581 quo
2533 2515 2599 2566 de
2635 2530 2737 2566 sua

238 2600 529 2650 reiectione
566 2606 980 2666 conquerantur,
1020 2617 1140 2651 cum
1164 2602 1369 2653 tamdiu
1395 2601 1629 2653 divinam
1661 2604 1974 2668 patientiam
2011 2603 2214 2668 experti
2251 2602 2464 2667 fuerint,
2501 2617 2731 2669 eamque

238 2688 636 2737 contemserint.
708 2687 878 2738 Filios
932 2689 1297 2753 promissionis
1353 2704 1471 2740 esse
1522 2705 1632 2740 non
1685 2689 1844 2740 modo
1893 2689 2156 2751 Judaeos,
2213 2705 2398 2739 verum
2453 2690 2612 2739 etiam
2667 2705 2734 2739 ex

240 2770 505 2824 Gentibus
550 2773 805 2839 plurimos
842 2776 995 2825 iuxta
1028 2776 1285 2827 vaticinia
1329 2775 1740 2842 prophetarum:
1797 2775 1989 2827 Oseae.
2026 2779 2077 2839 2,
2113 2778 2196 2827 25.
2247 2776 2371 2826 Isai.
2409 2779 2490 2839 10,
2527 2778 2610 2827 22.
2651 2778 2733 2827 23.

239 2859 481 2911 Judaeos
518 2860 731 2911 funesto
767 2860 863 2911 illo
900 2876 1029 2912 casu
1067 2862 1457 2928 reprobationis
1496 2877 1686 2928 sapere
1725 2863 1896 2914 docet.
1959 2864 2033 2914 Ut
2067 2862 2204 2913 adeo
2252 2878 2440 2913 verum
2476 2868 2736 2931 appareat
2841 2894 2850 2903 -

240 2946 385 3013 quod
410 2949 667 3013 scriptum
694 2953 777 2999 est
798 2948 976 2999 Isaiae
1002 2951 1047 3013 1,
1074 2951 1123 2999 9.
1160 2951 1209 3011 8,
1240 2950 1321 3000 14.
1361 2948 1714 3000 offenderunt
1737 2952 1874 3000 enim
1901 2950 1958 3000 in
1984 2949 2270 3013 Christum,
2297 2966 2454 3015 quem
2479 2951 2735 3017 amplecti

240 3033 545 3096 noluerunt,
584 3040 640 3085 et
674 3036 744 3086 ad
779 3036 929 3086 illum
964 3036 1133 3087 veluti
1172 3036 1242 3085 ad
1278 3036 1513 3103 lapidem
1548 3036 1692 3088 allisi
1728 3038 1939 3088 contriti
1975 3042 2116 3088 sunt.
2176 3038 2352 3088 Huius
2389 3053 2507 3105 cap.
2547 3053 2734 3089 comm.

242 3120 461 3170 exhibet
496 3120 581 3171 el.
608 3120 871 3173 Schrader
896 3122 949 3172 S:
976 3123 1047 3183 J„
1084 3121 1149 3172 de
1175 3122 1675 3174 Praedestinatione
1713 3122 2007 3174 Comment.
2041 3124 2114 3173 11.
2139 3124 2298 3175 Vind.
2327 3125 2477 3175 1864.
2505 3142 2556 3189 p.
2583 3126 2666 3174 23.
2692 3141 2734 3175 s.

242 3206 283 3271 ²)
322 3206 381 3257 C.
423 3210 507 3257 10.
582 3208 625 3273 ³)
661 3210 1015 3275 Praepostere
1050 3208 1291 3260 Judaeos
1337 3224 1497 3275 agere
1542 3226 1663 3261 cum
1706 3210 1954 3275 neglecta
1987 3212 2193 3261 iustitia
2229 3209 2368 3273 fidei,
2405 3225 2558 3261 suam
2596 3224 2734 3276 quae

242 3296 417 3357 posita
454 3299 539 3345 est
571 3296 629 3345 in
666 3296 1041 3347 observatione
1084 3296 1248 3362 Legis
1291 3296 1462 3347 velint
1506 3302 1761 3348 statuere.
1823 3297 1928 3347 Ubi
1973 3313 2102 3347 vero
2148 3297 2218 3347 ad
2252 3311 2436 3346 veram
2476 3297 2736 3347 iustitiam

242 3396 381 3445 quae
438 3382 606 3432 oritm·
653 3398 721 3432 ex
768 3382 873 3433 fide
922 3381 1119 3433 Christi
1172 3382 1434 3434 beneficio
1490 3386 1698 3435 cunctis
1749 3400 1860 3435 non
1914 3382 2086 3435 solum
2121 3383 2158 3432 J
2165 3383 2368 3444 udaeis,
2425 3382 2520 3433 sed
2575 3384 2734 3433 etiam

240 3468 489 3531 gentibus
526 3474 713 3533 pateat
753 3469 949 3521 aditus.
1008 3469 1165 3521 Unde
1211 3470 1455 3521 omnibus
1492 3470 1848 3537 Evangelium
1897 3484 2014 3521 esse
2061 3468 2518 3536 promulgandum.
2580 3468 2736 3531 Quod

240 3554 399 3603 insert
446 3570 513 3605 ex
548 3554 677 3605 Isai.
716 3557 809 3617 52,
850 3558 896 3605 7.
946 3557 1039 3619 63,
1080 3559 1128 3607 1.
1190 3555 1407 3606 Scilicet
1450 3573 1546 3622 per
1582 3557 1748 3608 Verbi
1795 3556 1960 3607 divini
2009 3556 2461 3623 praedicationem
2508 3558 2734 3607 existere

242 3639 423 3704 fldem,
472 3641 927 3707 praedicationem
972 3647 1147 3692 autem
1186 3643 1392 3693 institui
1428 3659 1492 3693 ex
1531 3644 1712 3693 divino
1751 3643 2020 3693 mandato.
2083 3642 2188 3693 Sed
2229 3643 2478 3709 gentibus
2517 3643 2734 3694 creden·

242 3728 385 3777 tibus
409 3727 631 3789 Judaei,
668 3729 857 3793 Moyse
888 3734 1051 3795 atque
1088 3728 1234 3780 Isaia
1267 3728 1322 3779 id
1358 3729 1702 3795 praedicente
1735 3731 1896 3779 Deut.
1921 3732 2005 3792 32,
2032 3730 2114 3779 21.
2163 3730 2288 3779 Issi.
2315 3730 2399 3791 63,
2429 3730 2570 3792 1.’2.,
2610 3745 2734 3779 con-

240 3814 565 3865 tradicentes
604 3813 817 3865 Christo
854 3815 1071 3865 credere
1106 3815 1410 3866 noluerunt.
1459 3816 1611 3877 Quae
1645 3816 1711 3866 de
1747 3815 2075 3865 Judaeorum
2113 3816 2489 3881 reprobatione
2527 3816 2734 3865 dixerat

243 3898 301 3949 C.
334 3903 419 3951 11.
456 3902 632 3951 fusius
671 3901 917 3967 explicat.
980 3901 1184 3951 Definit
1220 3903 1334 3953 eius
1372 3902 1567 3953 limites
1603 3908 1713 3952 tam
1757 3904 1964 3952 ratione
2000 3902 2278 3968 temporis,
2331 3917 2490 3968 quam
2529 3904 2734 3952 ratione

242 4002 606 4051 personarum.
668 3988 711 4052 ⁴)
748 3988 825 4038 Ut
848 3988 975 4037 olim
1000 3988 1139 4039 sacri
1165 3993 1315 4038 vates
1354 3990 1739 4039 annuntiarant
1773 3988 1897 4039 Isai.
1923 3990 2007 4049 29,
2037 3990 2118 4038 10.
2167 3989 2255 4038 Ps.
2282 3990 2364 4050 69,
2393 3990 2475 4037 22.
2523 3986 2733 4039 Idcirco

240 4078 441 4137 gentes,
480 4088 625 4139 quae
658 4078 916 4139 tanquam
953 4074 1171 4124 oleastri
1206 4076 1261 4123 in
1300 4076 1535 4125 nativam
1572 4074 1769 4125 olivam
1794 4102 1860 4111 —
1885 4075 1948 4123 L.
1987 4074 2055 4124 ad
2079 4073 2130 4125 h.
2157 4074 2192 4123 l.
2217 4074 2289 4123 M.
2316 4074 2506 4137 Emer,
2541 4074 2732 4126 Hiero-

240 4159 513 4225 phyticon.
562 4160 709 4210 Trai.
754 4162 907 4211 1725.
952 4177 1006 4227 p.
1045 4162 1129 4211 58.
1166 4176 1208 4211 s.
1256 4178 1308 4227 p.
1349 4162 1465 4212 183.
1505 4178 1546 4213 s.
1602 4160 1884 4223 Matthias,
1933 4159 1984 4211 d.
2024 4160 2286 4212 Oelbaum
2324 4159 2418 4210 des
2453 4162 2732 4211 Romerbr.

240 4247 297 4296 in
337 4262 464 4297 ann.
514 4246 593 4296 St.
629 4262 681 4296 u.
727 4248 819 4297 Kr.
871 4248 1021 4297 1866.
1072 4264 1124 4312 p.
1172 4249 1290 4309 519,
1328 4264 1371 4299 s.
1416 4276 1481 4285 —
1524 4248 1759 4299 insertae
1807 4254 1936 4298 sunt
1969 4247 2306 4308 adhortatur,
2358 4263 2426 4297 ne
2474 4247 2734 4298 adversus

238 4332 479 4384 «Iudaeos
542 4333 864 4398 glorientur3
928 4334 1058 4400 quia
1112 4334 1166 4383 in
1224 4333 1331 4384 fine
1374 4335 1558 4385 mundi
1574 4371 1587 4396 ,
1643 4350 1764 4385 cum
1817 4334 2096 4400 plenitudo
2150 4335 2386 4400 gentium
2438 4334 2735 4397 intraverit,

240 4423 409 4471 omnis
461 4420 637 4471 Israel
692 4420 874 4473 salvus
926 4420 1033 4471 fiet.
1108 4420 1401 4473 Consilium
1451 4422 1553 4472 hoc
1602 4424 1909 4473 universum
1959 4422 2026 4473 de
2074 4423 2358 4473 vocatione
2403 4422 2736 4475 Judaeorum

240 4513 297 4555 et
337 4506 588 4559 Gentium
643 4506 995 4559 admiratione
1048 4507 1415 4574 dignissimum
1468 4523 1605 4572 esse,
1645 4514 1698 4559 et
1744 4509 1924 4559 facere
1973 4508 2042 4559 ad
2090 4508 2462 4561 illustrandam
2511 4510 2734 4576 gloriam

238 4596 538 4659 sapientiae
574 4595 698 4645 Dei.
746 4593 1204 4656 Quemadmodum
1240 4610 1275 4645 a
1296 4596 1415 4645 Deo
1440 4595 1659 4661 incepit,
1683 4597 1763 4647 sic
1787 4596 1858 4647 ad
1881 4597 2057 4647 Deum
2081 4596 2222 4647 redit
2245 4598 2433 4648 oratio.
2495 4598 2538 4663 ⁶)
2571 4598 2735 4649 Parte
