3267 5259
541 383 624 447 14
1301 394 1419 437 Hist.
1451 404 1541 436 rev.
1569 394 1660 436 div.
1689 393 1859 435 Period.
1888 392 1923 435 L
1944 404 2037 445 cap.
2068 392 2264 445 primum.

537 570 808 657 praevia
844 571 910 633 in
955 566 1340 634 Bethlehem
1391 567 1595 652 duxit,
1626 566 1977 653 locumque
2026 568 2139 649 eis,
2185 565 2299 631 ubi
2344 588 2511 653 puer
2558 576 2718 649 erat,
2752 567 3037 630 statione

539 704 658 748 sua
698 681 1102 767 significavit.
1149 680 1328 767 Magi
1367 682 1644 766 ingressi
1693 680 1957 747 domum
1990 718 2075 729 --·
2108 702 2303 766 quam
2332 678 2545 743 Maria
2584 678 3041 743 diffluentibus

540 794 812 859 advenis
838 794 1348 860 commodiorem
1385 794 1738 859 mansionis
1768 792 1985 858 locum
2018 792 2214 879 elegit
2236 832 2322 841 -
2344 794 2739 857 invenerunt
2758 814 3042 877 puerum

541 930 692 972 cum
706 907 916 972 Maria
939 909 1076 972 eius
1095 918 1321 991 matre,
1340 907 1380 972 J
1387 928 1701 992 esumque
1724 929 1859 971 non
1883 905 2091 972 solum
2116 905 2533 991 procidentes
2558 903 3042 986 adoraverunt3

541 1018 656 1083 sed
723 1020 910 1105 larga
975 1020 1172 1084 etiam
1218 1018 1392 1084 dona
1445 1021 1507 1084 ei
1565 1042 1651 1083 ex
1706 1018 2025 1083 thesauris
2070 1019 2202 1083 suis
2249 1016 2593 1104 depromta
2640 1016 3041 1099 obtulerunt,

543 1155 771 1197 aurum
797 1136 836 1215 ¹,
891 1130 1085 1197 thus²
1142 1141 1208 1197 et
1250 1131 1579 1219 myrrham
1599 1136 1643 1195 ³.
1700 1132 1903 1213 ,Auro
1946 1130 2341 1195 honorantes
2381 1152 2735 1217 personam
2766 1131 3041 1215 regiam,

543 1244 808 1330 myrrha
855 1243 1237 1327 humanam,
1291 1245 1480 1309 thure
1538 1244 1909 1309 divinam‘4.
2002 1242 2319 1330 Sequenti
2376 1254 2571 1309 nocte
2620 1243 2705 1308 de
2752 1244 3039 1329 pessimo

545 1356 833 1421 Herodis
878 1357 1198 1422 infantem
1235 1356 1324 1421 ad
1362 1379 1594 1422 necem
1626 1358 1999 1442 quaerentis
2034 1356 2299 1421 consilio
2348 1356 2653 1422 divinitus
2701 1356 3041 1438 admoniti,

541 1491 662 1555 per
707 1468 899 1533 aliam
944 1472 1118 1534 viam
1163 1472 1231 1535 in
1274 1472 1550 1556 patriam
1597 1493 1784 1534 suam
1825 1470 2102 1535 rediere.
2124 1473 2151 1511 ⁵

543 1734 603 1811 ξ.
649 1734 712 1799 4.
788 1730 1020 1816 Fuga
1062 1732 1145 1796 in
1188 1732 1669 1817 Aegyptum
1725 1741 1804 1795 et
1846 1730 2195 1796 reditus.
2272 1730 2523 1796 Jesus
2567 1732 2651 1795 in
2696 1730 3039 1817 temp10.

754 1930 890 1996 Sub
935 1930 1101 1996 haec
1145 1931 1494 1998 Herodes⁶
1539 1954 1687 1996 cum
1745 1931 1829 1996 de
1880 1932 1978 2014 iis,
2027 1953 2195 2017 quae
2254 1932 2324 1995 in
2374 1932 2768 2016 purgatione
2824 1930 2901 1995 Β.
2950 1931 3039 1995 Μ.

543 2044 828 2130 Virginis
873 2045 941 2107 in
985 2043 1229 2130 templo
1280 2047 1693 2130 contigerunt
1737 2045 1915 2109 fama
1957 2043 2459 2130 percrebuisset,
2508 2053 2573 2107 et
2609 2044 3043 2108 intellexisset

547 2156 853 2242 quoniam
887 2155 1111 2221 illusus
1151 2166 1325 2221 esset
1355 2180 1394 2221 a
1421 2158 1635 2243 Magis
1658 2160 1698 2239 ⁷,
1734 2158 1839 2243 qui
1874 2159 2061 2221 iussis
2098 2156 2265 2221 illius
2305 2155 2619 2242 neglectis
2652 2155 2740 2219 ad
2771 2158 3041 2243 propria

544 2278 950 2350 remearunt,
1011 2271 1239 2332 timore
1299 2268 1486 2333 simul
1545 2278 1612 2333 et
1672 2269 1892 2334 furore
1944 2278 2283 2355 correptus
2347 2270 2697 2333 immanem
2762 2270 3039 2334 caedem

761 2479 796 2547 ¹)
825 2479 980 2541 Quod
1009 2481 1063 2529 in
1091 2480 1326 2545 vectigal
1353 2481 1551 2547 ubique
1583 2481 1801 2545 regibus
1824 2480 2091 2546 penditur.
2139 2479 2178 2546 2)
2206 2480 2360 2541 Quod
2385 2481 2503 2529 Deo
2530 2480 2791 2531 adoletur.
2842 2480 2885 2547 ³)
2920 2480 3043 2541 Qua

547 2569 603 2618 in
649 2566 869 2616 Oriente
913 2572 1239 2617 mortuorum
1276 2554 1505 2633 corpora
1548 2567 1885 2618 condiuntur.
1947 2564 1989 2633 ⁴)
2028 2566 2082 2616 S.
2112 2567 2242 2630 Leo,
2280 2568 2337 2616 in
2371 2567 2639 2632 Epiphan.
2684 2566 2905 2617 solemn.
2944 2567 3041 2615 111.

550 2653 634 2704 ed.
671 2670 717 2703 c.
749 2670 801 2719 p.
833 2654 914 2703 14.
975 2654 1152 2703 Huius
1187 2655 1425 2719 mysterii
1462 2669 1645 2705 omnes
1682 2660 1890 2705 veteres
1929 2653 1981 2703 S.
2008 2653 2061 2703 S.
2086 2654 2275 2704 Patres
2313 2658 2366 2703 et
2402 2655 2686 2721 scriptores
2722 2656 3042 2719 interpretes

547 2739 823 2790 habemus.
881 2740 949 2789 E.
983 2755 1028 2789 c.
1063 2754 1106 2789 s.
1149 2740 1445 2803 Justinum,
1485 2741 1609 2791 dial.
1659 2742 1879 2792 76-78,
1910 2726 1964 2806 p.
1999 2742 2117 2791 261.
2164 2756 2205 2790 s.
2248 2740 2552 2803 Irenaeum,
2597 2741 2718 2791 adv.
2756 2740 2904 2791 haer.
2939 2740 3041 2789 111.

550 2828 598 2890 9,
626 2829 674 2876 2.
699 2843 752 2892 p.
778 2829 897 2877 453.
924 2826 1211 2892 Originem,
1239 2833 1426 2877 contra
1451 2827 1588 2877 Cels.
1613 2827 1657 2890 1,
1684 2830 1766 2877 60.
1794 2827 2013 2877 ed.Lom
2037 2844 2105 2877 m.
2131 2827 2326 2890 XVIII,
2356 2830 2471 2878 109.
2512 2827 2562 2878 d.
2586 2827 2939 2889 Ambrosium,
2976 2828 3041 2877 de

552 2912 657 2963 fide
693 2912 737 2962 1.
762 2916 810 2975 4,
837 2916 920 2963 31.
948 2912 1030 2962 ed.
1063 2913 1196 2963 Ben.
1240 2913 1307 2977 11,
1339 2916 1441 2964 449
1476 2928 1518 2964 s.
1563 2913 1939 2979 Ephraemum‚
1976 2914 2126 2964 Cant.
2163 2914 2229 2964 de
2260 2914 2435 2964 Maria
2470 2920 2525 2964 et
2558 2915 2733 2980 Magis
2772 2914 2856 2965 ed.
2890 2916 3041 2964 Rom.

551 2998 640 3049 Gr.
669 2998 766 3062 111,
793 3001 910 3049 603.
936 3014 978 3047 s.
1015 3000 1072 3048 in
1109 2999 1354 3049 Natalem
1379 3015 1532 3050 serm.
1567 3000 1660 3050 IV.
1689 2999 1805 3066 Syr.
1833 3000 1915 3051 ed.
1950 3001 2100 3050 Rom.
2138 3000 2207 3063 H,
2244 3002 2363 3050 416.
2391 3017 2433 3050 s.
2470 3000 2849 3067 Epiphanium,
2894 3000 3040 3050 haer.

549 3084 718 3135 XXX.
746 3088 792 3148 1,
822 3087 936 3135 154.
963 3102 1005 3135 s.
1046 3085 1356 3151 Gregorium
1379 3087 1552 3151 Nyss„
1584 3088 1643 3135 in
1673 3086 1813 3137 diem
1845 3086 2039 3137 Christi
2078 3092 2187 3137 nat.
2212 3103 2264 3152 p.
2293 3089 2408 3137 Ι782.
2436 3104 2476 3137 s.
2505 3085 2961 3153 Chqsostomum,
2988 3090 3043 3137 in

550 3171 739 3221 Matth.
763 3172 902 3221 hom.
927 3172 1073 3235 VIII,
1103 3176 1150 3222 1.
1186 3171 1268 3222 ed.
1305 3173 1436 3222 Ben.
1461 3173 1579 3236 VII,
1617 3175 1734 3224 119.
1768 3188 1810 3223 s.
1859 3174 2109 3239 Denique
2144 3188 2185 3223 s.
2211 3174 2581 3239 Augustinum,
2618 3172 2785 3223 Serm.
2822 3176 2941 3225 202.
2977 3174 3044 3223 de

552 3257 729 3323 epiph.
753 3258 843 3321 IV,
871 3261 918 3308 2.
946 3258 1028 3308 ed.
1076 3259 1208 3308 Ben.
1233 3258 1296 3321 V,
1323 3260 1442 3309 915.
1468 3275 1510 3309 s.
1573 3258 1612 3325 ⁶)
1650 3259 1839 3310 Matth.
1866 3262 1914 3323 2,
1944 3263 2129 3311 1-12.
2190 3260 2230 3327 ⁶)
2267 3261 2351 3310 De
2388 3276 2492 3325 quo
2530 3277 2581 3310 ν.
2609 3261 2749 3311 Hist.
2782 3262 2844 3311 R.
2870 3262 2937 3310 D.
2974 3262 3040 3309 V.

555 3345 616 3394 Τ.
651 3362 703 3410 p.
738 3346 855 3395 580.
891 3359 932 3394 s.
980 3344 1191 3411 Proleg.
1224 3345 1361 3395 Hist.
1391 3346 1455 3395 R.
1480 3347 1548 3396 D.
1574 3347 1639 3396 N.
1666 3346 1727 3396 Τ.
1778 3344 1817 3413 7)
1853 3348 2131 3412 Magorum
2168 3347 2455 3397 adventum
2492 3353 2547 3397 et
2578 3346 2761 3413 fugam
2798 3350 2949 3414 pueri
2988 3351 3045 3397 in

551 3432 856 3497 Aegyptum
898 3446 1007 3481 non
1031 3430 1157 3481 licet
1187 3432 1352 3483 multo
1387 3434 1640 3499 temporis
1684 3433 1967 3483 intervallo
2000 3450 2035 3484 a
2064 3436 2383 3499 purgatione
2417 3434 2478 3484 B.
2513 3436 2585 3484 M.
2619 3436 2685 3485 V.
2720 3434 3043 3501 disiungere.

552 3518 742 3583 Magos
776 3523 900 3569 ante
936 3516 1132 3569 Christi
1161 3518 1218 3567 in
1251 3518 1448 3585 templo
1483 3522 1969 3584 praesentationem
2003 3520 2295 3570 advenisse·
2318 3520 2505 3571 Matth.
2542 3522 2589 3585 2,
2628 3524 2673 3572 1.
2710 3522 2859 3573 nullo
2886 3522 3043 3573 modo

555 3604 862 3655 affirmatur.
921 3604 1065 3665 Quin
1097 3603 1199 3655 hoc
1233 3612 1404 3656 sumto
1430 3611 1554 3673 post
1585 3606 1825 3672 elapsum
1863 3607 2218 3673 quadraginta
2252 3608 2457 3659 dierum
2490 3610 2737 3675 spatium,
2780 3610 2950 3659 filium
2988 3611 3045 3659 in

553 3690 749 3756 templo
775 3696 1119 3757 praesentare
1152 3708 1260 3743 non
1293 3694 1595 3759 potuissent
1625 3698 1892 3759 parentes.
1941 3694 2183 3745 Herodes
2215 3710 2344 3745 vero
2378 3695 2615 3761 Josepho
2650 3710 2717 3745 ac
2746 3698 2927 3747 Maria
2957 3698 3046 3745 vix

550 3778 852 3843 Aegyptum
889 3780 1166 3842 assecutis,
1202 3795 1327 3845 ergo
1361 3779 1524 3846 paulo
1557 3786 1681 3846 post
1714 3781 1994 3846 Magorum
2028 3781 2315 3831 adventum
2348 3796 2651 3847 supremum
2680 3782 2824 3833 diem
2850 3784 3045 3835 obiisse

551 3864 821 3930 putandus
845 3865 997 3927 foret,
1036 3865 1180 3931 quod
1203 3870 1382 3916 tamen
1406 3866 1639 3918 historiis
1665 3872 1942 3933 repugnat.
1980 3866 2085 3917 Sed
2117 3867 2249 3917 illud
2275 3874 2488 3918 nostrae
2524 3870 2825 3919 sententiae
2850 3872 3045 3920 incom-

553 3951 767 4001 modum
801 3950 1017 4014 accidit,
1044 3952 1188 4017 qnod
1213 3967 1278 4002 ea
1299 3954 1477 4017 posita
1509 3952 1735 4015 dierum,
1764 3953 1956 4019 quibus
1992 3954 2406 4020 Epiphaniae
2440 3960 2493 4005 et
2524 3956 3045 4007 Purificationis

555 4038 799 4087 solennia
827 4039 885 4086 in
913 4038 1163 4088 Ecclesia
1196 4044 1452 4104 aguntur,
1480 4040 1614 4089 ratio
1647 4040 1960 4090 invertatur.
2011 4041 2207 4092 Verum
2241 4042 2375 4091 scite
2407 4042 2640 4093 advertit
2670 4044 2955 4108 Pauidus,
2982 4045 3047 4093 tle

556 4124 800 4189 evangel.
823 4123 920 4188 111,
948 4126 1031 4174 21.
1056 4141 1108 4191 p.
1135 4126 1252 4175 287.
1278 4124 1403 4175 huic
1427 4131 1740 4191 argumento
1767 4142 1875 4177 non
1900 4142 2017 4177 eam
2052 4129 2157 4177 vim
2191 4129 2382 4192 inesse,
2420 4142 2529 4193 qua
2562 4132 2835 4180 sententia
2867 4137 3047 4181 nostra

555 4209 853 4272 refellatur,
881 4226 1000 4259 eum
1035 4210 1142 4261 alia
1175 4227 1386 4277 quoque
1412 4212 1791 4263 anniversariis
1816 4214 2127 4265 solennibus
2152 4214 2425 4267 celebrare
2456 4230 2571 4266 mos
2596 4218 2689 4280 sit,
2718 4233 2831 4268 non
2857 4234 2920 4269 eo
2947 4218 3045 4281 die,

555 4312 661 4361 quo
697 4296 842 4347 facta
873 4298 1089 4347 fuerunt
1122 4298 1218 4348 sed
1252 4298 1375 4349 alio.
1425 4298 1591 4349 Cuius
1623 4301 1702 4349 rei
1734 4301 1943 4365 insigne
1976 4302 2247 4366 specimen
2280 4307 2362 4352 est
2391 4304 2507 4368 ipse
2533 4303 2625 4352 VI.
2649 4303 2918 4369 Januarii,
2944 4320 3044 4371 quo

557 4383 642 4432 die
693 4388 803 4433 tum
851 4383 1046 4433 Christi
1094 4384 1476 4451 Epiphaniam,
1519 4391 1633 4436 tum
1682 4387 1971 4453 baptisma,
2014 4394 2125 4439 tum
2168 4389 2481 4439 miraculum
2524 4388 2707 4441 Canae
2750 4392 2807 4441 in
2850 4394 3045 4459 nuptiis

556 4474 824 4536 patratum
851 4469 1086 4533 colimus,
1123 4472 1316 4537 quibus
1341 4474 1683 4525 manifestata
1712 4474 1881 4540 ipsius
1914 4474 2014 4526 fuit
2049 4476 2318 4527 divinitas.
2365 4476 2430 4527 V.
2462 4476 2601 4527 Acta
2632 4476 2879 4529 Sanctor.
2914 4478 3043 4529 Bou.

555 4554 780 4605 Januar.
805 4556 939 4607 Ven.
968 4559 1118 4607 1734.
1156 4559 1197 4621 Ι,
1224 4561 1343 4608 323.
