3267 5259
650 391 779 457 286
1403 405 1467 445 ne
1494 404 1692 447 fontibus
1721 406 1886 447 uiator.
1917 406 1969 447 D.
2001 406 2054 447 u.
2078 406 2122 448 J.
2153 406 2197 447 c.
2227 418 2377 447 θοι-ιι..

652 563 932 641 Apostolo
962 566 1122 622 vixit
1150 568 1654 635 coniunctissime3
1701 568 1798 623 sed
1833 574 1892 625 et
1922 588 2055 626 cum
2086 570 2330 647 reliquis
2371 570 2685 644 Apostolis,
2737 571 2916 627 Maria
2939 570 3088 625 Matre

647 670 683 727 J
687 690 819 741 esu,
876 672 1136 743 cognatis
1188 670 1427 727 Domini
1472 671 1728 728 studiose
1769 678 2031 731 versatus
2080 678 2168 729 est
2195 670 2235 729 ¹.
2307 674 2415 731 ·Ab
2467 674 2579 745 his,
2637 675 2811 732 iuxta
2859 683 2910 731 et
2957 694 3088 749 penes

648 796 693 831 s.
726 774 995 843 Paulum,
1031 774 1355 831 doctrinam
1385 776 1585 831 hausit
1617 776 2066 850 Evangelicam;
2117 778 2466 835 testantibus
2498 778 2558 834 id
2591 784 2824 853 praeter
2865 780 3088 851 semetip-

646 898 779 935 sum
837 878 1162 934 Veteribus.
1239 876 1435 940 Quare
1491 898 1605 936 non
1659 882 1953 937 immerito
2006 880 2222 938 Pauli
2283 881 2734 957 discipulus,
2797 888 3086 943 sectator.

650 982 986 1038 imitator
1025 981 1221 1049 audit;
1258 983 1403 1057 quin
1446 985 1624 1039 etiam
1664 985 1783 1040 vir
1823 983 2322 1059 Apostolicus,
2365 990 2538 1061 atque
2571 1006 2678 1041 usu
2718 987 2873 1042 vocis
2897 984 3088 1049 laxiori,

649 1090 706 1142 et
748 1084 1143 1159 Apostolus
1185 1084 1572 1159 adpellatur2.

1000 1326 1058 1403 ξ.
1106 1326 1210 1389 53.
1284 1321 1349 1385 S.
1384 1322 1648 1387 Lucae
1694 1323 2210 1408 Evangelium
2259 1324 2796 1389 adumbratur.

854 1510 985 1576 Ubi
1054 1512 1241 1575 divus
1308 1512 1529 1577 Lucas
1598 1536 1731 1577 una
1797 1536 1946 1577 cum
2015 1537 2065 1577 ε.
2121 1513 2328 1577 Paulo
2391 1513 2601 1577 felicis
2667 1513 2861 1579 Urbis
2919 1515 3092 1579 omine

648 1624 896 1689 Romae
944 1636 1189 1709 ageret,
1256 1624 1531 1689 duorum
1580 1628 1970 1711 scriptorum
2017 1648 2291 1710 quorum
2337 1626 2614 1691 texebat
2657 1626 2949 1691 historias
2988 1628 3092 1687 vin·

648 1736 795 1801 cula
852 1737 1152 1821 Apostoli
1216 1740 1399 1823 quasi
1466 1740 1740 1823 gemmis
1799 1736 2179 1801 illustrabat.
2271 1738 2376 1801 De
2439 1739 2675 1823 quibus
2723 1750 2796 1803 ut
2853 1760 3094 1803 seorsum

647 1872 918 1934 agamus
978 1851 1247 1914 instituti
1308 1852 1511 1915 nostri
1556 1852 1830 1936 requirit
1887 1852 2070 1915 ratio.
2147 1850 2235 1915 Et
2281 1851 2545 1936 quidem
2594 1850 2774 1937 quod
2819 1875 2868 1915 s.
2913 1850 3096 1913 Lucas

644 1964 710 2024 in
771 1961 951 2026 Urbe
1009 1962 1221 2026 Roma
1265 1963 1702 2047 Evangelium
1761 1965 2109 2049 scripserit,
2178 1963 2518 2048 probabile
2587 1964 2779 2027 nobis
2843 1964 3096 2027 videtur:

646 2073 819 2154 Quia
864 2097 921 2137 a.
974 2073 1285 2159 quamdiu
1330 2098 1378 2139 s.
1426 2074 1633 2139 Paulo
1695 2076 2098 2161 praedicanti
2157 2076 2416 2139 adiutor
2459 2077 2676 2158 fuerit,
2741 2080 2938 2140 otium
2992 2096 3098 2137 non

646 2198 785 2250 erat
829 2185 913 2250 ad
957 2186 1193 2251 librum
1240 2189 1401 2251 tanti
1446 2189 1778 2269 momenti,
1827 2197 1890 2251 et
1933 2190 2139 2252 iustae
2187 2186 2373 2251 molis
2406 2188 2832 2252 exarandum.
2862 2184 3098 2267 ‘Quodsi

644 2308 989 2383 praeterea
1061 2298 1125 2364 b.
1188 2300 1704 2382 consideremus,
1779 2301 2218 2364 narrationem
2292 2301 2580 2364 Actuum
2641 2299 3099 2385 Apostolorum,

645 2434 839 2498 quam
886 2412 1066 2476 velut
1111 2411 1545 2497 appendicem
1605 2411 1846 2475 adiecit
1898 2412 2176 2477 historiis
2227 2412 2310 2482 D.
2357 2412 2436 2475 N.
2481 2412 2544 2476 J.
2591 2411 2700 2494 O„
2755 2414 2820 2475 in
2864 2410 3098 2475 biennio

650 2547 779 2609 quo
828 2548 877 2589 s.
925 2524 1169 2589 Paulus
1227 2527 1435 2611 primo
1482 2524 1733 2589 Romae
1781 2525 1920 2609 fuit,
1967 2526 2226 2608 finiisse,
2285 2536 2636 2610 utrumque
2689 2548 2846 2589 vero
2899 2523 3100 2588 librum

644 2637 751 2699 uni
787 2636 1131 2723 eidemque
1163 2639 1597 2723 inscripsisse3
1646 2637 1838 2702 facile
1873 2638 2108 2703 auditis
2139 2638 2454 2703 Veterum
2485 2638 2868 2701 testimoniis
2901 2636 3102 2719 largie-

642 2771 787 2811 mur
832 2748 1219 2836 discipulum
1266 2752 1529 2813 minime
1577 2748 1848 2815 absente
1894 2749 2220 2835 longeque
2281 2751 2492 2835 posito
2555 2750 2866 2833 magistro
2913 2748 3098 2811 Evan-

852 2978 887 3043 ¹)
938 2979 1341 3040 „Narrationem
1398 2992 1577 3027 earum
1628 2994 1802 3027 rerum
1853 2993 2074 3043 quarum
2129 2979 2244 3043 ipse
2289 2978 2564 3027 veritatem
2615 2978 2808 3042 partim
2857 2992 2920 3025 ex
2969 2974 3102 3023 Pauli

640 3065 1007 3127 contubernio,
1046 3065 1235 3129 partim
1264 3082 1327 3113 ex
1353 3057 1676 3129 reliquorum
1707 3064 2082 3129 Apostolorum
2114 3065 2447 3114 sermonibus
2479 3063 2782 3113 hauserat.“
2837 3062 3105 3111 Eusebius.

640 3152 775 3201 Hist.
815 3151 963 3200 Ecel.
1000 3151 1107 3213 111,
1144 3154 1226 3201 24.
1264 3168 1314 3215 p.
1356 3152 1437 3200 96.
1498 3150 1648 3200 Idem
1693 3150 1857 3199 babet
1901 3166 1942 3199 s.
1979 3152 2364 3216 HieronymuS,
2413 3150 2478 3199 de
2525 3151 2623 3199 vir.
2663 3150 2737 3199 ill.
2776 3166 2820 3198 e.
2859 3150 2906 3197 7.
2943 3166 2992 3213 p.
3032 3149 3103 3194 45.

638 3238 680 3304 ²)
729 3238 810 3287 Cf.
848 3253 888 3287 s.
924 3239 1231 3299 Irenaeum,
1278 3236 1400 3286 adv.
1445 3237 1648 3286 haeres.
1692 3237 1804 3297 ΙΙΙ,
1853 3240 1898 3287 1.
1965 3238 2174 3299 „Lucas
2219 3242 2450 3287 sectator
2494 3236 2676 3297 Pauli,
2725 3236 2866 3301 quod
2913 3236 2978 3283 ab
3025 3233 3103 3281 illu

638 3324 1049 3389 praedicabatur
1099 3323 1450 3389 Evangelium
1496 3325 1551 3373 in
1598 3322 1733 3373 libro
1779 3324 2064 3373 condidit.“
2121 3341 2171 3389 p,
2217 3326 2335 3373 423.
2379 3329 2431 3373 et
2482 3325 2570 3384 14,
2619 3328 2664 3372 1.
2729 3323 2934 3383 „Luc-as
2981 3322 3102 3368 inse-

636 3412 892 3475 parabilis
930 3412 1029 3459 fuit
1053 3426 1087 3460 a
1110 3409 1327 3460 Pau10.“
1368 3428 1419 3476 p.
1446 3412 1563 3459 497.
1590 3410 1740 3459 Adde
1767 3410 1911 3475 apud
1935 3411 2226 3459 Eusebium
2251 3410 2353 3459 loe.
2381 3410 2518 3459 Hist.
2547 3408 2695 3457 Ecel.
2730 3408 2795 3469 V,
2833 3410 2881 3457 8.
2915 3425 2964 3471 p.
3001 3408 3102 3455 152.

638 3498 1053 3559 Tertullianum,
1102 3497 1221 3546 adv.
1259 3497 1424 3545 Mare.
1463 3497 1554 3560 IV,
1590 3499 1640 3546 2.
1678 3514 1728 3561 p.
1770 3498 1886 3547 148.
1951 3496 2162 3557 „Lucas
2208 3511 2312 3545 non
2359 3495 2675 3561 Apostolus,
2726 3494 2822 3543 sed
2869 3492 3102 3558 apostoli-

638 3599 757 3645 cus,
796 3584 1089 3649 discipulus
1123 3584 1431 3648 posterioris
1466 3582 1712 3648 Apostoli
1748 3583 1952 3632 Pauli.“
1993 3599 2034 3632 s.
2060 3582 2418 3643 Ambrosium,
2467 3598 2647 3647 expos.
2691 3582 2793 3630 Er.
2836 3596 2936 3629 sec.
2983 3579 3104 3626 Luc.

639 3674 683 3733 1,
730 3675 811 3721 11.
854 3688 903 3737 p.
956 3672 1103 3721 1270.
1149 3686 1191 3719 s.
1257 3670 1670 3735 Hieronymum,
1713 3668 1882 3735 praef.
1925 3684 2042 3735 sup.
2079 3669 2266 3717 Matth.
2308 3686 2359 3735 p.
2403 3670 2451 3717 3.
2516 3668 2727 3727 „Lucas
2775 3669 2864 3732 qui
2909 3672 2956 3714 et
3002 3666 3106 3729 ipse

637 3758 927 3824 discipulus
954 3758 1156 3808 Pauli.“
1208 3756 1559 3822 Sophronium
1587 3762 1642 3806 et
1665 3755 1992 3805 Dorotheum
2021 3756 2166 3819 apud
2189 3754 2665 3819 Theopbylactum,
2691 3754 2746 3802 in
2771 3754 2903 3802 Luc.
2921 3770 2970 3817 p.
2995 3752 3106 3800 292³.

637 3844 745 3895 Sed
791 3846 1021 3894 occurrit
1067 3844 1175 3893 alia
1220 3844 1461 3909 quaestio
1499 3849 1674 3892 utrum
1712 3843 1764 3890 11
1801 3842 1922 3891 Cor.
1957 3843 2014 3903 8,
2053 3842 2134 3891 18.
2173 3841 2238 3890 de
2275 3856 2317 3890 s.
2342 3842 2493 3891 Luca
2528 3840 2782 3906 loquatur
2816 3838 3110 3906 Apostolus.

634 3934 805 3994 Quem
864 3932 1041 3981 locum
1101 3930 1317 3995 quidam
1378 3930 1595 3979 Patr-um
1658 3928 1723 3977 de
1781 3929 1898 3994 ipso
1961 3929 2228 3978 volumine
2287 3927 2670 3992 Evangelistae
2729 3926 3107 3976 intellexerunt.

632 4021 851 4069 Rectius
888 4025 1066 4068 tamen
1104 4018 1195 4067 alii
1233 4033 1295 4067 eo
1334 4018 1389 4065 in
1427 4016 1545 4065 loco
1584 4032 1690 4065 non
1740 4016 1976 4065 librum
2025 4015 2120 4064 sed
2166 4016 2529 4065 doctrinam
2577 4020 2630 4062 et
2667 4013 3109 4078 praedicationem

632 4105 917 4171 Evangelii
954 4104 1273 4169 intelligunt.
1336 4104 1599 4165 Quoniam
1641 4108 1818 4153 autem
1857 4119 1897 4151 s.
1936 4103 2139 4152 Paulus
2175 4102 2354 4165 plures
2391 4116 2572 4151 secum
2619 4100 2809 4149 habuit
2843 4098 3106 4165 praedica-

632 4194 791 4243 tionis
818 4196 981 4243 testcs
1007 4207 1051 4241 e.
1078 4207 1127 4255 g.
1156 4190 1335 4253 Silam,
1372 4190 1678 4240 Barnabam
1717 4189 1976 4255 aliosque,
2015 4189 2231 4238 arbitrio
2256 4188 2546 4253 legentium
2573 4187 2903 4251 relinquitur,
2937 4190 3106 4231 utrum

631 4280 815 4329 horum
862 4278 1021 4341 alter,
1070 4292 1139 4326 an
1175 4293 1302 4325 vero
1339 4277 1519 4326 Lucas
1564 4277 1635 4327 sit
1670 4276 1742 4325 ibi
1782 4281 2240 4325 commemoratus.
2299 4276 2488 4325 Actum
2539 4275 2771 4338 denique
2821 4286 3108 4335 ageremzis.

631 4368 671 4415 si
700 4366 747 4415 h.
776 4366 809 4415 l.
842 4381 923 4415 res
948 4380 983 4415 a
1006 4382 1049 4415 s.
1070 4364 1221 4412 Luca
1246 4364 1300 4411 in
1326 4364 1577 4411 comitatu
1606 4363 1760 4412 Pauli
1785 4368 1966 4427 gestas
2005 4376 2402 4425 exponeremus,
2441 4361 2567 4425 quia
2603 4362 2734 4408 istas
2773 4361 2828 4408 in
2865 4356 3108 4406 Historiis

630 4450 872 4516 Apostoli
911 4450 1175 4500 narraturi
1212 4464 1421 4511 sumus3
1472 4448 1713 4513 Martyrii
1751 4450 2058 4497 memoriam
2095 4448 2284 4497 facturi
2323 4464 2440 4495 cum
2479 4446 2670 4495 librum
2707 4445 2928 4494 Aetuum
2963 4441 3108 4505 Apo-

630 4538 935 4587 stolicorum
976 4535 1396 4601 expenderimus.
