3267 5259
654 436 775 506 196
1396 446 1590 496 bodam
1617 446 1980 504 Discuisitionun
2007 446 2358 506 theologicarum.

647 633 698 705 Ι,
723 638 867 691 811.
884 654 931 691 s.
962 632 1037 691 D.
1054 633 1461 710 Papebrochii,
1484 634 1619 693 diss.
1645 634 1888 692 coniect.
1913 634 1984 691 de
2005 654 2052 692 s.
2073 634 2230 692 Juda
2249 637 2366 711 Ap.
2386 635 2460 693 ad
2489 640 2588 693 18.
2609 634 2796 693 Junii.
2831 634 2946 705 ΙΙΙ,
2971 638 3084 693 803.

646 737 807 796 Illud
853 739 1035 796 etiam
1087 738 1279 796 obiter
1325 742 1594 797 notamus
1646 738 1684 796 J
1685 738 1964 814 osephum
2007 744 2276 797 nostrum
2321 758 2625 815 perperam
2675 739 2946 797 confundi
2981 758 3084 797 cum

644 862 690 899 s.
722 842 969 919 Jmeph,
1018 843 1121 920 qui
1152 848 1213 901 et
1240 842 1523 901 Bersabss
1566 847 1627 899 et
1654 841 1691 898 J
1695 846 1858 899 ustus
1887 842 2107 900 dicitur
2134 845 2270 901 Act.
2309 849 2362 914 1,
2401 847 2537 913 23.;
2583 849 2656 901 ut
2681 844 2888 901 merito
2928 844 3086 900 docuit

644 946 853 1005 Petrus
881 946 1191 1017 Boeohjus,
1225 948 1299 1005 ad
1334 951 1433 1004 20.
1464 945 1633 1003 Julii.
1695 965 1755 1003 n.
1791 950 1849 1005 6.
1882 946 1953 1015 V,
1991 950 2092 1004 23.
2153 946 2304 1005 Sane
2349 947 2508 1005 hisce
2551 949 2697 1005 satis
2735 948 3008 1007 commode
3041 952 3086 1003 et

642 1051 771 1108 sine
800 1051 1135 1109 confusione
1164 1068 1541 1125 personarum
1570 1050 1936 1125 praestitutis
1953 1094 1966 1121 ,
1999 1052 2158 1109 haud
2189 1070 2358 1127 aegre
2387 1052 2933 1128 comprehendetur;
2973 1069 3085 1128 quo—

644 1155 813 1213 modo
842 1160 972 1231 post
1003 1154 1344 1213 electionem
1372 1153 1676 1211 duodecim
1704 1153 2118 1229 Apostolorum
2138 1188 2223 1197 --
2247 1157 2308 1213 in
2339 1156 2554 1233 quibus
2573 1156 2824 1214 Jaeobus
2853 1154 3084 1231 Alphsei,

642 1258 679 1315 J
680 1259 893 1317 acobus
933 1258 1245 1329 Zebedaei,
1291 1257 1329 1315 J
1328 1258 1473 1315 udas
1502 1256 1843 1315 Thaddaeus
1887 1264 1948 1315 et
1977 1258 2182 1318 Simon
2211 1259 2552 1319 Cananaeus
2579 1265 2758 1318 erunt
2787 1292 2872 1303 --
2899 1258 2984 1317 illi
3007 1258 3086 1335 qui

641 1363 854 1421 fratres
868 1363 1110 1421 Domini
1132 1366 1435 1432 vocantur,
1462 1362 1732 1438 quamvis
1755 1380 1889 1419 cum
1904 1361 2136 1421 Christo
2157 1361 2301 1421 olim
2323 1364 2442 1421 iam
2467 1368 2796 1440 praesentes
2815 1366 2882 1421 in
2901 1362 3088 1437 nuptiis

643 1466 851 1547 Canae,
878 1484 1012 1525 cum
1040 1467 1352 1543 eodemque
1382 1470 1443 1523 et
1462 1469 1652 1523 matre
1681 1465 1748 1523 B.
1772 1466 1857 1523 M.
1879 1466 1952 1523 V.
1969 1465 2382 1543 Caphar-naum
2411 1468 2674 1541 regressi,
2706 1466 2916 1525 Joann.
2936 1470 2986 1536 2,
3009 1470 3085 1521 12.
3178 1450 3179 1453 “

642 1590 797 1629 anno
826 1572 1017 1629 adhuc
1045 1568 1493 1646 praedicationis
1521 1569 1770 1627 secundo
1799 1569 2089 1629 increduli
2119 1572 2418 1641 ,exierunt
2459 1576 2658 1629 tenere
2685 1590 2822 1628 eum
2849 1570 3088 1637 dicentes,

642 1674 921 1753 quoniam
950 1676 1015 1733 in
1044 1676 1302 1733 furorem
1330 1692 1531 1733 versus
1574 1674 1702 1732 est.‘
1762 1674 1946 1731 Marc.
1981 1678 2038 1745 3,
2075 1679 2176 1733 21.
2207 1674 2282 1733 V.
2313 1676 2394 1733 H.
2425 1676 2504 1733 N.
2535 1675 2602 1733 Τ.
2633 1695 2693 1752 p.
2727 1680 2828 1733 64.
2858 1696 2905 1732 s.
2959 1672 3090 1735 Quin

640 1780 761 1837 imo
801 1780 922 1837 iam
957 1798 1112 1837 anno
1153 1777 1329 1836 tertio
1372 1781 1643 1835 currente
1687 1782 1748 1835 et
1789 1778 2048 1837 instante
2089 1780 2238 1837 festo
2279 1782 2667 1855 scenopegiae,
2711 1780 2752 1837 J
2751 1798 2920 1838 oann.
2967 1784 3014 1847 7,
3043 1782 3090 1835 5.
3178 1774 3179 1859 ᾗ

640 1884 901 1942 nondum
946 1884 1259 1941 credebant
1296 1883 1361 1939 in
1404 1900 1558 1939 eum.
1620 1880 1740 1943 Qui
1783 1886 1981 1939 tamen
2025 1902 2222 1941 omnes
2248 1883 2287 1940 J
2288 1902 2450 1941 esum
2492 1882 2644 1941 clam
2683 1884 3093 1941 subsecuturum
3178 1868 3179 1943 }

640 1990 961 2063 praegressi
990 1987 1444 2063 Hierosolymas,
1478 1986 1621 2043 visis
1651 1986 1950 2044 miraculis
1981 1991 2040 2043 et
2067 1986 2288 2045 auditis
2317 1988 2846 2063 praedicationibus
2873 1988 3093 2063 denique
3178 2042 3179 2047 ,

640 2091 948 2149 credidisse
976 2091 1275 2147 videntur.
1320 2088 1533 2148 Joann.
1570 2094 1623 2161 7,
1665 2094 1764 2147 10.
1811 2089 1885 2147 V.
1910 2090 1991 2148 H.
2021 2090 2099 2149 N.
2127 2090 2194 2149 Τ.
2220 2110 2277 2167 p.
2307 2096 2406 2149 73.
2430 2111 2476 2149 s.
2537 2092 2950 2169 Disquisitioni
2978 2090 3096 2147 huic
3178 2082 3179 2127 3

638 2192 818 2252 finem
846 2194 1210 2271 imponentes
1249 2198 1644 2269 opportunum
1685 2212 1982 2251 censemus
2024 2213 2314 2269 apponere
2355 2195 2538 2253 verba
2579 2216 2626 2252 s.
2657 2195 2695 2253 J
2695 2195 2904 2253 oannis
2929 2194 3091 2269 Chry-

637 2300 891 2369 sostomi,
918 2298 983 2355 in
1003 2297 1040 2354 J
1044 2317 1215 2355 oann.
1238 2297 1397 2355 hom.
1424 2302 1525 2368 48,
1554 2302 1613 2355 2.
1634 2318 1691 2373 p.
1713 2300 1894 2355 284.:
1935 2297 2046 2367 ,Tu
2075 2318 2214 2357 vero
2235 2298 2456 2357 Christi
2487 2300 2772 2357 virtutem
2801 2298 3092 2357 considers.

639 2402 733 2459 Ex
779 2402 872 2459 his
922 2402 1082 2459 enim
1133 2403 1235 2479 qui
1280 2400 1427 2459 talia
1475 2400 1780 2471 dicebant,
1837 2402 2064 2477 primus
2115 2402 2234 2461 fuit
2281 2402 2776 2480 Jerosolymorum
2825 2404 3094 2479 episcopus
3178 2480 3179 2483 Ἴ

638 2506 904 2565 Jacobus.
966 2507 1204 2565 Dicitur
1246 2508 1307 2561 et
1333 2504 1372 2561 J
1372 2504 1515 2563 udas
1556 2506 1852 2564 mirabilis
1893 2506 2088 2563 fuisse.
2146 2506 2332 2584 Atqui
2379 2508 2444 2563 in
2471 2506 2630 2565 Cana
2673 2507 2942 2578 adei-ant,
2985 2524 3097 2563 cum
3178 2576 3179 2585 ἵ

638 2630 850 2689 aquam
880 2612 945 2668 in
974 2611 1185 2669 vinum
1212 2609 1538 2679 convertit3
1585 2610 1684 2667 sed
1727 2610 1883 2667 nihil
1927 2610 2118 2667 adhuc
2162 2609 2375 2667 lucrati
2418 2614 2574 2668 sunt.
2637 2610 2808 2668 Unde
2837 2630 2972 2685 ergo
2995 2608 3097 2667 illis
3178 2686 3179 2689 Ἴ

638 2721 807 2773 tanta
850 2712 1269 2773 incredulitas?
1328 2713 1425 2771 Ex
1468 2713 1625 2771 mala
1670 2714 1976 2773 voluntate
2003 2720 2066 2771 et
2091 2734 2170 2773 ex
2206 2714 2468 2773 invidia:
2513 2734 2654 2773 nam
2697 2716 2986 2790 cognatis,
3013 2731 3099 2791 qui

642 2820 937 2896 conspicui
967 2823 1123 2891 sunt,
1156 2817 1345 2876 solent
1388 2817 1567 2875 etiam
1610 2819 1844 2891 cognati
1889 2836 2006 2877 non
2035 2818 2123 2877 ita
2165 2820 2460 2895 conspicui
2489 2820 2796 2878 invidere!
2825 2820 2920 2879 cf.
2947 2818 3100 2876 etism
3178 2816 3179 2883 ζ

638 2924 1003 2995 Theodoreti,
1036 2924 1285 2999 interpr.
1318 2924 1383 2979 in
1411 2921 1508 2979 Pa.
1544 2926 1645 2991 67,
1682 2927 1784 2980 28.
1843 2922 1951 2998 Op.
1982 2923 2038 2979 Ι.
2069 2924 2126 2993 b,
2165 2928 2350 2983 1670.

844 3027 1010 3090 Quod
1038 3046 1177 3085 vero
1208 3028 1278 3084 de
1304 3026 1599 3083 sororibus
1643 3026 1880 3084 additur
1908 3027 2092 3085 Marc.
2127 3032 2184 3099 6,
2221 3032 2273 3085 3.
2328 3022 2442 3103 ,καὶ
2485 3023 2582 3083 οὒκ
2625 3022 2758 3084 εἰσὶν
2796 3024 2856 3083 αἱ
2893 3018 3100 3101 ἀδελφαὶ
3178 3016 3179 3085 i

638 3127 797 3189 αὺτοῦ
826 3122 938 3189 ὧδε
958 3128 1094 3207 πρὸς
1114 3128 1322 3206 ἠμᾶς(;
1356 3150 1473 3188 non
1504 3134 1694 3205 potest
1723 3129 1980 3205 intelligi
2009 3133 2081 3189 de
2109 3132 2246 3190 aliis
2272 3132 2311 3189 J
2311 3152 2412 3190 esu
2441 3132 2672 3190 Christo
2703 3132 3099 3207 proprioribus,
3178 3120 3179 3199 l

636 3256 813 3315 quam
842 3238 929 3294 de
965 3235 1307 3294 filiabus
1335 3234 1753 3310 cleophae,
1779 3238 2066 3312 quotquot
2091 3254 2230 3293 sane
2258 3234 2499 3293 illarum
2519 3235 2764 3293 fuerint.
2807 3235 2898 3293 Et
2915 3236 3102 3293 harum

636 3342 872 3419 quidem
915 3342 1154 3399 nomina
1196 3341 1263 3397 in
1306 3340 1611 3415 Scriptura
1661 3358 1824 3397 sacra
1873 3358 1992 3397 non
2041 3344 2182 3397 sunt
2229 3358 2530 3415 expressa3
2589 3344 2879 3398 annotata
2929 3344 3102 3398 autem
3178 3356 3179 3411 ς

635 3444 877 3503 indubie
906 3445 1199 3502 habentur
1226 3445 1291 3501 in
1322 3444 1474 3501 libro
1503 3444 1694 3501 vitae!

843 3550 1000 3604 Haec
1042 3548 1331 3603 habuimus
1372 3550 1457 3617 ,de
1486 3548 1792 3603 &acribus
1835 3556 1887 3603 et
1929 3548 2218 3602 sororibus
2245 3547 2491 3602 Domini‘
2535 3548 2798 3615 dicerni&
2829 3548 3026 3618 susim
3049 3563 3104 3599 αι

637 3654 819 3710 omnia.
858 3654 1135 3724 <inplicata
1176 3653 1527 3723 reperiuntur
1562 3654 1718 3722 apud
1757 3652 1818 3709 V.
1849 3653 1918 3707 P.
1957 3650 2252 3719 Canisium,
2283 3652 2352 3705 de
2383 3652 2578 3705 Mau-ia
2617 3651 2850 3725 Vimine
2875 3652 3106 3722 Πάρωνα
3178 3726 3179 3729 ¹

634 3758 679 3828 I,
706 3760 766 3817 9.
786 3776 830 3811 s.
844 3774 905 3828 p.
934 3760 1029 3813 65.
1056 3775 1103 3813 ε.
1152 3758 1228 3825 Π,
1251 3760 1338 3813 13.
1354 3775 1418 3826 p.
1446 3759 1582 3811 207.
1606 3774 1654 3811 s.
1713 3756 2012 3824 Palemont,
2042 3756 2208 3811 Mem.
2231 3762 2346 3811 not.
2379 3772 2478 3809 sur
2505 3772 2552 3811 s.
2579 3755 2726 3811 Jsde
2745 3774 2814 3827 p.
2855 3758 2992 3813 652.
3013 3771 3103 3823 πᾳ.
3178 3760 3179 3797 3

634 3864 701 3918 Α.
732 3862 804 3917 H.
844 3862 1017 3929 Blom,
1050 3862 1117 3916 de
1158 3858 1271 3928 τοῖς
1302 3856 1563 3935 ἀδελφοῖς
1592 3866 1643 3915 et
1670 3858 1790 3927 ταῖς
1821 3854 2086 3933 ἀδελφαῖς
2111 3857 2205 3913 τοῦ
2233 3854 2432 3934 κυρίου.
2495 3860 2674 3932 Luyd.
2707 3861 2920 3917 Βαεαυ.
2954 3860 3104 3914 1839.

634 3966 928 4034 13qustoe
950 3966 1173 4019 Bra-caer
1193 3964 1333 4019 Jm
1352 3966 1467 4018 und
1488 3964 1739 4019 Jacobue
1767 3962 1984 4033 Αιριιᾱε,
2013 3964 2071 4017 sa
2101 3981 2229 4019 ann.
2249 3962 2305 4031 s.
2340 3963 2521 4019 Τικοι.
2539 3982 2595 4021 u.
2611 3964 2727 4023 chr.
2753 3966 2859 4019 Ριι.
2891 3960 3102 4029 stas-qt

632 4071 801 4125 1834.
825 4087 888 4138 p.
921 4070 978 4125 3.
1012 4084 1059 4125 8.
1134 4068 1401 4137 Wieeeler,
1446 4069 1582 4123 iiber
1624 4068 1716 4122 die
1758 4067 1978 4122 Brtlder
2023 4069 2120 4122 dee
2157 4068 2359 4135 Herm,
2403 4068 2462 4121 ἑη
2505 4068 2646 4123 Arm.
2691 4066 2862 4124 stud.
2891 4090 2947 4125 a.
2975 4067 3104 4122 Erit.
3178 4088 3179 4149 ᾗ

632 4175 801 4227 1842.
830 4174 911 4227 71.
941 4190 985 4229 ⁸.
1044 4172 1149 4227 Fr.
1186 4170 1641 4241 Windieekmoenn,
1667 4170 1820 4227 Erkl.
1853 4173 1909 4227 d.
1935 4172 2033 4226 Br.
2067 4188 2140 4225 an
2169 4172 2226 4227 d.
2260 4170 2389 4229 Gal.
2419 4172 2622 4227 Maean.
2655 4174 2833 4231 1843.
2861 4192 2922 4244 p.
2953 4174 3045 4226 32.
3067 4186 3104 4223 ε.
3178 4178 3179 4229 3

633 4277 716 4334 M.
746 4278 819 4333 F.
850 4275 1072 4348 Rumpf,
1104 4277 1204 4331 der
1232 4276 1335 4333 Br.
1366 4276 1569 4331 Judae.
1618 4276 1802 4331 salzb.
1848 4278 2020 4330 1854.
2045 4292 2106 4345 p.
2145 4278 2194 4332 7.
2223 4292 2266 4329 s.
2333 4274 2494 4345 Sem»,
2526 4277 2579 4329 d.
2608 4277 2801 4333 Leben
2829 4277 2892 4334 J.
2931 4276 2990 4333 C.
3017 4273 3110 4341 ΙΠ,
3178 4288 3179 4333 l

633 4381 765 4435 193.
800 4398 843 4435 ε.
910 4380 1161 4451 Bispiny,
1193 4380 1297 4435 Ev.
1330 4398 1381 4435 n.
1414 4378 1720 4446 Matthiius,
1741 4397 1804 4448 p.
1839 4380 1980 4435 309.
2013 4397 2058 4435 e.
