3267 5259
1055 447 1304 489 Secundum
1331 448 1418 490 iter
1444 460 1481 489 ι.
1503 447 1628 489 hun
1657 448 1889 490 missionis.
2588 434 2711 499 367

221 646 358 685 cum
406 627 834 704 aliquantisper
877 627 961 684 ibi
1011 634 1398 685 commoratus
1429 634 1593 698 esset,
1661 629 1877 687 iterum
1931 646 2062 685 cum
2114 627 2239 685 Sila
2288 648 2333 685 s.
2366 628 2607 685 Silvano
2658 648 2719 685 se

223 732 501 789 comitem
529 732 736 789 iunxit
775 731 976 789 Paulo,
1023 732 1332 807 Regressos
1379 733 1764 791 amicissimus
1810 734 2040 809 excepit
2094 732 2421 807 Apostolus,
2464 752 2717 810 namque

225 836 490 912 plurima
537 838 600 894 in
632 836 728 894 his
756 836 927 895 valde
959 836 1114 895 laeta
1142 837 1212 895 de
1241 843 1436 895 coetus
1486 837 1650 894 illius
1696 836 2027 894 conditione
2073 837 2407 906 tradebant;
2468 842 2533 894 at
2579 856 2718 895 vero

223 942 408 998 etiam
440 940 638 998 tristia
666 942 737 998 de
767 941 1046 1015 gravibus
1077 942 1330 1012 iniuriis,
1379 960 1524 1019 quas
1555 940 1908 999 Christianis
1939 941 2200 1018 perferre
2231 944 2522 1015 oporteret
2552 940 2716 998 addi-

223 1047 382 1103 dere.
431 1044 726 1103 Voluisset
771 1052 838 1103 ut
885 1046 997 1103 sibi
1033 1046 1264 1103 licitum
1311 1047 1463 1103 foret
1512 1047 1585 1103 ad
1633 1064 1727 1103 eos
1772 1046 1980 1115 redire,
2028 1046 2339 1123 quominus
2384 1064 2523 1103 vero
2568 1044 2719 1103 illud

223 1152 448 1208 faceret
499 1150 790 1226 pertinaci
836 1150 873 1207 J
875 1152 1196 1208 udaeorum
1242 1150 1374 1208 odio
1421 1150 1879 1224 impediebatur3
1925 1169 2113 1228 neque
2166 1148 2476 1223 ignorabat
2528 1149 2719 1207 multa

225 1274 557 1333 magnaque
587 1254 698 1311 sibi
734 1256 1062 1330 peragenda
1109 1274 1245 1313 esse.
1293 1254 1410 1317 Qui
1457 1255 1693 1332 quidem
1740 1254 2025 1312 desiderio
2069 1255 2141 1311 ad
2186 1253 2719 1313 Thessalonicenses

225 1360 470 1429 reverti,
519 1379 652 1417 cum
684 1362 940 1418 noudum
972 1359 1249 1418 satisfieri
1282 1364 1482 1435 posset,
1532 1359 1709 1417 dabat
1751 1360 1824 1416 ad
1868 1378 1961 1416 eos
2004 1358 2271 1417 literas
2316 1363 2386 1416 et
2428 1360 2718 1437 quidem

225 1465 509 1540 priores
531 1461 580 1535 1;
627 1466 692 1521 in
724 1466 936 1542 quibus
968 1484 1101 1521 cum
1134 1466 1203 1521 de
1235 1464 1330 1521 die
1361 1462 1611 1521 extremi
1644 1462 1848 1521 iudicii
1880 1462 2183 1541 aliquanto
2213 1463 2513 1521 obscurius
2533 1466 2718 1539 scrip-

223 1569 416 1639 sisset,
464 1567 679 1625 clarius
709 1568 900 1625 missis
937 1568 1308 1626 secundis
1347 1586 1495 1625 non
1537 1566 1783 1625 multo
1822 1573 1997 1643 post
2030 1587 2205 1643 super
2235 1568 2433 1625 eodem
2463 1565 2739 1625 mentem'

225 1673 486 1748 aperuit.
529 1672 676 1730 Cum
699 1672 918 1730 Paulus
942 1674 1266 1730 etiamnum
1288 1671 1561 1729 Corinthi
1583 1678 1919 1729 versaretur
1948 1672 2269 1747 impensius
2300 1671 2717 1747 praedicationi

225 1778 598 1835 intendebat.
629 1776 666 1833 J
667 1776 868 1834 udaeis
884 1776 1184 1833 Christum
1200 1778 1358 1834 cruci
1376 1776 1643 1845 affixum,
1663 1776 1935 1833 Messiam
1952 1776 2218 1851 patribus
2233 1778 2583 1851 promissum
2601 1796 2720 1834 esse

235 1883 598 1951 testabatur3
623 1881 727 1965 ‚cui
759 1882 1002 1939 veritati
1033 1900 1165 1939 cum
1197 1882 1288 1939 uti
1319 1880 1460 1939 alibi
1495 1880 1580 1938 ita
1609 1886 1671 1938 et
1698 1880 1797 1939 hic
1826 1880 2105 1955 perfricta
2133 1881 2524 1939 obstinatione
2548 1883 2719 1939 resis-

233 1992 452 2056 terent,
503 1992 858 2061 protestatus
901 1991 988 2043 est
1019 1987 1232 2045 abhinc
1261 2005 1319 2042 se
1349 1986 1422 2042 ad
1453 1990 1654 2059 gentes
1684 1984 2017 2042 locuturum
2037 1980 2081 2041 2.
2126 1984 2335 2042 Judaei
2366 1985 2557 2044 studio
2588 2004 2718 2061 per·-

226 2091 408 2149 dendi
441 2090 695 2148 Paulum
732 2092 805 2149 ad
837 2089 1126 2148 Gallionis
1146 2087 1170 2127 ³
1217 2088 1480 2147 tribunal
1526 2087 1781 2145 violatae
1825 2088 1998 2163 Legis
2042 2094 2409 2147 accusarunt.
2456 2088 2519 2147 Is
2564 2109 2717 2147 com-

235 2202 410 2271 perto
441 2195 570 2252 odio
601 2214 695 2251 eos
725 2213 758 2251 a
787 2214 848 2251 se
879 2194 1122 2270 repulit3
1171 2194 1244 2251 ad
1274 2192 1470 2251 forum
1501 2212 1673 2250 suum
1703 2194 1771 2249 de
1802 2193 1955 2267 Lege
1985 2193 2385 2253 Hebraeorum
2428 2196 2719 2272 quaestio-

227 2319 338 2385 nes
367 2300 527 2356 haud
557 2298 850 2375 pertinere
880 2298 1168 2374 professus
1182 2296 1226 2355 ⁴.
1267 2297 1417 2354 Tum
1447 2296 1669 2355 Paulus
1696 2298 1864 2355 venit
1893 2296 2181 2356 Cenchras
2196 2296 2236 2369 5,
2269 2300 2421 2375 apud
2447 2299 2719 2357 Phoeben

221 2402 520 2462 Ecclesiae
549 2403 928 2461 Cenchrensis
959 2403 1340 2461 diaconissam
1363 2400 1387 2439 ⁶
1415 2401 1834 2477 hospitaturus.
1876 2402 2027 2460 Voto
2048 2399 2071 2438 ⁷
2100 2403 2252 2481 quod
2284 2408 2457 2461 antea
2490 2423 2714 2461 nuncu-

221 2514 477 2583 paverat
503 2509 712 2566 abrasa
740 2527 902 2565 coma
923 2507 1162 2578 solutus,
1199 2507 1434 2584 Syriam
1459 2526 1608 2564 nave
1632 2506 1832 2582 petiit;
1866 2509 2249 2584 assumtisque
2279 2526 2471 2565 secum
2496 2508 2719 2586 Aquila

223 2618 286 2668 et
321 2610 594 2669 Priscilla
623 2611 920 2687 Ephesum
952 2610 1380 2669 nobilissimum
1411 2610 1447 2667 J
1451 2611 1620 2668 oniae
1658 2613 1985 2685 emporium
2028 2610 2277 2686 appulit.
2327 2612 2475 2669 Inde
2522 2613 2719 2687 paucis

221 2718 375 2773 act-is
407 2715 627 2785 diebus,
668 2714 790 2773 illis
821 2714 1058 2785 relictis,
1110 2715 1327 2772 iterum
1356 2714 1584 2773 solvens
1614 2715 1951 2772 Caesaream
1980 2735 2316 2790 progressus
2347 2721 2457 2785 est3
2506 2717 2717 2774 deinde

221 2838 370 2877 vero
414 2819 802 2896 Jerosolymas
841 2820 1166 2890 contendit,
1218 2818 1373 2876 unde
1417 2817 1672 2876 salutata
1701 2818 1961 2876 Ecclesia
2004 2824 2311 2897 postquam
2355 2820 2569 2878 festum
2600 2820 2713 2879 ali-

226 2925 389 3003 quod
421 2923 838 2993 celebraverat,
878 2922 1259 2981 Antiochiam
1300 2922 1506 2999 Syriae
1561 2924 1825 2999 repetiit,
1876 2942 1989 3001 quo
2035 2922 2160 2981 loco
2204 2922 2440 3002 aliquod
2486 2930 2717 3000 tempus

223 3029 552 3086 consumsit
571 3024 612 3084 9.
683 3026 865 3085 Paulo
918 3028 1033 3084 iter
1077 3026 1328 3085 faciente
1379 3026 1787 3104 (ierosolymae,
1836 3027 2134 3103 Ephesum
2185 3028 2426 3086 interim
2476 3036 2722 3087 venerat

225 3130 475 3207 Apollo,
529 3130 783 3189 Judaeus
830 3131 1056 3205 origine
1104 3130 1573 3201 Alexandrinus,
1629 3133 1726 3188 vir
1778 3130 2113 3209 eloquentia
2164 3132 2495 3207 praeclarus
2545 3142 2720 3211 atque

223 3237 674 3312 Scripturarum
706 3236 1036 3309 cognitione
1068 3234 1260 3291 cultus
1275 3231 1316 3291 9.
1365 3234 1502 3291 Sola
1544 3240 1779 3293 tantum
1820 3236 2237 3312 mysteriorum
2283 3237 2501 3295 Christi
2554 3239 2717 3295 rudi-

451 3513 486 3577 ¹)
527 3512 567 3561 1.
602 3510 790 3562 Thess.
825 3514 882 3573 3,
919 3512 966 3560 6.
1042 3510 1083 3574 ²)
1128 3508 1322 3559 Mirum
1369 3514 1498 3574 quot
1533 3524 1598 3559 ex
1642 3508 1865 3561 ethnicis
1905 3509 2145 3561 Corinthi
2189 3511 2529 3577 degentibus,
2578 3530 2719 3565 cum-

223 3601 416 3668 primis
453 3600 614 3649 etiam
648 3598 751 3647 viri
786 3612 982 3663 genere
1020 3602 1074 3647 et
1107 3597 1310 3647 meritis
1355 3596 1586 3659 nobiles,
1625 3598 1989 3662 sesquiannuo
2026 3597 2213 3648 labore
2250 3598 2446 3651 Christi
2491 3603 2722 3667 partium

225 3688 484 3748 effecerit,
524 3686 900 3735 adiuvantibus
937 3684 1148 3749 Aquila,
1187 3684 1483 3746 Timotheo,
1523 3684 1636 3735 Sila
1661 3690 1713 3734 et
1738 3684 1874 3737 aliis.
1936 3686 1977 3750 ³)
2017 3685 2122 3746 Qui
2146 3687 2479 3752 proconsulis
2506 3705 2722 3739 munere

227 3773 379 3841 apud
411 3772 646 3823 Achaios
684 3772 1022 3838 fungebatur.
1083 3772 1149 3821 D.
1189 3788 1238 3837 q.
1274 3788 1324 3821 v.
1359 3771 1567 3833 walch,
1603 3771 1638 3821 l.
1676 3788 1721 3821 c.
1754 3790 1805 3838 p.
1832 3774 1915 3821 32.
1940 3788 1982 3823 s.
2044 3774 2087 3838 ⁴)
2126 3772 2440 3825 Sosthenem
2475 3781 2652 3827 tamen
2689 3791 2724 3827 a

223 3860 459 3913 «Iudaeis
495 3859 886 3925 apprehensum
924 3858 1150 3909 caedere
1187 3860 1441 3925 permisit.
1507 3860 1548 3923 ⁵)
1587 3858 1865 3909 Habentes
1905 3863 2111 3925 portum
2150 3865 2203 3909 et
2236 3861 2431 3911 navale
2465 3860 2721 3913 Corinthi.

229 3950 278 4013 ⁸)
318 3948 462 4009 Quin
500 3952 554 3996 et
587 3946 731 4011 apud
771 3946 959 3996 Caium
997 3944 1118 3997 coll.
1153 3946 1302 3997 Rom.
1344 3948 1424 4008 16,
1465 3948 1511 3995 1.
1547 3948 1629 3996 28.
1706 3946 1747 4011 ⁷)
1788 3945 1867 3995 cf.
1903 3946 2042 3997 Hist.
2078 3946 2208 3997 Rev.
2244 3948 2293 3997 d.
2331 3949 2393 3998 V.
2430 3950 2489 3997 T.
2524 3966 2577 4014 p.
2606 3952 2722 4001 160.

229 4034 272 4101 8)
313 4038 430 4085 Act.
470 4036 551 4095 18,
585 4036 668 4083 23.
744 4034 785 4097 ⁹)
825 4032 878 4083 S.
913 4033 1290 4098 Hieronymus,
1331 4032 1528 4083 Comm.
1565 4034 1624 4082 in
1658 4048 1740 4098 ep.
1777 4032 1845 4082 ad
1871 4033 2051 4083 Titum
2086 4036 2135 4097 3,
2166 4036 2245 4083 12.
2284 4051 2335 4100 p.
2365 4036 2481 4085 739.
2520 4037 2721 4101 inquit:

233 4122 394 4181 „Fuit
439 4126 620 4171 autem
664 4122 746 4170 vir
791 4119 1185 4171 Alexandrinus
1222 4137 1288 4171 ex
1323 4119 1548 4171 Judaeis
1595 4120 1754 4170 valde
1800 4120 2057 4185 eloquens
2094 4126 2149 4171 et
2182 4122 2450 4187 perfectus
2496 4123 2552 4171 in
2588 4120 2721 4188 lege,

229 4208 537 4274 Episcopus
577 4206 986 4269 Corinthiorum,
1031 4222 1188 4273 quem
1223 4214 1442 4273 propter
1478 4207 1839 4259 dissensiones
1879 4222 2017 4272 quae
2052 4210 2108 4258 in
2148 4208 2400 4260 Corintho
2439 4214 2615 4271 erant,
2654 4210 2725 4259 ad

227 4296 466 4345 vicinam
502 4293 734 4345 insulam
773 4295 984 4345 Cretam
1030 4310 1150 4344 cum
1199 4295 1344 4345 Zena
1377 4295 1538 4359 Legis
1587 4294 1804 4345 doctore
1850 4293 2145 4360 putandum
2192 4302 2275 4347 est
2318 4296 2722 4361 transfretass03

231 4388 286 4432 et
321 4382 482 4431 Pauli
517 4381 749 4447 epistola
783 4382 1207 4433 dissensionibus
1245 4397 1382 4447 quae
1421 4382 1661 4432 Corinthi
1704 4388 1853 4433 ortae
1892 4383 2104 4431 fuerant
2140 4384 2469 4448 temperatis,
2517 4400 2724 4437 rursum

233 4468 546 4519 Corinthum
585 4469 916 4519 revertisse.“
979 4468 1064 4517 De
1100 4469 1292 4534 Apollo
1329 4470 1489 4535 plura
1526 4470 1861 4535 reperiuntur
1899 4470 2041 4535 apud
2076 4468 2129 4519 J.
2169 4469 2447 4533 clericum,
2486 4471 2726 4523 Historia

233 4557 362 4607 eccl.
402 4557 555 4607 duor.
593 4556 806 4621 primor.
845 4570 880 4605 a
917 4555 1040 4607 Chr.
1077 4572 1129 4605 n.
1167 4570 1308 4607 saec.
1346 4556 1562 4614 Amstel.
1605 4558 1755 4606 1716.
1796 4574 1845 4623 p.
1884 4558 2001 4607 318.
2038 4570 2080 4606 s.
2128 4557 2193 4607 L.
2227 4556 2447 4621 Mulier,
2487 4558 2613 4609 diss.
2657 4559 2725 4610 de

233 4642 544 4710 eloquentia
579 4642 874 4708 Apollonis.
913 4642 1151 4694 Schleus.
1184 4646 1332 4694 1717.
1379 4644 1432 4693 J.
1459 4643 1510 4694 J.
1536 4642 1824 4707 Pfizerum,
1865 4644 1930 4693 de
1966 4644 2225 4710 Apollone
2258 4644 2475 4712 doctore
2512 4654 2723 4713 aposto-
