3267 5259
608 468 691 533 98
1262 482 1378 524 mat.
1408 482 1514 523 nov.
1544 481 1632 523 div.
1664 481 1718 523 n.
1739 481 1788 523 r.
1818 481 1985 524 Parion.
2014 482 2050 523 1.
2079 494 2171 535 οη».
2197 482 2400 525 alterum.

608 654 999 719 traditurum
1044 658 1355 743 promisit.
1430 654 1605 720 Nihil
1651 679 1809 721 vero
1852 656 2173 740 Pontifici,
2221 680 2300 723 ac
2343 656 2633 743 reliquae
2679 656 2852 721 male
2898 656 3061 721 domi-

608 771 901 832 nantium
944 768 1174 833 turbae
1220 769 1523 833 accidere
1569 771 1817 854 gratius
1863 780 2142 856 poterat,
2193 792 2388 855 quam
2427 780 2768 857 apostatae
2807 770 3062 856 perfidia,

610 882 719 965 qui
766 883 1010 945 nummi
1059 881 1362 969 cupidine
1410 881 1684 965 illectus,
1729 883 1862 946 Dei
1905 882 2142 947 Filium
2187 893 2284 947 tot
2329 885 2526 968 signis
2567 884 2919 968 cognitum,
2951 883 3062 945 hos-

608 994 781 1057 tibus
828 994 1087 1058 tradere
1134 1018 1265 1059 non
1312 1006 1670 1059 vereretur.
1729 996 1870 1059 Nec
1915 994 2034 1059 hos
2085 994 2358 1077 latebat,
2413 995 2654 1059 Judam
2711 994 2860 1061 odio
2912 1018 3062 1081 prae-

609 1118 945 1192 ceptorem
987 1130 1173 1171 suum
1222 1110 1549 1194 prosequi,
1598 1110 1709 1193 qui
1763 1106 2076 1195 profanos
2123 1109 2262 1173 eius
2305 1131 2522 1173 mores
2575 1110 3062 1195 imposturasque

606 1244 739 1285 non
786 1219 987 1284 semel
1031 1220 1463 1305 reprehensas
1508 1221 1938 1285 aversabatur
1963 1225 1999 1285 ¹.

813 1332 1113 1415 Noctem,
1162 1356 1330 1417 quae
1378 1333 1610 1397 feriam
1660 1344 1956 1418 quartam
1991 1333 2238 1415 clausit,
2285 1334 2480 1397 Jesus
2509 1335 2578 1397 in
2623 1343 2848 1398 monte
2881 1332 3062 1397 Oliva-

606 1468 749 1509 rum
832 1446 1107 1509 orationi
1180 1447 1466 1509 intentus
1541 1448 1859 1531 transegit
1875 1448 1918 1509 2.
2012 1445 2178 1511 Cum
2245 1468 2403 1510 vero
2467 1444 2792 1510 illuxisset
2853 1446 3064 1531 primus

610 1556 747 1621 dies
796 1579 1175 1643 azymorum
1194 1560 1237 1639 ³,
1290 1580 1418 1642 quo
1468 1580 1555 1621 ex
1588 1556 1774 1642 Lege
1821 1560 1990 1622 inter
2031 1560 2388 1645 vesperas4
2432 1558 2771 1623 immolare
2819 1556 3066 1643 oportuit

606 1672 903 1733 victimas
962 1669 1336 1756 paschales,
1406 1672 1579 1735 misit
1645 1671 1839 1734 Jesus
1907 1670 2229 1735 Bethania
2301 1671 2569 1736 Petrum
2632 1680 2700 1735 et
2772 1670 3066 1735 Joannem

611 1782 1093 1867 Jerosolymam
1151 1781 1237 1845 ad
1288 1782 1656 1868 parandum
1700 1782 1958 1847 Pascha
1975 1787 2019 1866 ⁵,
2077 1782 2386 1869 singulari
2441 1782 2728 1869 quadam
2783 1784 3014 1847 ratione
3031 1784 3065 1861 ὅ,

606 2046 855 2112 Deyling,
884 2045 1013 2095 Obn.
1033 2061 1075 2095 s.
1100 2046 1143 2109 Ι,
1170 2048 1254 2096 28.
1282 2061 1323 2095 s.
1349 2064 1401 2112 p.
1432 2049 1545 2096 110.
1573 2064 1613 2097 s.
1659 2046 1878 2112 Bynaei,
1908 2046 1974 2097 de
1999 2052 2166 2097 morte
2189 2047 2242 2097 J.
2270 2045 2329 2096 C.
2356 2046 2425 2109 Π,
2453 2048 2572 2096 459.
2599 2060 2641 2096 s.
2685 2047 2754 2095 Η.
2782 2046 3066 2106 Olshausen,

605 2134 658 2183 b.
685 2134 743 2183 C.
770 2138 821 2183 fl.
848 2148 889 2182 s.
930 2132 981 2181 S.
1010 2133 1060 2182 d.
1086 2134 1150 2182 N.
1178 2134 1239 2182 T.
1266 2134 1335 2195 H,
1364 2136 1411 2183 2.
1440 2133 1523 2183 ed.
1552 2136 1600 2182 4.
1626 2150 1680 2199 p.
1711 2136 1824 2183 143.

819 2221 855 2285 ¹)
892 2219 1081 2269 Matth.
1108 2222 1192 2280 26,
1222 2223 1267 2269 1.
1294 2234 1335 2269 e.
1384 2220 1551 2270 Marc.
1582 2222 1662 2283 14,
1693 2222 1738 2269 1.
1764 2235 1807 2270 s.
1849 2220 1982 2270 Luc.
2009 2223 2092 2282 22,
2123 2224 2167 2270 1.
2195 2236 2236 2270 s.
2278 2220 2424 2270 Inter
2443 2235 2636 2270 causas
2661 2219 3065 2270 instrumentales

604 2308 921 2357 Passionem
938 2308 1171 2356 ’Domini
1210 2308 1377 2357 nostri
1412 2307 1463 2357 J.
1492 2306 1552 2356 C.
1578 2313 1954 2373 promoventes
1989 2309 2217 2357 maxime
2244 2306 2476 2372 Caiphae
2515 2312 2570 2356 et
2595 2307 2771 2357 Judas
2807 2307 2962 2356 fuere.
2999 2308 3068 2355 De

607 2393 815 2459 Caipha
852 2394 991 2443 enim
1029 2392 1220 2442 dieitur
1255 2394 1452 2443 Joann.
1490 2396 1571 2455 11,
1610 2395 1710 2455 50„
1751 2392 1894 2458 quod
1929 2393 2156 2443 Judaeis
2193 2393 2470 2443 consilium
2517 2392 2724 2443 dederit
2761 2392 2994 2458 „expedit
3021 2398 3068 2439 ut

604 2494 743 2529 unus
797 2481 1053 2529 moriatur
1106 2479 1262 2530 homo
1307 2496 1403 2546 pro
1458 2480 1660 2546 populo
1715 2484 1768 2529 et
1812 2495 1920 2529 non
1965 2485 2078 2531 tota
2122 2494 2252 2545 gens
2297 2484 2532 2545 pereat.“
2604 2481 2688 2529 Ab
2737 2496 2800 2530 eo
2855 2486 3068 2544 tempore

605 2567 909 2631 synedrium
938 2566 1205 2617 Christum
1230 2582 1259 2615 e
1296 2567 1469 2616 medio
1508 2567 1696 2617 tollere
1733 2566 1954 2616 induxit.
2007 2567 2176 2628 „Hem
2213 2566 2410 2617 bellum
2451 2566 2756 2616 consilium!
2795 2566 3068 2615 decernitur

606 2653 801 2703 Christi
836 2668 993 2716 mors,
1022 2669 1089 2702 ne
1118 2654 1343 2703 Romani
1380 2653 1788 2718 Hierosolymae
1826 2652 2178 2716 dominentur,
2205 2657 2260 2701 et
2283 2668 2409 2702 ecce
2421 2652 2665 2703 Romani
2691 2652 3066 2715 Hierosolymae

604 2742 867 2806 imperant
912 2746 967 2790 et
1014 2740 1377 2801 dominantur,
1430 2741 1557 2805 quia
1610 2740 1879 2789 Christum
1933 2740 2176 2789 occidere
2231 2739 2500 2789 decretum
2549 2746 2644 2789 est.
2719 2738 2901 2803 Usque
2949 2737 3066 2786 adeo

605 2826 913 2875 facillimum
950 2827 1101 2877 coelo
1140 2832 1245 2889 est,
1282 2812 1635 2891 ma'iignorum
1675 2827 1900 2877 consilia
1933 2828 2246 2876 invertere.“
2309 2826 2368 2875 P.
2397 2826 2618 2890 Segneri
2655 2824 2708 2874 S.
2741 2825 2818 2885 J.,
2851 2824 3066 2887 Quadra·

606 2914 755 2978 ginta
792 2928 1062 2963 sermones
1099 2928 1195 2978 per
1230 2916 1377 2962 verni
1414 2914 1599 2963 ieiunii
1634 2918 1858 2978 tempus,
1897 2929 1963 2963 ex
1997 2914 2053 2962 it.
2093 2929 2143 2962 v.
2169 2910 2512 2961 Dirrhaimer.
2539 2912 2735 2977 Diling.
2765 2914 2910 2962 1693.
2931 2926 3068 2960 serm.

605 3000 855 3060 XXXIII,
884 3001 932 3049 2.
957 3016 1009 3065 p.
1036 3001 1153 3049 420.
1204 3000 1277 3049 Et
1313 2999 1379 3049 de
1414 3000 1561 3049 Juda
1596 3000 1793 3050 diserte
1831 3000 2136 3065 perhibetur
2183 2999 2382 3049 Joann.
2409 3002 2466 3060 6,
2497 3000 2605 3060 71.,
2645 2999 2790 3064 quod
2825 3000 2924 3047 iam
2961 2997 3070 3047 olim

607 3086 853 3135 diabolus
908 3086 1067 3135 suerit
1119 3101 1227 3135 non
1280 3092 1473 3136 natura
1525 3087 1621 3137 sed
1675 3088 1985 3136 imitatione.
2066 3086 2264 3135 Verum
2319 3085 2372 3135 S.
2417 3084 2470 3135 S.
2517 3087 2688 3151 ipsam
2742 3086 3071 3151 proditionem

606 3179 859 3238 tanquam
898 3172 1099 3222 diaboli
1137 3170 1323 3239 εὕρημα
1360 3172 1676 3223 considerat.
1737 3174 1933 3223 Joann.
1963 3174 2044 3235 13,
2071 3174 2120 3221 2.
2171 3172 2446 3221 Neminem
2483 3172 2620 3221 enim
2657 3172 2950 3222 mortalium
2977 3176 3070 3219 tam

605 3260 922 3309 sceleratum
950 3274 1067 3309 esse
1094 3264 1319 3321 constat,
1346 3264 1407 3309 ut
1430 3264 1635 3309 tantum
1661 3260 1868 3309 facinus
1894 3260 1996 3308 nisi
2021 3262 2240 3308 auctore
2265 3258 2477 3307 diabolo
2503 3260 2558 3306 in
2584 3259 2816 3307 animum
2840 3256 3071 3307 inducere

604 3348 879 3413 potuisset.
942 3346 1047 3396 Sed
1085 3352 1139 3396 et
1173 3346 1387 3396 tandem
1424 3348 1563 3395 sicut
1598 3351 1899 3411 serpentem
1935 3345 2152 3394 intravit
2187 3345 2441 3405 daemon,
2479 3348 2538 3393 ut
2571 3346 2798 3409 primum
2830 3344 3072 3393 Adamnm

603 3433 875 3500 perderet,
923 3435 998 3483 ita
1042 3432 1239 3483 Judam
1284 3434 1526 3494 intravit,
1574 3438 1633 3481 ut
1687 3430 1954 3481 occideret
1997 3430 2290 3480 secundum
2337 3432 2371 3478 i.
2407 3446 2454 3479 e.
2501 3429 2784 3481 Christum.
2857 3429 3072 3479 Proditio

604 3522 741 3570 inter
778 3522 955 3569 omnia
990 3520 1232 3569 facinora
1268 3521 1624 3584 turpissimum
1665 3523 1760 3579 est,
1788 3519 1947 3568 etiam
1985 3500 2130 3583 apud
2165 3517 2306 3567 feras
2343 3522 2396 3565 ct
2417 3517 2647 3566 incultas
2685 3523 2892 3582 gentes;
2928 3522 3072 3580 atque

604 3612 753 3655 tanto
798 3608 1031 3671 turpius,
1071 3622 1177 3671 quo
1212 3620 1445 3671 persona
1480 3604 1567 3655 vel
1607 3604 1856 3668 dignior,.
1881 3604 1966 3653 vel
2003 3604 2338 3653 innocentior
2381 3604 2585 3665 existit,
2623 3603 2712 3652 vel
2757 3600 3071 3653 necessitudo

603 3694 740 3742 inter
777 3693 1099 3758 proditorem
1138 3697 1191 3741 et
1226 3692 1491 3757 proditum
1528 3692 1740 3741 arctior.
1792 3690 1874 3739 cf.
1907 3692 1958 3741 J.
1999 3690 2062 3739 C.
2096 3689 2376 3751 Mercke'n,
2404 3689 2532 3739 Obs.
2567 3705 2639 3739 cr.
2678 3691 2734 3739 in
2771 3688 2824 3739 S.
2859 3688 2908 3738 S.
2939 3688 3072 3737 Pasa.

604 3781 671 3829 D.
709 3780 774 3829 N.
808 3780 860 3829 J.
898 3778 957 3827 C.
990 3779 1181 3828 Duisb.
1220 3780 1369 3828 1732.
1403 3794 1455 3843 p.
1490 3779 1609 3827 216.
1645 3793 1686 3827 s.
1737 3777 2086 3842 Henneberg,
2116 3775 2316 3826 Comm.
2351 3780 2402 3825 ii.
2430 3776 2480 3824 d.
2507 3775 2701 3825 Gesch.
2739 3776 2831 3825 des
2861 3775 3074 3825 Leideus

603 3882 655 3915 u.
691 3865 869 3915 Todcs
903 3866 1055 3915 Jesu.
1102 3864 1287 3929 Leipz.
1328 3866 1477 3915 1822.
1515 3881 1565 3929 p.
1601 3865 1686 3913 28.
1721 3880 1762 3913 s.
1805 3864 1856 3912 J.
1891 3863 2141 3927 Langen,
2187 3863 2272 3912 die
2315 3863 2511 3912 letzten
2554 3862 2894 3927 Lebenstage
2938 3862 3072 3910 Jesu.

601 3953 781 4003 Freib.
811 3954 961 4003 1864.
988 3970 1038 4017 p.
1067 3954 1150 4001 39.
1178 3968 1218 4001 s.
1270 3950 1309 4016 ²)
1336 3950 1466 4000 Luc.
1494 3954 1577 4011 21,
1605 3952 1688 3999 37.
1739 3950 1783 4014 3)
1806 3951 2010 4015 Nempe
2047 3950 2180 3999 seria
2203 3950 2284 4011 V.,
2313 3964 2454 4015 quae
2479 3954 2606 3999 tunc
2631 3950 2732 3999 fuit
2765 3950 2879 3999 dies
2915 3951 2990 3997 14.
3014 3962 3074 3993 m.

603 4040 787 4101 Nisan,
827 4044 881 4089 et
916 4038 1206 4088 seeundum
1244 4037 1415 4086 Exod.
1446 4038 1527 4097 12,
1554 4039 1597 4085 6.
1644 4040 1722 4087 18.
1759 4037 1959 4101 primus
1998 4050 2328 4099 azymorum,
2367 4036 2496 4100 quia
2531 4034 2600 4084 ad
2636 4050 2912 4099 vesperam
2943 4033 3076 4081 illius

602 4127 709 4176 diei
746 4124 1100 4175 immolandus
1139 4130 1255 4173 erat
1278 4138 1449 4189 agnus
1486 4122 1756 4188 paschalis
1783 4128 1836 4171 et
1860 4121 2222 4172 commedendi
2260 4136 2428 4186 panes
2467 4122 2656 4185 azymi.
2701 4121 2836 4170 Vide
2873 4119 3076 4183 disquis.

602 4214 657 4262 in
706 4228 829 4278 app.
891 4212 932 4278 ⁴)
970 4212 1032 4261 V.
1070 4212 1137 4259 H.
1172 4212 1236 4259 V.
1270 4212 1331 4259 T.
1367 4227 1418 4275 p.
1456 4212 1572 4259 145.
1659 4211 1700 4273 ⁵)
1753 4208 1963 4259 Pascha
2011 4209 2216 4258 comedi
2273 4224 2382 4257 non
2426 4213 2662 4272 poterat,
2710 4209 2814 4257 nisi
2859 4206 3076 4271 legitimo

602 4305 847 4364 paratum
878 4298 1063 4360 modo,
1103 4302 1472 4363 apparatuque
1507 4296 1655 4345 haud
1691 4297 1881 4360 exig-uo
1931 4295 2218 4359 indigebat.
2279 4294 2572 4364 Postquam
2608 4294 2676 4343 de
2713 4294 2930 4343 aedibus
2965 4306 3077 4356 pro-

603 4390 841 4449 spectum
881 4390 1045 4447 esset,
1083 4386 1138 4433 in
1178 4385 1371 4450 quibus
1409 4382 1682 4433 commode
1719 4386 1930 4447 poterat
1965 4382 2303 4443 manducari,
2353 4380 2622 4430 sternendi
2661 4380 2786 4430 lecti
2825 4384 2991 4438 erant,
3015 4404 3078 4412 -

602 4471 797 4520 Judaei
837 4486 903 4520 ea
937 4475 1253 4536 tempestate
1280 4472 1416 4519 inter
1450 4469 1773 4519 vescendum
1810 4484 1954 4518 more
1993 4468 2316 4518 Graecorum
2345 4472 2398 4516 ct
2429 4466 2788 4517 Romanorum
2813 4465 3080 4515 accumbe·
3182 4480 3183 4527 3

601 4558 733 4606 bant
756 4572 972 4607 mensae
986 4584 1053 4592 —
1068 4574 1161 4622 pro
1184 4559 1342 4623 copia
1360 4562 1453 4607 aut
1470 4558 1656 4621 inopia
1673 4557 2030 4605 convivatoris
2061 4554 2428 4603 instruendum
2457 4553 2822 4613 coenaculum,
2836 4550 3080 4601 emendus
3182 4540 3183 4591 ἶ

604 4644 832 4709 denique
880 4658 1071 4708 agnus.
1132 4643 1173 4706 ⁶)
1212 4644 1332 4693 Non
1378 4643 1746 4693 nominaverat
1789 4642 2081 4703 hominem,
2127 4642 2278 4691 cuius
2325 4640 2487 4689 aedes
2534 4644 2818 4706 eapropter
2863 4638 3080 4692 adirent,
3182 4686 3183 4699 ¹
