3267 5259
1129 331 1171 371 S.
1196 330 1322 371 Pauli
1350 332 1559 382 epistolae
1589 333 1720 373 Roma
1748 330 1891 373 (letae.
2628 321 2757 385 439

268 514 484 571 vocent,
521 514 720 559 temere
756 512 936 558 tamen
962 514 1016 559 et
1050 506 1216 557 nullis
1250 508 1477 571 idoneis,
1505 509 1576 559 ad
1601 509 1657 559 id
1687 510 1971 559 dicendum
2006 512 2153 573 moti,
2181 512 2360 561 causis
2395 510 2499 561 hoc
2534 510 2754 560 faciunt.

269 594 656 645 Adversarii
695 596 1088 645 authentiae
1125 600 1311 647 sunto:
1347 594 1430 645 De
1457 596 1655 658 Wette,
1692 596 1835 646 Einl.
1873 611 1923 660 p.
1950 599 2067 647 313.
2094 613 2135 647 s.
2174 595 2493 663 selim-eglon
2524 596 2750 660 nachap.

267 680 541 732 Zeitalter.
591 682 661 743 H,
694 684 814 733 330.
851 698 892 732 s.
931 682 1100 744 Baur,
1158 681 1360 731 Paulus
1407 697 1459 747 p.
1505 684 1626 733 418.
1673 698 1715 733 s.
1751 683 1971 744 Ewald‚
2022 684 2305 735 Sendschr.
2357 685 2407 734 d.
2444 684 2543 748 Ap.
2597 682 2754 734 Paul.

266 769 434 833 praef.
473 786 523 835 p.
555 772 633 819 12.
671 770 734 819 B.
771 770 965 831 Weiss,
1002 770 1206 821 Petrin.
1241 770 1596 835 Lehrbegriff.
1634 770 1811 821 Berol.
1853 772 2004 821 1855.
2041 788 2094 835 p.
2131 774 2250 821 426.
2290 772 2516 831 Weisse,
2556 770 2754 835 philos.

267 858 460 922 Dogm.
490 858 674 922 Leipz.
704 859 855 909 1855.
882 858 926 907 1.
951 874 1002 923 p.
1033 860 1147 907 146.
1199 857 1314 907 Hos
1353 862 1590 908 attamen
1626 859 1943 923 interpretes
1983 860 2074 923 qni
2125 857 2529 924 Scepticismum
2569 874 2757 925 exege-

267 946 434 993 ticum
471 944 721 995 invehere
759 950 810 994 et
847 944 1140 1009 provehere
1177 946 1319 995 omni
1357 944 1514 994 modo
1553 950 1833 1007 conantur,
1871 943 2215 995 refellebant:
2264 946 2463 1010 Meyer,
2492 945 2587 995 der
2611 945 2673 996 B.
2699 960 2751 995 a.

270 1030 319 1080 d.
348 1030 484 1095 Eph.
514 1030 594 1079 ed.
621 1030 717 1080 ΠΙ.
756 1030 900 1081 Einl.
928 1033 1090 1097 p..25.
1128 1046 1169 1081 s.
1209 1032 1462 1096 Riibiger,
1501 1031 1568 1081 de
1595 1031 1961 1097 Christologia
1995 1032 2242 1083 Paulina.
2278 1032 2349 1095 11,
2376 1034 2461 1082 42.
2510 1031 2750 1094 Hadess,

266 1116 412 1167 Einl.
448 1134 500 1182 p.
535 1120 616 1168 66.
655 1134 696 1167 s.
734 1118 920 1179 Bleek‚
959 1117 1104 1168 Einl.
1142 1135 1194 1184 p.
1231 1120 1349 1170 450.
1388 1119 1580 1181 Reuss,
1619 1118 1654 1168 1.
1690 1136 1735 1169 c.
1770 1136 1822 1185 p.
1863 1121 1978 1170 104.
2016 1119 2078 1169 A.
2116 1118 2402 1185 Kloepper,
2443 1120 2510 1170 de
2544 1121 2753 1185 origine

266 1204 617 1269 epistolarum
643 1204 711 1255 ad
737 1205 1004 1270 Ephesios
1043 1211 1097 1255 et
1123 1204 1474 1255 colossenses
1499 1221 1534 1255 a
1560 1206 1777 1257 Criticis
1811 1202 2244 1272 Tubingensibus
2285 1224 2313 1257 e
2351 1206 2521 1258 Gnosi
2558 1206 2754 1257 Valen-

267 1293 477 1341 tiniana
514 1293 760 1343 deducta.
801 1292 1090 1358 Gryphiae.
1122 1294 1274 1343 1853.
1311 1309 1362 1358 p.
1389 1296 1438 1343 8.
1465 1308 1508 1346 s.

477 1378 584 1429 Sed
633 1382 794 1430 etiam
839 1380 980 1430 male
1037 1380 1255 1445 quidam
1316 1386 1532 1429 sumunt
1575 1381 1831 1450 epistolam
1888 1381 2021 1435 hanc
2066 1384 2229 1450 fuisse
2275 1384 2345 1435 ad
2380 1383 2553 1453 plures
2599 1382 2752 1435 Asiae

266 1466 516 1519 Ecclesias
538 1468 684 1536 quasi
705 1467 1004 1536 encyclicam
1029 1466 1222 1517 datam.
1263 1466 1420 1527 Quod
1449 1466 1728 1532 encyclica
1760 1467 1935 1529 fuerit,
1963 1468 2086 1518 ideo
2112 1468 2425 1519 sumendum
2452 1485 2572 1519 esse
2596 1474 2751 1533 puta-

265 1558 416 1616 runt3
452 1555 579 1617 quia
603 1554 684 1603 sic
711 1554 908 1620 optime
934 1558 1156 1619 naturae
1181 1558 1236 1603 et
1260 1553 1430 1603 indoli
1457 1553 1721 1618 epistolae
1747 1553 2147 1618 respondeatur.
2176 1555 2313 1606 Nam
2339 1571 2459 1605 cum
2488 1556 2743 1621 Ephesiis

269 1641 577 1691 arctissimo
615 1640 792 1691 fuerat
827 1641 877 1691 d.
914 1640 1119 1690 Paulus
1157 1642 1354 1689 amoris
1391 1640 1883 1706 familiaritatisque
1920 1644 2239 1693 coniunctus
2274 1643 2509 1702 vinculo,
2558 1644 2612 1691 in
2648 1641 2755 1691 lec-

267 1734 411 1777 tores
437 1728 706 1791 Ephesios
745 1744 851 1779 non
877 1727 1142 1794 quadrare
1183 1730 1229 1789 1,
1260 1729 1322 1776 13
1351 1755 1414 1763 -
1445 1729 1536 1791 16;
1573 1728 1667 1776 ubi
1704 1727 1995 1792 Apostolus
2034 1730 2135 1779 ait:
2173 1744 2231 1779 se
2257 1730 2403 1794 quod
2429 1729 2589 1793 paulo
2626 1734 2752 1779 ante

265 1815 466 1865 Christi
503 1814 661 1865 fidem
709 1816 1060 1879 susceperint,
1110 1814 1363 1864 audiisse.
1413 1814 1487 1864 At
1534 1814 1670 1864 nihil
1719 1814 1846 1864 inde
1894 1818 2163 1880 sequitur,
2212 1832 2321 1865 non
2376 1818 2517 1865 enim
2570 1816 2746 1867 solum

265 1903 538 1967 recepisse
575 1902 827 1953 dicuntur
853 1901 1236 1967 Evangelium3
1273 1901 1368 1951 sed
1405 1906 1689 1966 postquam
1715 1902 2084 1964 credidissent,
2122 1904 2361 1969 signatos
2399 1918 2520 1953 esse
2547 1903 2751 1968 Spiritu

264 1995 474 2051 sancto,
513 1996 676 2055 atque
715 1992 795 2040 sic
831 1991 888 2040 in
924 1988 1030 2039 fide
1068 1996 1119 2039 et
1155 1990 1382 2039 caritate
1418 1990 1793 2053 permansisse.
1833 1989 1956 2039 Hoc
1993 1991 2167 2055 ipsum
2204 2006 2246 2041 s.
2285 1990 2506 2051 Paulus,
2542 1990 2749 2041 Romae

266 2092 362 2141 per
399 2078 644 2127 nuntium
681 2075 1006 2143 intelligens,
1045 2078 1226 2142 magni
1261 2075 1508 2126 beneficii
1546 2075 1669 2126 loco
1707 2076 1967 2139 habebat3
2004 2094 2101 2141 pro
2139 2092 2246 2142 quo
2284 2083 2338 2127 et
2362 2080 2565 2143 gratias
2592 2092 2752 2143 agere

263 2164 399 2225 Deo,
439 2170 494 2215 et
529 2170 588 2214 ut
623 2170 940 2230 perpetuum
975 2169 1136 2225 esset,
1182 2165 1390 2229 precari
1436 2180 1544 2213 non
1585 2164 1899 2214 desistebat.
1949 2163 2031 2215 cf.
2072 2163 2191 2215 Gal.
2218 2166 2267 2227 3,
2294 2164 2436 2215 4.11.
2476 2164 2598 2215 Cor.
2624 2166 2674 2226 6,
2703 2166 2749 2213 1.

265 2250 374 2301 Sed
419 2252 811 2303 admonitiones
849 2254 900 2312 2,
939 2254 1019 2302 11.
1049 2253 1131 2301 13.
1162 2253 1241 2301 19.
1269 2252 1317 2313 3,
1349 2253 1395 2300 1.
1421 2253 1470 2301 2.
1496 2253 1545 2311 4,
1575 2252 1657 2302 17.
1702 2250 1954 2301 videntur
2000 2250 2159 2303 datae
2206 2267 2326 2302 esse
2374 2252 2445 2301 ad
2492 2251 2749 2301 Ethnico-

266 2338 631 2402 Christianos3
669 2340 1026 2405 Ephesiorum
1064 2343 1244 2388 autem
1279 2338 1534 2388 Ecclesia
1580 2336 1725 2388 haud
1771 2340 1962 2389 minori
2000 2355 2221 2389 numero
2259 2354 2323 2389 ex
2359 2338 2585 2390 Judaeis
2624 2354 2751 2388 con-

263 2428 420 2477 stitit.
467 2427 635 2477 Porro
673 2425 816 2476 istud
853 2430 1225 2491 argumentum
1267 2425 1619 2475 decretorium
1646 2424 1925 2489 adpellant
1949 2431 2137 2476 contra
2163 2441 2271 2488 eos,
2300 2427 2392 2491 qui
2432 2424 2745 2486 defendunt,

264 2513 548 2578 epistolam
585 2514 660 2563 ad
698 2514 1025 2579 Ephesios
1063 2512 1276 2575 solos,
1328 2528 1462 2577 quos
1501 2528 1542 2562 s.
1594 2512 1799 2562 Paulus
1846 2514 2140 2563 instituerit
2186 2512 2379 2565 datam.
2432 2513 2752 2577 Largiamur

261 2600 296 2651 l.
324 2618 371 2651 c.
421 2602 734 2667 Apostolum
772 2600 1368 2651 Ethnico-Christianos
1405 2600 1633 2665 alloqui3
1674 2599 1730 2649 id
1766 2604 2051 2665 propterea
2086 2599 2237 2661 fecit,
2275 2604 2336 2649 ut
2372 2598 2439 2649 de
2477 2600 2748 2665 dignitate

261 2689 499 2756 aequali,
539 2704 646 2754 qua
683 2688 1225 2739 Ethnico·christiani
1273 2702 1394 2736 cum
1438 2686 1982 2738 Judaeo·christianis
2033 2686 2288 2737 censendi
2336 2692 2532 2749 essent,
2570 2687 2749 2737 dicere

260 2778 451 2841 possit.
491 2776 702 2827 Deinde
737 2781 914 2826 tamen
954 2782 1008 2825 et
1044 2774 1176 2824 talia
1211 2780 1605 2834 commemorat,
1646 2788 1784 2838 quae
1822 2775 1879 2823 in
1913 2773 2153 2824 Judaeos
2192 2774 2406 2824 cadunt.
2445 2774 2510 2823 E.
2536 2790 2586 2840 g.
2627 2777 2674 2835 1,
2702 2778 2748 2825 9.

265 2866 346 2915 10.
386 2866 435 2925 2,
463 2866 511 2913 3.
540 2866 622 2913 20.
649 2879 690 2913 s.
717 2864 766 2925 3,
793 2864 839 2913 6.
869 2878 909 2912 ει.
947 2861 1032 2912 Ad
1069 2862 1302 2911 muneris
1341 2866 1518 2911 autem
1556 2860 1663 2909 sibi
1700 2860 1887 2911 crediti
1914 2860 2237 2923 memoriam,
2276 2861 2419 2926 apud
2456 2860 2593 2911 alios
2622 2877 2751 2927 quo-

263 2966 368 3015 que
407 2955 461 2999 et
497 2951 778 3015 speciatim
828 2950 1119 3011 Romanos,
1169 2948 1418 3013 apposite
1465 2948 1725 2997 excitavit
1760 2946 2089 3009 lectores..3,
2125 2950 2173 2998 2.
2228 2949 2329 2999 Ast
2364 2948 2577 2999 levibns
2613 2963 2749 3013 quas

261 3053 360 3102 pro
415 3037 726 3087 charactere
779 3035 1062 3102 Epistulae
1115 3036 1276 3085 huius
1331 3035 1694 3101 encyclico
1750 3034 2002 3085 adferunt
2050 3036 2375 3086 coniecturis
2414 3064 2480 3073 —
2518 3053 2563 3086 e.
2602 3053 2647 3086 c.
2686 3036 2750 3086 A.

263 3124 512 3190 Bisping,
552 3124 723 3190 Exeg.
751 3123 966 3173 Handb.
1007 3140 1050 3173 z.
1086 3123 1136 3173 d.
1165 3122 1254 3173 Br.
1287 3122 1338 3173 d.
1377 3124 1438 3175 A.
1465 3122 1526 3172 P.
1554 3122 1746 3172 Mfinst.
1778 3124 1929 3173 1855.
1963 3122 2031 3172 11.
2067 3126 2115 3186 2,
2143 3126 2191 3174 9.
2217 3152 2301 3186 -,
2324 3128 2624 3189 repugnant
2660 3138 2751 3189 ea3

262 3226 403 3275 quae
441 3212 494 3260 in
534 3210 635 3261 hac
685 3210 754 3261 ad
805 3210 1075 3276 Ephesios
1123 3211 1336 3275 proprie
1386 3215 1631 3275 spectare
1679 3210 2083 3275 dignoscuntur.
2146 3210 2417 3261 Videlicet
2464 3211 2529 3260 de
2577 3227 2749 3261 rerum

263 3300 595 3364 magicarum
645 3298 826 3349 studio
874 3300 922 3361 2,
961 3300 1008 3348 2.
1047 3301 1097 3361 5,
1139 3300 1242 3361 11.;
1296 3297 1364 3347 de
1409 3296 1624 3347 effraeni
1674 3310 1879 3347 morum
1927 3296 2149 3347 lieentia
2183 3300 2235 3359 4,
2275 3300 2355 3347 19.
2394 3301 2443 3361 5,
2483 3300 2532 3348 3.
2569 3313 2637 3361 s.;
2684 3298 2751 3347 de

263 3386 706 3451 philosophorum
752 3387 1112 3451 praeposteris
1152 3385 1408 3436 doctrinis
1451 3387 1500 3447 5,
1540 3384 1616 3448 7.;
1668 3399 1807 3449 quae
1844 3390 2037 3435 cuncta
2072 3386 2145 3435 ad
2177 3385 2447 3450 Ephesios
2485 3387 2751 3450 pertinere

262 3479 413 3523 caret
439 3471 620 3525 dubio.
658 3474 723 3524 V.
748 3490 799 3539 p.
821 3475 940 3524 380.
979 3472 1138 3523 Unde
1163 3478 1218 3522 et
1241 3488 1284 3522 s.
1309 3472 1553 3537 Ignatius
1579 3472 1669 3535 M„
1696 3474 1751 3521 in
1779 3488 1860 3538 ep.
1888 3472 1957 3523 ad
1982 3472 2121 3538 Eph.
2144 3475 2226 3523 12.
2254 3489 2347 3523 eos
2374 3478 2560 3524 vocat:
2586 3472 2747 3525 Pauli

261 3562 584 3625 symmistae,
624 3562 714 3626 qui
750 3566 866 3611 tota
903 3558 1134 3626 epistola
1169 3574 1367 3609 memor
1403 3574 1584 3609 eorum
1622 3564 1765 3609 esset
1796 3562 1847 3609 in
1888 3560 2103 3612 Christo
2128 3558 2277 3611 Jesu.
2308 3560 2407 3626 Op.
2447 3560 2528 3611 ed.
2557 3560 2751 3611 Hefele

260 3665 310 3714 p.
353 3650 468 3702 176.
509 3648 588 3699 Cf.
627 3654 682 3699 et
718 3650 956 3713 inscript.
1004 3664 1085 3712 ep.
1125 3662 1174 3712 p.
1215 3648 1331 3697 155.
1381 3646 1574 3697 Mirum
1621 3662 1777 3712 porro
1823 3662 1931 3697 non
1980 3653 2079 3709 est,
2130 3646 2275 3712 quod
2323 3647 2617 3714 Apostolus
2674 3647 2745 3698 ad

260 3736 532 3801 Ephesios
571 3736 826 3799 scribens,
864 3734 940 3785 nil
979 3734 1272 3800 quidquam
1308 3748 1488 3784 eornm
1541 3748 1681 3799 quae
1728 3749 1787 3783 se
1836 3739 2120 3798 praesente
2170 3734 2372 3799 Ephesi
2412 3740 2564 3799 gesta
2601 3740 2750 3798 sunt3

261 3825 370 3873 imo
407 3821 543 3873 nihil
589 3838 772 3874 eorum
821 3838 958 3887 quae
1003 3822 1208 3873 Romae
1253 3828 1555 3887 agerentur,
1607 3823 2049 3871 commemorarit.
2102 3821 2259 3884 Quod
2309 3823 2447 3872 enim
2496 3820 2567 3871 ad
2605 3824 2749 3886 prius

261 3912 476 3973 attinet,
517 3926 623 3961 non
663 3911 924 3960 iudicavit
948 3910 1002 3959 id
1031 3910 1308 3975 expedire3
1345 3911 1701 3975 posteriorum
1727 3924 1853 3959 vero
1879 3924 1988 3959 non
2016 3910 2269 3973 meminit,
2310 3910 2437 3975 qnia
2461 3909 2751 3974 Tychicus,

260 3999 330 4048 ad
371 4014 527 4063 quem
562 4003 824 4062 provocat
859 4000 907 4059 6,
936 4000 1037 4060 21.,
1078 4012 1343 4062 exponere
1382 3997 1562 4047 omnia
1599 3998 1853 4047 disertius
1890 4000 2116 4061 poterat.
2158 3997 2309 4057 Quae
2347 3996 2644 4046 sententiae
2683 3997 2750 4046 de

259 4088 466 4151 scripta
500 4084 570 4135 ad
604 4085 874 4151 Ephesios
913 4086 1248 4135 obiectiones
1287 4090 1340 4135 et
1387 4084 1553 4135 dubia
1589 4090 1949 4149 opponuntur,
1998 4083 2137 4134 solvi
2175 4088 2419 4149 possunt.
2456 4081 2623 4133 Plura
2661 4082 2750 4132 da-

260 4176 398 4224 bunt
431 4172 482 4223 J.
522 4173 582 4223 C.
621 4172 785 4234 Wolf,
825 4188 920 4223 cur
956 4172 1085 4238 phil.
1126 4172 1209 4222 ed.
1247 4171 1315 4222 11.
1355 4187 1404 4236 p.
1433 4173 1482 4222 6.
1520 4188 1560 4221 s.
1599 4171 1665 4222 N.
1704 4170 1904 4233 Morus,
1943 4186 2196 4221 acroases
2234 4172 2292 4221 iu
2330 4186 2411 4236 ep.
2441 4171 2499 4221 P.
2528 4169 2600 4221 ad
2628 4169 2748 4221 Gal.

261 4268 315 4313 et
352 4260 554 4325 Ephes.
591 4260 740 4325 Lips.
770 4262 921 4311 1795.
957 4277 1008 4327 p.
1037 4262 1155 4311 279.
1193 4276 1234 4311 s.
1263 4258 1327 4309 G.
1367 4259 1455 4309 Fr.
1493 4258 1689 4320 Rinck,
1730 4257 1779 4307 d.
1818 4257 2078 4311 Sendsch.
2119 4257 2213 4308 der
2250 4258 2371 4309 Cor.
2410 4272 2481 4307 an
2512 4258 2562 4307 d.
2600 4258 2660 4307 A.
2689 4258 2747 4307 P.

258 4365 312 4399 u.
353 4348 402 4399 d.
443 4347 536 4400 111.
576 4346 860 4397 Sendschr.
897 4348 958 4397 P.
998 4362 1046 4396 a.
1087 4347 1136 4396 d.
1177 4347 1298 4397 Cor.
1338 4345 1588 4396 Heidelb.
1631 4347 1781 4395 1823.
1820 4361 1869 4410 p.
1898 4347 1979 4394 31.
2009 4361 2049 4395 s.
2086 4346 2138 4396 J.
2178 4346 2261 4395 Fr.
2300 4346 2501 4408 Wurm,
2539 4347 2596 4394 in
2624 4360 2745 4397 ann.

259 4437 398 4486 Tiib.
438 4434 698 4485 Zeitschr.
737 4434 770 4483 f.
809 4434 907 4484 Th.
962 4436 1111 4485 1833.
1149 4434 1188 4495 1,
1226 4435 1291 4484 97
1331 4448 1374 4482 s.
1419 4432 1662 4495 Har-less,
1715 4432 1748 4482 1.
1800 4450 1846 4485 c.
1885 4448 1934 4496 p.
1974 4434 2056 4481 54.
2096 4434 2295 4497 Meyer,
2333 4433 2369 4482 l.
2408 4449 2453 4482 c.
2492 4448 2547 4497 p.
2587 4434 2665 4484 13.
2706 4447 2748 4482 s.

262 4521 542 4585 Wieseler,
585 4521 950 4587 Chronologie
989 4520 1040 4571 d.
1077 4528 1250 4586 apost.
1289 4519 1592 4582 Zeitalters,
1631 4536 1682 4585 p.
1720 4522 1836 4569 443.
1876 4536 1919 4572 s.
