3267 5259
569 420 699 487 422
1306 434 1421 477 mnt.
1451 434 1558 477 Ber.
1587 434 1676 477 div.
1706 433 1874 477 Period.
1904 434 1960 477 11.
1983 446 2082 487 cap.
2112 435 2308 487 primum.

511 633 521 641 ·
572 618 843 675 manibus
884 619 929 675 A
942 615 1232 693 postolum
1272 615 1754 693 comprehensum
1799 616 1953 673 foras
1993 615 2258 674 trahunt.
2321 617 2510 692 Prope
2555 620 2708 689 emt,
2756 624 2818 675 ut
2857 620 2927 675 ab
2965 620 3028 675 iis

573 719 879 779 confestim
904 722 1317 790 trucidaretur,
1344 718 1459 777 nisi
1484 740 1520 778 a
1541 721 1992 796 superveniente
2015 720 2258 778 Claudio
2281 720 2464 798 Lysia
2485 721 2780 779 Romanae
2809 722 3036 781 cohortis

572 826 813 885 tribuno
842 826 1230 883 saevientium
1262 826 1533 883 manibus
1556 828 1791 899 ereptus
1821 823 2042 895 fuisset,
2069 825 2134 883 in
2159 828 2351 903 castra
2377 826 2761 884 deducendus.
2804 826 3038 903 Populus

572 936 768 989 autem
800 928 1108 987 tribunum
1140 928 1489 1005 postulabat,
1538 934 1606 985 ut
1636 927 1888 987 Paulum
1917 929 2217 999 occideret,
2263 934 2546 1007 tantaque
2573 930 2638 987 vi
2671 930 2864 1005 ipsum
2897 950 3034 989 com-

574 1034 880 1109 primebat,
928 1038 997 1091 ut
1040 1034 1110 1090 de
1152 1053 1217 1091 eo
1258 1034 1543 1109 portando
1588 1033 1898 1091 consilium
1945 1032 2164 1091 milites
2213 1033 2456 1091 inirent.
2521 1033 2780 1091 Ventum
2819 1040 2940 1091 erat
2977 1036 3040 1091 ad

573 1140 787 1213 gradus
816 1138 966 1195 arcis
998 1136 1292 1195 Antoniae
1312 1180 1327 1207 ,
1369 1156 1501 1195 cum
1534 1136 1848 1212 Apostolus
1879 1156 1914 1195 a
1955 1136 2196 1195 tribuno
2239 1140 2476 1196 veniam
2517 1139 2754 1195 dicendi
2787 1140 3040 1215 impetrat

574 1244 645 1301 ad
678 1242 1010 1299 concionem
1034 1240 1072 1299 ¹.
1128 1242 1369 1299 Sinente
1412 1242 1670 1313 tribum,
1713 1247 1782 1299 ut
1809 1243 1991 1300 verba
2019 1242 2241 1299 faceret
2259 1238 2300 1313 ²,
2336 1244 2526 1318 patrio
2556 1262 2822 1301 sermone
2849 1244 3041 1301 oratio·

574 1367 709 1405 nem
738 1348 950 1404 habuit
979 1347 1051 1404 ad
1083 1346 1382 1423 populum,
1419 1365 1534 1424 qua
1566 1366 1797 1404 omnem
1824 1346 2148 1405 vocationis
2180 1366 2318 1403 suae
2347 1351 2407 1404 et
2437 1347 2732 1405 missionis
2765 1348 2838 1406 ad
2867 1354 3042 1422 gentes

574 1472 699 1509 rem
730 1452 1051 1509 enarravit.
1114 1450 1244 1509 Hac
1285 1450 1321 1509 J
1324 1451 1643 1509 udaeorum
1688 1450 1872 1509 animi
1913 1452 2054 1509 adeo
2085 1452 2531 1523 exacerbantur,
2580 1458 2650 1511 ut
2681 1452 2992 1511 tollendum
3017 1472 3044 1507 e

575 1556 764 1613 medio
818 1556 1119 1612 hominem
1166 1554 1495 1613 istiusmodi
1542 1555 1868 1613 clamarent
1886 1600 1900 1625 ,
1965 1574 2084 1613 non
2142 1556 2302 1613 enim
2347 1558 2662 1615 convenire
2717 1576 2853 1614 eum
2909 1559 3048 1614 inter

573 1662 739 1718 vivos
792 1658 1144 1737 relinquere.
1222 1658 1518 1717 Tribunus
1566 1658 1662 1717 cui
1717 1659 1948 1733 ignotus
1995 1666 2123 1717 erat
2173 1660 2477 1718 Hebraeus
2535 1680 2744 1733 sermo,
2799 1680 2866 1718 ea
2916 1681 3046 1739 quae

577 1762 889 1839 Apostolus
929 1762 1165 1821 dixerat
1204 1764 1449 1821 minime
1488 1768 1806 1833 assecutus,
1853 1768 2127 1842 ratusque
2169 1784 2245 1821 ex
2282 1763 2486 1841 populi
2525 1765 2790 1823 tumultu
2828 1766 3042 1842 proiici-

577 1867 729 1926 entis
760 1868 943 1945 pallia
972 1874 1031 1925 et
1063 1868 1368 1945 pulverem
1400 1868 1694 1939 iactantis,
1729 1868 1954 1947 aliquid
1986 1870 2060 1927 ab
2091 1888 2155 1926 eo
2187 1869 2250 1927 in
2281 1874 2514 1943 gentem
2543 1889 2710 1927 suam
2734 1870 2832 1929 vel
2855 1870 3046 1945 Legem

576 1972 895 2049 prolatum;
926 1973 1099 2031 iussit
1128 1993 1173 2031 s.
1208 1972 1463 2030 Paulum
1494 1974 1555 2030 in
1590 1978 1781 2031 castra
1811 1973 2035 2044 ducere,
2085 1972 2292 2047 flagris
2321 1978 2624 2031 coacturus
2653 1974 3044 2033 innocentissi-

579 2080 937 2137 mumvirum
959 2078 1155 2147 fateri,
1182 2097 1298 2156 quo
1324 2079 1559 2135 tandem
1582 2079 1707 2137 sive
1733 2098 1873 2136 vero
1895 2080 2022 2136 sive
2047 2082 2265 2135 temere
2295 2079 2516 2135 credito
2548 2078 2799 2137 crimine
2819 2080 2856 2137 J
2857 2080 3048 2137 udaeo-

580 2202 713 2239 rum
762 2182 825 2238 in
871 2200 931 2238 se
974 2182 1094 2239 iras
1132 2201 1315 2261 usque
1360 2182 1501 2239 adeo
1545 2184 1918 2240 accendisset.
1967 2182 2206 2240 Praesto
2247 2184 2368 2239 iam
2424 2186 2552 2241 erat
2595 2182 2881 2261 quaestio,
2923 2202 3042 2241 cum

577 2286 633 2343 d.
668 2285 885 2344 Paulus
917 2286 989 2344 ad
1023 2290 1312 2344 torturam
1343 2285 1619 2360 alligatus
1651 2306 1710 2343 se
1751 2286 2012 2345 Roman
2027 2306 2138 2345 um
2179 2288 2367 2345 civem
2399 2288 2715 2363 professus,
2761 2308 2792 2345 e
2823 2286 3050 2361 vestigio

578 2390 835 2449 vinculis
866 2389 1117 2447 solvitur
1136 2386 1179 2448 3.
1224 2389 1307 2448 Ut
1336 2410 1477 2447 vero
1500 2390 1802 2448 seditionis
1833 2409 2066 2449 causam
2097 2389 2433 2467 exploraret
2461 2394 2759 2465 tribunus,
2793 2392 3050 2469 postridie

579 2514 811 2553 causam
856 2513 1049 2553 coram
1080 2494 1354 2572 synedrio
1394 2488 1595 2553 dicere
1616 2494 1807 2554 iussit.
1869 2494 2184 2571 Apostolus
2227 2502 2535 2575 postquam
2577 2497 2746 2555 fandi
2777 2498 2888 2556 sibi
2923 2508 3049 2554 esset

578 2602 761 2675 copia,
804 2600 1051 2658 intentis
1092 2600 1155 2657 in
1186 2618 1515 2658 consessum
1558 2599 1773 2658 oculis:
1823 2600 1983 2659 omni
2023 2601 2176 2659 bona
2213 2604 2572 2660 conscientia
2599 2603 2674 2659 ad
2713 2622 2850 2660 eum
2887 2620 3050 2679 usque

580 2706 735 2761 diem
767 2710 1173 2762 conversatum
1202 2724 1261 2761 se
1292 2724 1410 2761 esse
1442 2708 1577 2763 ante
1610 2704 1803 2762 Deum
1841 2710 2200 2781 protestatur
2221 2702 2264 2762 ⁴.
2329 2707 2592 2765 Ananias
2629 2726 2771 2765 vero
2809 2726 3050 2766 summus

582 2808 850 2885 pontifex
892 2828 1009 2867 non
1040 2808 1233 2867 ferens
1264 2810 1436 2867 istam
1467 2808 1531 2866 in
1565 2829 1664 2867 reo
1692 2808 1968 2889 loquendi
2009 2809 2370 2881 facultatem,
2407 2812 2755 2887 Apostolum
2785 2814 2856 2870 ab
2887 2832 3046 2889 appa·

582 2916 867 2973 ritoribus
921 2915 985 2971 in
1038 2934 1097 2971 os
1151 2914 1313 2972 caedi
1364 2914 1554 2971 iussit.
1630 2912 1822 2977 Quam
1875 2914 2162 2973 iniuriam
2214 2916 2270 2974 d.
2313 2914 2532 2975 Paulus
2583 2918 2758 2991 gravi
2809 2916 3048 2975 oratione

583 3019 932 3094 increpavit.
1011 3018 1156 3077 Cum
1204 3022 1401 3077 autem
1454 3020 1949 3077 animadverteret
1999 3019 2276 3097 Synedrii
2323 3040 2627 3081 assessores
2682 3022 2896 3098 partim
2943 3039 3047 3077 esse

584 3124 971 3193 Sadducaeos,
1028 3124 1245 3197 partim
1298 3123 1666 3193 Pharisaeos3
1719 3128 2114 3200 opportunum
2167 3126 2421 3196 censuit,
2475 3128 2524 3183 si
2573 3128 2733 3184 inter
2773 3146 2890 3184 sese
2930 3125 3046 3182 illos

584 3227 991 3297 committeret,
1024 3246 1139 3305 quo
1169 3229 1382 3285 bonam
1412 3246 1577 3285 suam
1608 3246 1840 3284 causam
1875 3232 2158 3286 tueretur.
2193 3228 2568 3287 Exclamavit-
2597 3250 2658 3287 se
2689 3230 3042 3288 Pharisaeum

585 3352 720 3403 esse,
768 3333 869 3409 qui
901 3330 965 3389 in
996 3332 1086 3388 ius
1124 3332 1486 3403 traheretur;
1531 3333 1673 3409 quia
1714 3332 2195 3390 resurrectionem
2238 3338 2600 3393 mortuorum
2642 3336 2870 3394 doceret
2887 3332 2925 3392 ⁵.
2967 3332 3044 3390 Ea

586 3574 699 3625 dies
724 3576 835 3624 voti
860 3577 943 3625 sui
968 3574 1168 3641 pariter
1202 3573 1511 3623 laberentur
1547 3588 1666 3622 cum
1705 3573 1895 3623 diebus
1931 3573 2199 3623 hominum
2237 3572 2463 3635 illorum,
2501 3574 2592 3640 qui
2629 3574 2904 3641 aliquanto
2937 3578 3046 3622 ante

586 3662 941 3711 Nazareatum
976 3663 1262 3711 vovissent.
1318 3659 1475 3722 Quod
1500 3664 1822 3709 momentum
1847 3662 2100 3725 temporis
2123 3660 2218 3709 ubi
2247 3662 2472 3711 instaret
2496 3662 2716 3727 quidam
2741 3678 2806 3712 ex
2829 3663 3046 3728 pervica-

587 3748 736 3798 cibus
761 3748 985 3798 Judaeis
1022 3748 1275 3809 asiaticis,
1314 3748 1405 3811 qui
1431 3746 1501 3796 ad
1524 3746 1718 3797 festum
1754 3746 2122 3807 ascenderant,
2157 3746 2385 3797 Paulum
2420 3749 2476 3797 in
2513 3748 2737 3814 Templo
2777 3747 3047 3814 conspicati

586 3835 868 3885 tuinultum
888 3834 1313 3897 concitaverunt3
1340 3834 1545 3898 magnis
1565 3838 1619 3883 et
1636 3832 1923 3883 inconditis
1943 3833 2265 3883 clamoribus
2284 3834 2659 3897 vociferantes,
2687 3836 2830 3901 quod
2847 3835 3044 3885 inducto

586 3923 641 3971 in
666 3920 797 3970 illud
824 3920 1128 3986 Trophimo,
1156 3919 1365 3969 bomine
1393 3919 1609 3985 ephesio
1639 3924 1691 3969 et
1715 3919 2101 3982 incircumciso,
2129 3922 2544 3972 sacratissimum
2573 3920 2754 3971 locum
2777 3921 3048 3987 polluisset.

802 4008 837 4072 ¹)
876 4007 983 4057 Ubi
1020 4022 1211 4071 graece
1249 4006 1551 4071 loquentem
1588 4006 1904 4071 Apostolum
1941 4006 2201 4057 audiisset
2235 4008 2479 4057 tribunus
2513 4009 2885 4074 interrogavit:
2917 4024 3050 4057 num·

590 4094 717 4161 quid
743 4095 1039 4159 Aegyptius
1074 4092 1166 4143 ille
1204 4098 1359 4155 esset,
1400 4095 1489 4158 qui
1526 4110 1696 4160 nuper
1731 4098 1936 4143 tantum
1973 4093 2250 4144 turbarum
2287 4094 2540 4145 dederat?
2575 4095 2752 4161 Negat
2787 4096 2836 4144 d.
2871 4094 3052 4145 Paulus

590 4182 861 4233 affirmans
899 4196 955 4231 se
981 4180 1248 4230 Judaeum
1287 4180 1561 4246 religione,
1602 4182 1817 4230 civitate
1853 4196 1982 4230 vero
2019 4181 2355 4242 Tarsensem,
2395 4182 2539 4231 urbis
2576 4198 2688 4232 non
2723 4183 2972 4233 obscurae
3005 4182 3052 4228 in

590 4268 779 4319 Cilicia
812 4269 983 4317 civem
1017 4283 1149 4318 esse.
1200 4266 1242 4331 2)
1268 4266 1475 4316 Indicto
1511 4282 1672 4317 manu
1712 4267 1938 4317 silentio.
1991 4266 2034 4330 ³)
2062 4268 2358 4317 Narrantur
2383 4268 2498 4317 Act.
2521 4270 2607 4331 21,
2638 4270 2936 4318 17—e.22.
2957 4284 3003 4332 p.
3023 4267 3054 4313 i.

590 4356 633 4419 ⁴)
665 4355 781 4403 Act.
806 4356 890 4415 23,
920 4356 964 4403 1.
1016 4355 1057 4417 ⁵)
1094 4353 1295 4404 Paulus
1326 4354 1591 4419 quomodo
1622 4360 1804 4403 votum
1831 4352 2006 4405 adhuc
2029 4354 2208 4405 facere
2233 4359 2458 4420 poterat,
2499 4371 2562 4405 eo
2587 4356 2750 4405 modo
2775 4360 2975 4421 poterat
3007 4360 3054 4401 et

590 4440 1005 4491 Pharisaismum
1052 4440 1305 4505 profiteri.
1355 4440 1656 4491 Laudabile
1708 4446 1824 4491 erat
1869 4440 2276 4491 Pharisaeorum
2325 4440 2518 4507 dogma
2573 4442 2640 4491 de
2689 4442 3056 4493 resurrectione

592 4532 933 4576 mortuorum.
982 4528 1065 4577 Ex
1103 4528 1235 4578 Jesu
1276 4528 1666 4579 resurrectione
1701 4528 1987 4593 Evangelii
2035 4529 2234 4577 veritas
2283 4529 2498 4593 pendet,
2535 4533 2591 4579 et
2625 4527 2922 4579 Sadducaei
2965 4527 3056 4575 ini·

593 4612 807 4679 quiores
854 4620 1005 4664 erant
1040 4616 1155 4664 sine
1206 4614 1367 4664 dubio
1417 4614 1760 4677 Christianis;
1817 4630 1880 4664 eo
1937 4614 2080 4680 quod
2125 4614 2203 4664 illi
2253 4616 2694 4666 resurrectionem
2748 4620 3057 4666 mortuorum
