3267 5259
540 392 673 459 330
1288 406 1407 449 mat.
1436 407 1543 449 nov.
1577 406 1667 449 «nv.
1697 406 1865 450 renea.
1893 406 1950 449 11.
1971 418 2064 459 οη.
2093 406 2292 460 primm.

541 586 641 646 sed
684 590 745 647 et
788 587 863 646 iis
906 587 1229 649 instructus
1272 588 1503 647 dotibus
1520 632 1536 661 ,
1592 608 1742 667 quae
1785 590 1860 647 ad
1905 606 1998 647 res
2045 589 2364 666 prudenter
2403 592 2466 647 et
2491 589 2734 647 fortiter
2761 588 3050 663 gerendas

542 691 945 770 requiruntur.
1006 692 1384 751 Humilitatis
1414 712 1551 768 ergo
1582 694 1881 751 testandae
1909 694 2118 767 gratia,
2151 699 2212 751 et
2238 696 2308 751 ut
2335 713 2396 751 se
2425 694 2772 751 auditorum
2797 712 3048 751 suorum

543 795 741 871 captui
784 797 1200 867 accomodaret,
1253 792 1471 869 ἰδιώτης
1512 790 1590 871 τῷ
1634 792 1795 873 λόγῳ
1821 794 1860 869 ¹,
1913 804 2118 873 sponte
2161 797 2350 855 factus
2395 802 2482 855 est
2529 799 2886 876 quandoque
2931 818 3050 855 non

542 918 770 977 semper
782 896 827 958 ².
860 900 1125 959 Moribus
1146 920 1331 977 purus
1354 906 1656 979 castumque
1679 902 1800 959 fuit
1817 899 1862 960 ³.
1894 902 2214 961 Huncvero
2235 902 2574 960 nativitatis
2597 907 2662 959 et
2679 902 3052 961 educationis

542 1124 856 1189 gravissime
892 1124 1295 1174 enunciatarum
1334 1128 1476 1175 esset
1508 1125 1704 1190 posita,
1743 1125 1788 1175 si
1813 1125 2064 1190 cuiquam
2087 1128 2230 1175 certe
2267 1124 2438 1175 Paulo
2475 1124 2857 1175 adscribenda.
2913 1124 3048 1175 Cum

545 1212 685 1261 enim
720 1224 917 1277 magna
952 1211 1090 1262 foret
1122 1212 1181 1261 in
1206 1226 1271 1261 eo
1308 1211 1473 1261 animi
1494 1211 1575 1261 vis
1602 1215 1658 1261 et
1682 1210 1865 1261 divina
1901 1210 2165 1278 quaedam
2199 1212 2488 1273 subtilitas,
2525 1213 2720 1267 mentis
2757 1212 3050 1277 imaginem

543 1298 826 1348 scribendo
854 1300 1141 1363 expressit3
1178 1297 1305 1347 hinc
1328 1300 1385 1349 in
1410 1299 1523 1348 eius
1561 1299 1806 1365 epistolis
1832 1326 1899 1335 —-
1923 1314 1978 1350 u.
2013 1316 2064 1349 v.
2089 1328 2154 1336 —
2181 1298 2364 1349 nullae
2393 1315 2501 1349 non
2529 1302 2748 1349 exstant
2771 1304 3049 1347 oratorum

542 1384 772 1451 figurae,
820 1400 931 1435 non
966 1384 1092 1435 illae
1140 1385 1353 1451 quidem
1390 1385 1459 1435 ad
1500 1384 1772 1435 rhetorum
1817 1391 2108 1451 praecepta
2151 1387 2478 1451 compositae
2512 1411 2579 1422 —-
2615 1385 2809 1451 procul
2855 1385 3052 1435 aberat

545 1472 801 1539 Apostolo
840 1486 1069 1537 operosa
1098 1474 1357 1523 sermonis
1390 1473 1447 1523 in
1472 1487 1598 1524 suos
1624 1472 1830 1522 reducti
1866 1488 2114 1523 numeros
2151 1472 2369 1522 ambitio
2395 1498 2479 1535 —-‚
2507 1488 2692 1523 verum
2728 1474 2942 1538 ingemi
2981 1472 3050 1521 ad

543 1573 727 1609 omnes
774 1557 987 1608 dicendi
1024 1559 1259 1611 rationes
1296 1560 1623 1625 paratissimi
1659 1558 1938 1627 producta.
2001 1559 2082 1611 cf.
2115 1562 2149 1610 i.
2182 1560 2234 1610 J.
2267 1560 2358 1609 Fr.
2391 1559 2665 1622 Bottcher,
2703 1559 2776 1610 de
2809 1574 3050 1625 parono-

542 1645 715 1695 masia
758 1644 1103 1711 finitimisque
1150 1646 1199 1696 ei
1235 1645 1419 1712 figuris
1452 1645 1626 1696 Paulo
1663 1646 1764 1713 Ap.
1801 1646 2170 1713 frequentatis.
2229 1644 2380 1712 Lips.
2419 1648 2571 1697 1823.
2603 1646 2648 1695 1.
2693 1662 2747 1712 p.
2787 1647 2838 1697 3.
2881 1662 2930 1695 s.
2977 1646 3050 1695 Π.

547 1733 697 1782 1824.
734 1747 787 1798 p.
816 1732 932 1782 127.
958 1748 1002 1783 s.
1041 1737 1094 1782 et
1129 1732 1265 1783 alios
1301 1749 1343 1783 s.
1370 1747 1419 1783 a.

754 1818 795 1884 ¹)
832 1818 902 1869 Π.
938 1817 1060 1870 Cor.
1097 1822 1178 1882 11,
1204 1821 1253 1870 6.
1328 1818 1369 1886 ³)
1408 1818 1490 1870 Of.
1526 1818 1791 1883 Tholuck‚
1829 1819 1952 1871 einl.
1989 1819 2400 1887 Bemerkungen
2433 1820 2490 1870 in
2527 1818 2625 1871 das
2661 1818 2920 1869 Studium
2957 1818 3054 1869 der

544 1905 689 1973 paul.
725 1906 921 1970 Briefe,
958 1908 1015 1957 in
1039 1922 1203 1957 verm.
1230 1906 1443 1957 Schrifl'..
1479 1906 1676 1957 Hamb.
1705 1909 1857 1959 1839.
1891 1907 1964 1972 11,
1989 1909 2109 1958 271.
2133 1923 2176 1957 s.
2223 1906 2548 1973 Reithmayr,
2583 1906 2726 1957 Einl.
2766 1923 2821 1972 p.
2845 1908 2982 1957 61⁰.
3007 1920 3050 1955 s.

543 1992 844 2059 Dollinger,
880 1992 1279 2045 Christenthum
1315 2010 1367 2059 p.
1404 1994 1520 2044 145.
1548 2008 1590 2043 s.
1665 1992 1706 2060 2)
1742 1994 1859 2044 Act.
1885 1996 1970 2058 23,
1999 1996 2046 2045 1.
2093 1993 2230 2044 Phil.
2256 1996 2305 2057 8,
2332 1995 2382 2043 6.
2429 1994 2499 2044 11.
2524 1994 2660 2044 Tim.
2686 1995 2734 2055 1,
2761 1994 2814 2043 3.
2879 1990 2948 2042 Si
2987 2008 3054 2043 ea

544 2080 807 2142 attendas,
834 2080 1027 2146 quibus
1053 2095 1112 2131 se
1138 2080 1311 2131 civilis
1335 2079 1589 2131 honestas
1615 2080 1988 2131 commendare
2012 2080 2151 2131 solet
2173 2082 2422 2130 eximium
2447 2081 2502 2129 in
2527 2078 2738 2129 modum
2759 2078 3050 2129 elucebat:

543 2167 789 2233 generosi
838 2168 1002 2218 animi
1048 2167 1325 2231 alacritas,
1376 2168 1553 2218 fervor
1602 2172 1764 2234 atque
1811 2167 2146 2233 intrepiditas
2193 2168 2330 2217 nulli
2378 2166 2574 2217 cedens
2621 2165 2942 2215 difficultati
2987 2181 3052 2215 ac

543 2254 799 2321 periculo.
848 2255 965 2307 Act.
994 2256 1040 2316 7,
1066 2256 1149 2305 57.
1177 2256 1261 2305 59.
1298 2257 1383 2317 22,
1410 2257 1459 2305 4.
1488 2257 1568 2305 19.
1620 2254 1778 2316 Quod
1813 2256 1861 2305 si
1897 2256 2068 2321 quiin
2102 2255 2206 2305 hoc
2241 2253 2392 2304 aditu
2419 2255 2624 2325 speciem
2657 2271 2852 2323 quoque
2879 2256 3052 2307 Paula·

544 2342 851 2411 corporisque
886 2342 1113 2395 habitum
1149 2342 1527 2405 desiderarent,
1554 2370 1621 2378 —
1647 2341 1882 2393 solemus
1907 2343 2046 2392 enim
2071 2342 2328 2393 delectari
2351 2341 2685 2391 considerato
2713 2354 3050 2405 magnorum

544 2428 778 2478 virorum
814 2428 983 2490 vultu,
1018 2428 1187 2478 veluti
1225 2428 1459 2495 quodam
1492 2430 1684 2479 mentis
1715 2430 1951 2495 speculo,
1975 2456 2045 2465 —-
2068 2444 2178 2479 non
2211 2428 2316 2478 hac
2353 2429 2512 2479 etiam
2545 2428 2602 2477 in
2636 2432 2808 2493 parte,
2849 2442 3048 2493 quam-

545 2530 707 2581 quam
760 2514 813 2565 S.
858 2514 911 2567 S.
965 2515 1099 2565 nihil
1152 2515 1472 2583 prodiderit,
1529 2514 1794 2567 desiderio
1842 2516 1930 2567 isti
1979 2531 2088 2567 non
2137 2516 2352 2566 omnino
2407 2514 2674 2565 consuluit
2718 2515 3048 2579 antiquitas.

544 2600 763 2652 Statura
808 2602 975 2653 fuisse
1018 2602 1213 2653 dicitur
1259 2602 1543 2666 mediocri,
1592 2608 1870 2669 compacto
1920 2616 2142 2667 corpore
2190 2606 2245 2652 et
2289 2602 2534 2663 robusto,
2579 2600 2740 2650 firmis
2787 2602 3050 2651 cruribus

544 2690 806 2755 surisque,
844 2691 1021 2755 capite
1047 2689 1218 2752 calvo,
1257 2690 1497 2755 aquilino
1520 2705 1656 2742 naso
1682 2716 1749 2727 —-
1775 2689 1922 2756 quod
1945 2688 2158 2757 quidem
2183 2690 2228 2738 si
2253 2688 2532 2739 Platonem
2557 2688 2820 2749 audimus,
2853 2688 3050 2754 regiae

546 2774 819 2841 dignitatis
856 2782 973 2826 erat
1008 2780 1061 2827 et
1096 2777 1484 2842 praestantiae,
1518 2804 1586 2814 —-
1620 2776 1908 2827 contractis
1951 2776 2256 2841 iunctisque
2299 2774 2614 2841 superciliis.
2675 2774 2876 2823 Vultus
2927 2779 3050 2824 erat

548 2862 1067 2913 consideratissimae
1102 2862 1464 2914 meditationis
1500 2862 1679 2925 index,
1717 2862 1812 2913 sed
1839 2861 1979 2912 idem
2017 2862 2202 2912 divina
2236 2861 2470 2927 quadam
2507 2862 2678 2927 gratia
2701 2865 2756 2910 et
2781 2861 3048 2911 comitate

544 2952 887 3013 temperatus.
930 2948 1083 3000 Haec
1102 2965 1201 3000 nos
1222 2949 1381 3015 plane
1407 2950 1704 2999 certissima
1723 2964 1858 3011 esse,
1883 2953 1946 2999 ut
1961 2964 2070 2999 non
2090 2948 2534 3009 contenderimus,
2559 2948 2638 2997 sic
2655 2952 2840 2997 tamen
2861 2949 3048 2997 neuti-

546 3048 705 3100 quam
742 3034 1010 3097 videmus,
1050 3050 1145 3085 cur
1180 3034 1311 3085 fides
1350 3050 1533 3086 eorum
1566 3035 1817 3086 laborare
1854 3034 2076 3099 debeat3
2113 3039 2370 3101 tantoque
2405 3036 2606 3085 minus:
2649 3034 2780 3099 quia
2816 3048 2866 3083 a.
2905 3034 3047 3083 nihil

544 3122 599 3170 in
636 3120 739 3171 hac
774 3120 977 3188 figurae
1014 3122 1371 3187 descriptione
1414 3124 1734 3190 reperiatur,
1783 3120 1927 3187 quod
1961 3122 2230 3186 ing-entem
2273 3120 2432 3171 Pauli
2476 3122 2710 3170 animum
2745 3119 3044 3183 dedeceat3

545 3213 708 3273 atque
744 3208 796 3258 b.
835 3210 965 3275 quia
1000 3224 1117 3259 cum
1155 3208 1409 3259 Actorum
1443 3208 1694 3271 Theclae,
1735 3208 1818 3259 ed.
1856 3208 2038 3259 Const.
2074 3207 2442 3269 Tischendorf,
2481 3212 2604 3257 acta
2638 3206 2828 3271 Apost.
2853 3220 3044 3272 apocr.

544 3294 762 3360 Lipsiae
789 3296 941 3346 1851.
971 3312 1023 3361 p.
1050 3296 1133 3345 41.
1168 3296 1487 3359 testimonio,
1524 3296 1918 3347 inimicissimus
1957 3294 2258 3345 Christiano
2295 3294 2512 3357 nomini,
2551 3294 2642 3360 qui
2675 3293 2779 3344 sub
2805 3308 3044 3356 persona

544 3380 775 3431 Luciani
798 3380 944 3445 latet,
971 3385 1199 3449 scriptor
1222 3380 1527 3450 Φιλοπατρῖς
1550 3382 1582 3446 ἢ
1608 3377 1974 3451 διδασκόμενος,
2001 3382 2300 3431 consentiat
2317 3396 2363 3430 c.
2387 3382 2469 3431 10.
2487 3380 2573 3429 ed.
2591 3378 2782 3429 Matth.
2803 3380 3046 3431 Geasner

544 3465 667 3516 Jen.
695 3468 846 3518 1715.
872 3485 925 3534 p.
954 3470 1068 3518 132.
1112 3468 1195 3519 cf.
1222 3469 1435 3531 Harles,
1462 3468 1530 3519 ad
1554 3468 1792 3519 Fabricii
1817 3468 1958 3519 Bibl.
1985 3467 2075 3518 Gr.
2102 3467 2166 3530 V,
2193 3468 2312 3517 344.
2337 3468 2387 3516 5,
2429 3466 2666 3529 Kellner,
2685 3466 2830 3516 Tfib.
2849 3466 3042 3527 Quart.

550 3554 699 3602 1864.
730 3570 783 3619 p.
808 3556 892 3604 48.
919 3568 961 3604 s.
1002 3553 1141 3617 „Sed
1164 3561 1467 3621 postquam,
1494 3555 1682 3606 scribit
1707 3554 2000 3618 Lucianus,
2025 3555 2081 3604 in
2113 3552 2414 3604 Galilaeum
2435 3552 2603 3602 incidi
2631 3552 3041 3615 recab-astrum,

546 3654 804 3691 nasonem
822 3668 888 3678 ——
910 3636 1281 3710 ἀναφαλαντίας,
1304 3638 1569 3710 eampum,
1586 3668 1653 3678 -
1668 3642 1761 3708 qui
1779 3656 1875 3707 per
1895 3644 2023 3690 aera
2038 3638 2308 3701 incedens,
2327 3640 2384 3689 in
2403 3640 2614 3689 tertium
2630 3654 2810 3705 usque
2829 3640 3042 3689 coelum

546 3740 605 3776 se
631 3732 1051 3792 penetraverat.“
1095 3728 1379 3779 Manifeste
1404 3728 1541 3778 ridet
1564 3726 1720 3778 Pauli
1747 3723 1990 3787 ἔκστασιν,
2015 3740 2174 3791 quam
2197 3724 2376 3790 phrasi
2403 3724 2806 3791 aristophanica
2829 3742 2877 3775 c.
2903 3726 3040 3775 Neb.

546 3815 609 3865 A.
633 3814 676 3865 1.
698 3830 739 3865 s.
760 3817 809 3865 3.
834 3816 905 3865 in.
928 3816 1185 3881 exprimit.
1236 3814 1471 3865 Similem
1509 3812 2020 3881 prosopographiam
2053 3812 2303 3874 Malalas,
2339 3811 2622 3877 chronogr.
2657 3812 2695 3861 l.
2725 3813 2807 3862 10.
2837 3828 2892 3878 p.
2917 3814 3038 3863 109.

546 3900 711 3951 habet
746 3906 799 3951 et
831 3901 1180 3967 Nicephorus,
1216 3902 1285 3952 H.
1312 3902 1378 3951 E.
1410 3902 1479 3963 11,
1506 3902 1591 3951 37.
1626 3902 1672 3963 1,
1700 3901 1816 3951 196.
1878 3899 2077 3949 Verum
2111 3899 2417 3964 primaevae
2451 3898 2738 3948 Ecclesiae
2773 3897 2844 3947 de
2879 3898 3040 3947 Pauli

546 3989 725 4053 specie
748 3988 1027 4053 formaque
1052 3990 1300 4039 exteriori
1322 4004 1554 4051 sensum,
1580 3987 1725 4037 haud
1745 3986 1916 4037 solum
1935 4001 1966 4035 e
1985 3984 2322 4035 laudatorum
2345 3985 2662 4050 scriptorum
2687 3985 2868 4035 verbis
2887 3984 3038 4034 colli·

546 4090 671 4141 gere
694 4074 837 4137 licet,
875 4075 970 4125 sed
996 4074 1296 4125 confirmari
1320 4080 1497 4141 potest
1521 4090 1567 4124 c.
1593 4072 1866 4123 nonnullis
1891 4071 2048 4122 Pauli
2071 4071 2412 4137 imaginibus,
2445 4086 2583 4136 quae
2615 4070 2792 4121 adhuc
2825 4076 3040 4121 exstant

547 4163 771 4227 primam
792 4162 941 4213 illam
964 4161 1245 4212 Ecclesiae
1271 4166 1501 4212 aetatem
1528 4160 1898 4211 referentibus.
1949 4158 2027 4208 Cf.
2055 4174 2097 4208 s.
2117 4157 2446 4222 Hieronymi,
2471 4158 2528 4207 in
2551 4156 2680 4207 Jon.
2699 4159 2750 4219 4,
2769 4158 2820 4207 6.
2843 4174 2895 4223 p.
2915 4160 3038 4207 425.

546 4248 619 4296 Et
640 4252 703 4298 ut
725 4249 779 4297 in
806 4248 1177 4299 vetustissimis
1202 4247 1531 4308 haereamus,
1570 4247 1788 4312 quaein
1813 4246 1998 4295 vitreis
2025 4244 2426 4309 conspiciuntur
2447 4244 2758 4309 fragmentis
2783 4258 3038 4293 vasorum

548 4350 577 4383 e
615 4336 946 4385 coemeteriis
990 4334 1191 4385 Romae
1228 4339 1495 4385 erutorum
1530 4360 1599 4371 -
1636 4346 1860 4398 quorum
1906 4331 2012 4382 duo
2058 4345 2183 4381 aere
2219 4330 2493 4395 eleganter
2533 4331 2708 4380 incisa
2743 4330 2812 4381 ob
2849 4329 3038 4379 oculos

550 4420 731 4488 posuit
776 4420 1094 4487 Pogginius,
1143 4420 1211 4470 de
1248 4436 1377 4471 rom.
1413 4420 1465 4470 d.
1501 4419 1648 4470 Petri
1683 4419 1798 4468 itin.
1845 4433 2016 4468 exerc.
2053 4417 2169 4467 XX.
2214 4432 2267 4483 p.
2303 4416 2424 4467 458.
2467 4444 2526 4453 -
2567 4414 2756 4466 doctor
2797 4416 3038 4482 gentium

548 4506 903 4571 conspicitur:
952 4508 1127 4557 fronte
1162 4507 1373 4569 calvus,
1419 4506 1628 4572 capillis
1665 4504 1901 4571 undique
1937 4504 2248 4566 fluentibus,
2291 4503 2546 4553 brevibus
2581 4502 2708 4553 licet
2745 4509 2799 4552 et
2833 4504 3034 4552 circum

548 4593 794 4655 attonsis,
830 4591 1089 4644 barbatus
1124 4618 1191 4628 —
1225 4608 1345 4643 cum
1380 4594 1437 4643 in
1474 4594 1678 4644 oriente
1719 4590 1942 4641 barbam
1985 4591 2130 4641 alere
2173 4594 2303 4640 tunc
2339 4590 2594 4656 temporis
2641 4606 2758 4641 mos
2801 4596 2938 4640 esset
2973 4594 3036 4638 et
