3267 5259
1110 480 1171 519 na
1198 480 1475 521 Ethnieomm
1504 479 1751 531 nauffinna.
2591 466 2686 517 GV

220 659 307 709 illis
326 664 539 720 exueret,
558 672 703 723 quae
728 656 973 707 haberet.
1011 656 1133 719 Qua
1150 662 1231 707 est
1254 658 1453 708 astutia
1477 657 1722 720 daemon,
1741 656 1943 707 homini
1968 672 2135 723 pravo
2161 659 2376 723 negotio
2397 660 2683 724 persuasit,

222 754 267 795 ut
296 746 507 795 divinum
542 746 1015 811 transgrederetur
1048 744 1383 809 mandatum3
1422 750 1585 809 atque
1621 761 1719 795 suo
1757 750 1979 810 peccato
2017 761 2076 794 se
2113 750 2168 794 et
2204 760 2412 795 omnem
2449 732 2678 810 posteri·

222 840 355 885 tatem
394 833 639 899 paradiso
688 840 745 883 et
790 833 1189 883 immortalitate
1234 834 1483 897 privaret.
1520 860 1587 869 —-
1623 832 1690 882 V.
1728 850 1772 882 s.
1806 833 2170 895 Jnstinnm,
2221 832 2327 882 vel
2377 834 2682 899 quisquis

223 928 320 983 est,
352 928 677 971 auctorem
718 920 1228 979 Cohortationis
1266 920 1345 970 ad
1384 920 1674 970 Graecos
1711 937 1763 970 n.
1791 923 1874 970 21.
1911 921 2086 969 inter
2122 919 2222 983 Op.
2249 920 2330 969 ed.
2357 902 2492 969 Ven.
2517 938 2567 985 p.
2597 922 2682 970 22.

222 1009 274 1057 de
298 1009 589 1059 monarchia.
611 1010 686 1059 ib.
715 1026 767 1074 p.
794 1010 878 1059 36.
907 1038 971 1045 —
998 1008 1103 1058 Sed
1136 1010 1219 1070 iia,
1260 1023 1393 1073 quos
1432 1008 1647 1058 debitae
1683 1023 1892 1073 poenae
1929 1009 2198 1057 sententIa
2221 1007 2516 1073 colligarat,
2555 1024 2678 1057 mox

220 1098 361 1161 gratia
392 1096 589 1147 affulsit
624 1095 898 1159 indebita3
938 1096 1054 1145 Deo
1080 1111 1175 1161 pro
1202 1096 1461 1145 immensa
1484 1110 1613 1160 erga
1636 1111 1738 1145 nos
1773 1095 2136 1145 misericordia
2161 1096 2343 1160 primis
2368 1095 2682 1161 parentibus

222 1190 263 1233 et
290 1184 397 1234 inde
447 1184 759 1245 nascituris,
808 1182 1095 1248 pollicente
1144 1184 1199 1231 in
1236 1182 1515 1248 paradiso,
1562 1198 1722 1248 quem
1764 1184 1820 1231 in
1857 1182 2187 1247 plenitudine
2229 1183 2482 1253 temporis
2519 1184 2679 1245 misit,

224 1286 433 1331 ,semen
466 1271 809 1321 mulieris“
851 1286 959 1336 quo
998 1270 1243 1321 diabolus
1282 1260 1597 1320 vinceretur.
1659 1270 1723 1320 L.
1761 1270 1829 1319 H.
1865 1271 1928 1319 R.
1965 1271 2033 1319 D.
2071 1272 2134 1320 V.
2160 1268 2221 1320 T.
2259 1288 2311 1336 p.
2341 1272 2422 1320 14.
2449 1286 2492 1319 s.
2553 1271 2684 1319 Post

220 1360 441 1423 promissa
477 1358 614 1407 haec
654 1358 722 1407 de
759 1357 1022 1407 solvenda
1056 1356 1259 1407 diaboii
1294 1362 1563 1422 potestate
1600 1357 1801 1407 homini
1837 1358 2008 1421 facta3
2057 1374 2164 1409 non
2213 1358 2314 1408 sibi
2354 1359 2525 1408 otioso
2565 1372 2682 1407 esse

220 1445 349 1495 licere
388 1446 657 1511 malignus
704 1445 797 1495 illc
846 1446 1061 1511 spiritus
1108 1446 1445 1495 existimavit.
1508 1445 1645 1495 Fors
1690 1445 1930 1511 alioquin
1965 1448 2203 1512 putavit3
2249 1446 2390 1509 fieri,
2428 1452 2490 1495 ut
2525 1462 2682 1512 quem

220 1532 427 1597 paradiso
478 1533 703 1583 coelesti
742 1538 795 1583 et
842 1534 1079 1583 terrestri
1125 1533 1351 1582 eiectum
1402 1532 1698 1597 gaudebat,
1747 1534 2035 1599 recipiatur
2072 1540 2124 1583 ct
2160 1534 2212 1583 in
2251 1534 2488 1598 coelum3
2539 1534 2683 1583 unde

222 1623 310 1686 ipse
350 1620 681 1687 irreparabili
734 1636 863 1671 casu
914 1620 1197 1683 ceciderat,
1246 1620 1478 1686 gloriose
1527 1620 1800 1670 evehatur.
1873 1621 1956 1669 Ex
2005 1620 2190 1671 iisdem
2241 1622 2404 1685 igitur
2448 1622 2684 1671 invidiae

220 1708 406 1757 stimulis
440 1710 699 1774 percitus,
738 1706 793 1757 id
831 1709 1071 1773 gestivit3
1112 1713 1171 1757 ut
1192 1724 1301 1757 non
1327 1713 1563 1758 cessaret
1598 1709 1770 1774 ipsum
1808 1708 2114 1771 sollicitare,
2151 1724 2247 1773 pro
2283 1722 2384 1759 sua
2419 1724 2682 1774 quemque

220 1794 387 1857 indole,
433 1796 501 1845 ad
554 1810 715 1845 omne
752 1795 965 1859 peccati
1000 1810 1197 1860 genus:
1246 1810 1311 1845 ac
1346 1796 1585 1860 inprimis
1622 1802 1685 1844 ut
1720 1799 2018 1845 creaturam
2067 1796 2304 1845 colerent
2339 1823 2406 1831 —
2443 1796 2592 1845 Rom.
2635 1798 2681 1857 1,

220 1884 474 1949 ‘eL—pro
517 1884 641 1933 Deo
679 1898 789 1932 non
826 1884 943 1933 sine
979 1882 1245 1932 horrenda
1280 1883 1447 1931 divini
1484 1883 1716 1932 numinis
1755 1883 1966 1931 iniuria.
2029 1882 2184 1931 Unde
2223 1880 2276 1932 S.
2315 1882 2368 1932 S.
2406 1883 2593 1932 Patres
2631 1888 2684 1931 et

221 1968 477 2034 Scriptores
516 1970 939 2019 Ecclesiasticus
970 1996 1029 2005 —
1056 1968 1573 2031 Tertullianum,
1612 1968 1678 2017 dc
1703 1967 2008 2018 idololatria
2043 1970 2086 2031 Ι,
2117 1972 2201 2020 29.
2228 1986 2270 2019 s.
2316 1969 2681 2034 Origenem,

218 2064 371 2105 contra
402 2056 619 2107 Celsum
657 2057 701 2119 I,
744 2060 789 2107 1.
826 2074 871 2106 s.
910 2056 1106 2118 XVIII,
1150 2060 1220 2105 11.
1265 2071 1307 2105 s.
1368 2072 1411 2106 s.
1451 2054 1878 2120 cyprianum,
1927 2055 1994 2104 de
2035 2056 2162 2105 idol.
2201 2059 2364 2106 vanit.
2402 2054 2596 2119 11,‘13.
2635 2073 2678 2107 s.

220 2142 562 2207 Eusebium,
601 2145 795 2210 Praep.
835 2159 1023 2209 evang.
1056 2144 1097 2205 Ι,
1136 2146 1183 2193 5.
1222 2162 1271 2209 p.
1304 2145 1381 2193 14.
1408 2157 1451 2191 s.
1490 2142 1571 2192 cd.
1612 2141 1800 2192 Colon.
1850 2158 1892 2192 e.
1923 2140 2388 2204 Athanasium,
2427 2142 2682 2193 Oratione

218 2236 369 2280 contra
392 2232 592 2281 Gentes
620 2233 671 2292 8,
700 2234 750 2280 9.
782 2232 825 2291 1,
854 2246 901 2281 a.
929 2247 979 2296 p.
1010 2234 1055 2280 7.
1082 2248 1123 2281 s.
1165 2230 1515 2280 Minatium
1550 2230 1684 2292 Fal„
1711 2232 1766 2280 in
1794 2230 2017 2280 Octavio
2045 2231 2210 2279 XXV.
2235 2230 2430 2280 XXVI.
2455 2230 2678 2279 XXVII.

218 2334 258 2381 p.
279 2320 349 2367 34.
370 2334 409 2369 s.
455 2337 498 2369 s.
521 2320 1001 2383 Augustinum,
1040 2318 1105 2367 de
1137 2318 1291 2367 Civit.
1326 2319 1395 2367 D.
1421 2317 1455 2368 l.
1484 2317 1602 2367 VII.
1630 2334 1676 2367 c.
1701 2320 1785 2368 34.
1812 2320 1896 2367 35.
1922 2334 1968 2367 c.
1999 2320 2044 2367 1.
2070 2334 2121 2383 p.
2149 2320 2267 2367 296.
2295 2334 2336 2367 s.
2363 2318 2396 2368 l.
2425 2316 2571 2366 VIII.
2597 2319 2680 2365 24.

218 2406 275 2452 ib.
304 2422 349 2470 p.
382 2408 494 2456 336.
558 2424 605 2455 s.
646 2406 973 2471 cyrillum
1009 2405 1177 2467 Alex„
1230 2406 1522 2455 Comment.
1570 2407 1625 2454 in
1661 2405 1881 2455 Esaiam
1919 2404 2008 2454 lib.
2047 2405 2088 2455 Ι.
2128 2421 2203 2454 or.
2242 2407 2290 2454 5.
2344 2404 2426 2455 cd.
2462 2404 2683 2454 Aubcrti

218 2490 275 2549 II,
308 2495 411 2543 146.
466 2494 838 2544 Theodorc
854 2498 1017 2554 tum,
1066 2494 1335 2558 interpret.
1372 2494 1429 2542 in
1464 2492 1737 2541 Psalmum
1775 2492 1968 2541 CXIII.
2007 2508 2052 2541 e.
2093 2508 2138 2541 c.
2179 2495 2225 2553 1,
2265 2494 2312 2541 2.
2359 2509 2410 2558 p.
2453 2494 2600 2541 1410.
2639 2508 2681 2541 s.

216 2579 635 2643 Prudentinm,
673 2583 731 2629 in
768 2580 1061 2646 Apotheosi
1098 2597 1146 2630 ν.
1186 2580 1487 2629 CCCCXX.
1513 2595 1555 2629 s.
1582 2597 1633 2645 p.
1663 2581 1780 2629 284.
1811 2596 1852 2629 s.
1880 2608 1944 2617 --
1973 2579 2206 2629 omnium
2234 2580 2448 2628 minime
2486 2580 2679 2629 erroris

218 2680 433 2717 accusare
470 2669 631 2718 decet
668 2674 723 2717 et
766 2666 923 2731 licet3
971 2682 1089 2716 cum
1131 2666 1401 2716 hominum
1440 2682 1474 2716 a
1508 2682 1639 2716 vera
1675 2668 1728 2715 in
1756 2667 1947 2729 Deum,
1993 2668 2209 2715 unicum
2256 2667 2674 2731 omnipotentem

222 2768 366 2803 rerum
398 2758 637 2805 omnium
674 2759 988 2815 creatorem,
1026 2752 1129 2803 fide
1166 2752 1540 2817 deficientium,
1580 2760 1917 2819 corruptores
1952 2754 2118 2803 fuisse
2157 2753 2443 2803 daemones
2480 2752 2680 2815 dicunt,

217 2856 405 2903 quorum
436 2842 711 2893 illecebris
748 2841 961 2907 culpam
1000 2841 1275 2905 assignant
1315 2840 1650 2890 idololatriae
1696 2846 1880 2890 ortae
1926 2847 1980 2890 et
2023 2856 2138 2906 pro
2151 2845 2465 2905 pagatac,
2518 2846 2679 2907 atque

217 2928 379 2992 quibus
412 2942 681 2995 responsa
720 2928 1059 2979 oraculorum
1095 2942 1425 2993 paganorum
1464 2928 1718 2977 tribuunt.

388 3018 541 3077 Quod
564 3019 629 3067 in
652 3018 835 3082 specie
862 3016 1139 3065 oracula
1173 3015 1605 3065 Ethnicorum
1632 3016 1838 3077 attinet,
1879 3030 2184 3081 quanquam
2209 3017 2438 3065 Divinae
2464 3016 2682 3065 Literac

216 3100 391 3153 illorum
423 3119 646 3155 causam
684 3110 871 3169 aperte
906 3119 1015 3153 non
1054 3104 1323 3169 aperiant3
1364 3119 1429 3153 ea
1452 3109 1630 3153 tamen
1657 3103 1840 3152 dieunt
1863 3102 1996 3152 locis
2031 3118 2138 3152 non
2170 3104 2375 3167 paucis,
2415 3118 2556 3168 quae
2581 3118 2680 3153 nos

216 3204 292 3251 per
320 3205 371 3240 se
392 3207 448 3241 se
471 3192 770 3241 inducunt:
808 3196 870 3240 ut
892 3191 1176 3240 credamus
1214 3191 1501 3241 daemones
1540 3189 1768 3240 oraculis
1805 3189 2118 3255 praefuisse.
2167 3190 2454 3239 Enimvero
2482 3189 2680 3239 Sacrae

217 3272 481 3341 scripturae
502 3277 804 3344 aliquando
824 3278 1001 3328 aiunt:
1022 3293 1241 3328 omnes
1267 3279 1562 3343 gentium
1585 3278 1760 3327 Deos
1787 3292 1932 3327 esse
1960 3277 2329 3338 daemonia,
2351 3282 2404 3326 et
2423 3276 2682 3341 quidquid

214 3361 309 3413 Diis
339 3365 605 3415 immolant
640 3364 889 3415 homines
920 3364 1271 3415 daemonibus
1298 3365 1570 3415 immolare
1607 3364 1650 3413 Ι.
1677 3362 1799 3413 Cor.
1828 3366 1910 3427 10,
1937 3366 2048 3427 20.3
2087 3362 2377 3429 aliquando
2408 3363 2682 3413 Israelitas

216 3448 515 3515 redarguunt,
554 3452 707 3517 quod
732 3451 873 3501 filios
908 3466 1035 3501 suos
1060 3452 1479 3501 Ammonitarum
1510 3450 1670 3501 idolis
1707 3450 2068 3500 sacrificantes
2095 3450 2442 3500 daemonibus
2477 3455 2676 3499 macta-

216 3543 310 3586 rent
330 3538 535 3589 Denter.
550 3541 641 3601 32,
659 3540 776 3603 17.;
802 3538 1023 3589 eaedem
1044 3554 1143 3588 nos
1164 3537 1394 3603 denique
1420 3538 1615 3587 docent
1636 3536 1944 3586 Beelzebub
1963 3538 2128 3587 fuisse
2147 3538 2440 3602 principem
2468 3536 2680 3586 daemo—

216 3624 402 3674 niorum.
438 3626 575 3677 coll.
601 3627 775 3676 Marc.
802 3628 853 3689 3,
874 3628 958 3677 22.
1007 3626 1233 3692 Oportet
1256 3641 1387 3676 sane
1413 3625 1702 3675 daemones
1739 3626 2012 3691 negotium
2047 3624 2266 3689 aliquod
2292 3639 2412 3673 cum
2449 3623 2680 3673 oraculis

216 3711 451 3772 gentilium
482 3714 773 3776 habuisse;
813 3715 1065 3779 quoniam
1092 3712 1380 3764 Christiani
1408 3712 1599 3762 virtute
1625 3713 1800 3762 crucis
1831 3714 2048 3777 spiritus
2075 3712 2206 3761 istos
2230 3710 2494 3776 malignos
2523 3727 2678 3777 coge·

214 3795 333 3858 bunt,
364 3805 421 3847 ut
452 3814 637 3851 coram
674 3802 903 3866 paganis
940 3800 1336 3865 profiterentur:
1386 3814 1445 3851 se
1482 3799 1702 3864 angelos
1742 3799 2053 3864 deceptores
2091 3804 2296 3847 tantum
2335 3814 2482 3863 esse3
2521 3798 2680 3848 iidem

217 3896 349 3949 saepe
371 3902 587 3938 numero
612 3889 683 3937 iis
708 3886 978 3937 silentium
1014 3887 1341 3949 indicebant,
1380 3892 1541 3953 atque
1569 3886 1928 3937 exturbabant
1957 3892 2064 3935 tam
2091 3901 2154 3935 ex
2181 3885 2482 3936 hominibus
2521 3900 2678 3950 quam

218 3982 268 4015 ex
288 3972 516 4023 oraculis.
544 4002 614 4011 —
642 3974 872 4039 Dignus,
899 3974 991 4039 qui
1012 3972 1115 4023 hac
1142 3974 1209 4023 de
1233 3990 1291 4023 re
1316 3974 1540 4039 legatur,
1570 3978 1654 4023 est
1675 3973 2097 4035 Lactantius,
2135 3973 2366 4022 Institut.
2395 3972 2498 4021 div,
2525 3972 2558 4021 l.
2585 3972 2678 4034 IV,

216 4054 281 4103 27.
312 4057 347 4119 1,
381 4061 496 4111 220.
534 4076 579 4111 s.
614 4090 679 4097 —
724 4059 813 4109 Sic
848 4061 1010 4126 igitur
1046 4060 1229 4126 lapsus
1266 4059 1441 4123 homo,
1480 4060 1696 4109 deflexit
1731 4060 1800 4108 ad
1837 4060 2082 4125 proprias
2120 4059 2583 4120 ratiocinationes;
2621 4061 2678 4109 in

217 4143 379 4205 quibus
412 4148 757 4212 postmodum
788 4162 951 4197 sensu
976 4154 1029 4197 et
1052 4147 1247 4197 affectu
1272 4163 1370 4197 suo
1398 4147 1603 4209 ductus,
1642 4162 1821 4196 amore
1858 4162 2034 4196 rerum
2071 4147 2474 4206 mundanarum,
2511 4146 2678 4211 negli-

217 4230 357 4290 gendo
380 4239 431 4282 et
452 4234 853 4285 contemnendo
878 4235 1141 4299 promissa
1164 4235 1269 4284 Dei
1306 4235 1551 4299 insignia,
1588 4234 1648 4283 in
1671 4235 1894 4284 terrenis
1920 4234 2168 4283 fiduciam
2195 4238 2247 4282 et
2272 4232 2680 4284 delectationem

216 4316 548 4372 collocaverat.
601 4322 729 4371 Non
766 4321 1109 4387 praelucente
1144 4322 1313 4371 Verbi
1347 4322 1525 4371 Divini
1563 4323 1700 4384 face,
1737 4323 1844 4371 ruit
1878 4322 1934 4369 in
1972 4336 2208 4370 errorum
2238 4334 2497 4370 occanum
2537 4322 2681 4373 circa

218 4403 473 4465 spiritualia
496 4416 550 4458 et
576 4408 857 4471 coelestia,
884 4423 1023 4475 quae
1050 4410 1380 4474 comparavit
1404 4408 1801 4473 corporalibus3
1830 4422 2064 4472 eousque
2088 4423 2428 4473 progressum
2453 4414 2514 4458 ut
2537 4410 2677 4460 iusto

216 4486 298 4538 Dei
318 4492 505 4545 iudicio
530 4501 687 4545 vetus
712 4494 801 4544 ille
827 4495 985 4557 orbis,
1012 4496 1131 4545 Noa
1154 4500 1209 4545 et
1229 4494 1435 4545 familia
1470 4496 1585 4543 eius
1611 4496 1864 4560 exceptis,
1895 4494 2096 4544 diluvio
2133 4500 2278 4545 totus
2315 4495 2675 4548 intercideret.

218 4571 343 4627 Unde
366 4590 549 4645 sponte
576 4583 823 4647 sequitur
848 4581 1006 4633 altius
1031 4582 1431 4633 ascendendum
1456 4588 1509 4632 et
1534 4583 1827 4647 origines
1851 4581 2290 4631 idololatriae
2315 4598 2424 4633 non
2446 4586 2514 4634 ab
2533 4584 2676 4633 aedi-

220 4656 427 4717 ficatione
444 4670 603 4719 turris
629 4668 939 4733 babelicae3
966 4668 1060 4719 sed
1080 4669 1324 4735 elapsu
1350 4669 1632 4721 hominis
1657 4668 1980 4734 petendas
2008 4668 2434 4721 esse.-Cf.H.
2449 4671 2511 4721 R.
2527 4672 2594 4721 D.
2609 4671 2674 4723 V.
