3267 5259
575 442 662 505 20
1334 452 1452 493 mat.
1480 463 1572 493 rev.
1599 451 1689 493 div.
1720 450 1891 493 Pei-iod.
1919 451 1956 491 1.
1978 460 2073 501 cap.
2103 450 2301 501 primun.

573 627 928 693 Zacharias
973 627 1138 691 haec
1185 625 1267 691 de
1314 625 1358 691 J
1360 649 1573 692 oanne
1617 627 2009 691 vaticinatus
2055 634 2186 709 est3
2232 623 2352 689 sed
2396 632 2721 710 quotquot
2764 622 2847 687 de
2898 622 3060 687 illius

576 752 719 805 ortu
767 740 1139 822 audierant,
1187 751 1454 826 stupore
1500 740 1897 804 admirantes
1952 737 2253 824 prodigia
2298 760 2467 824 quae
2514 739 2573 801 ei
2631 738 3059 820 contigerunt,

575 852 1016 939 quaerebant:
1080 855 1225 937 quis
1271 862 1463 938 putas
1518 874 1685 938 puer
1730 854 1849 916 iste
1896 851 2106 916 erit?¹
2196 850 2239 916 J
2242 874 2487 916 oannes
2547 872 2677 936 quo
2727 848 3063 913 erescebat

573 976 809 1048 aetate,
853 988 930 1029 eo
976 963 1318 1028 erescebat
1355 966 1618 1050 spiritu3
1664 966 1835 1029 vires
1874 963 2171 1049 adeptus,
2212 965 2407 1027 ‘tecta
2444 964 2651 1027 sancti
2690 984 3059 1048 quanquam

572 1077 991 1142 immaculata
1025 1079 1316 1163 parentis
1354 1076 1612 1159 deserit,
1650 1100 1728 1141 ac
1765 1076 1990 1141 turbas
2028 1076 2380 1158 hominum,
2421 1084 2781 1160 coetusque
2824 1098 3059 1139 noeen-

571 1199 700 1274 tes,
747 1213 828 1254 ac
873 1190 1044 1256 solas
1101 1190 1250 1255 loca
1293 1190 1504 1255 tendit
1563 1190 1648 1255 ad
1704 1192 1881 1255 invia
1922 1192 2213 1272 terras‘²‚
2260 1188 2346 1253 ad
2390 1200 2649 1275 tempus
2678 1210 2887 1273 usque
2934 1210 3058 1272 quo

573 1325 808 1367 munus
852 1325 1042 1367 suum
1085 1303 1418 1367 inchoavit
1444 1306 1486 1366 3.

825 1619 886 1698 ἓ.
935 1620 994 1685 6.
1069 1615 1268 1681 Divi
1301 1615 1682 1681 -Joannis
1725 1615 2179 1701 Baptistae
2224 1614 2813 1680 ministerium.

777 1840 975 1905 Anno
1039 1842 1264 1926 quinto
1314 1838 1568 1905 decimo
1612 1841 1870 1927 imperii
1915 1840 2157 1905 Tiberii
2204 1840 2524 1921 Caesaris,
2570 1840 2805 1905 Pontio
2851 1837 3057 1903 Pilato

572 1953 870 2035 iudaeae
938 1953 1274 2039 praeside,
1341 1952 1610 2019 Herode
1686 1954 1933 2040 Antipa
2000 1962 2065 2017 et
2130 1952 2429 2039 Philippo
2506 1961 2703 2038 atque
2776 1950 3063 2037 Lysania

571 2066 910 2131 tetrarchis
928 2116 944 2149 ,
1019 2067 1216 2131 Anna
1291 2077 1356 2131 et
1430 2066 1685 2153 Caipha
1742 2088 2063 2133 summum
2146 2065 2583 2131 sacerdotium
2647 2063 3061 2129 tenentibus⁴

569 2338 867 2404 designant.
941 2337 1100 2387 Canit
1153 2342 1330 2388 antem
1385 2338 1674 2389 Zacharias
1732 2338 1867 2387 Luc.
1916 2340 1970 2402 1,
2019 2340 2242 2389 68-79,
2312 2339 2417 2387 Dei
2461 2337 2676 2387 laudest
2738 2337 3057 2387 Benedictus

573 2426 836 2475 Dominus
889 2424 1039 2475 Deus
1093 2424 1286 2474 Israel!
1343 2430 1502 2490 atque
1561 2424 1715 2474 affert
1758 2424 2084 2475 laudationis
2139 2439 2357 2475 causam
2399 2441 2451 2474 v,
2496 2425 2581 2475 68.
2618 2426 2705 2475 69.
2775 2424 2876 2475 Est
2928 2424 3057 2473 haec

568 2512 802 2561 visitatio
852 2512 1088 2577 gratiosa
1133 2527 1228 2577 per
1263 2511 1550 2561 adventum
1595 2512 1855 2575 Messias,
1902 2527 1968 2561 ex
2005 2528 2111 2577 quo
2158 2512 2466 2574 constabat,
2503 2511 2681 2561 Deum
2721 2510 2861 2561 velle
2897 2526 3057 2575 prope

570 2598 760 2649 adesse
796 2598 1116 2661 hominibus,
1143 2599 1314 2663 iisque
1351 2600 1666 2663 promissam
1689 2598 1745 2647 in
1768 2597 1878 2647 filio
1904 2614 2001 2647 suo
2030 2598 2255 2647 salutem
2283 2598 2589 2663 plenissime
2627 2597 2859 2663 elargiri.
2906 2598 3057 2645 Hanc

571 2685 798 2735 salutem
848 2685 966 2735 fuse
1005 2685 1237 2750 explicat
1261 2690 1422 2751 atque
1447 2684 1695 2735 illustrat.
1720 2702 1771 2734 V.
1800 2686 2021 2734 70-75,
2068 2683 2282 2750 Apellat
2318 2688 2495 2733 autem
2526 2683 2815 2733 Zacharias
2842 2698 3057 2748 regnum

575 2770 773 2821 Christi
826 2786 1034 2821 cornu
1087 2771 1354 2834 salutis,
1404 2776 1458 2821 et
1510 2772 1586 2821 ait
1640 2772 1807 2821 erexit
1860 2787 1906 2821 c.
1950 2788 2017 2834 s.,
2060 2772 2189 2836 quia
2240 2786 2461 2835 regnum
2512 2771 2619 2819 Dei
2671 2768 3055 2835 quodammodo

570 2856 831 2907 deiectum
857 2857 1153 2921 videbatur,
1187 2874 1284 2923 per
1308 2857 1504 2909 Christi
1527 2858 1814 2908 adventum
1839 2862 2073 2907 erectum
2098 2862 2151 2907 et
2172 2857 2229 2907 in
2254 2857 2466 2907 sublimi
2489 2857 2723 2923 positum
2756 2856 2943 2921 fulget.
2980 2855 3057 2905 cf.

573 2944 726 3003 J.,A.
763 2943 1026 3006 Noesselss
1064 2944 1200 3009 disp.
1239 2943 1308 2993 ad
1343 2944 1477 2995 Luc.
1518 2948 1564 3007 1,
1602 2946 1669 2995 69
1706 2946 1763 2993 in
1800 2960 1984 3011 opusc.
2021 2944 2091 2994 ad
2126 2946 2345 3009 interpr.
2382 2942 2436 2993 S.
2464 2942 2517 2993 S.
2542 2943 2667 2992 Hal.
2696 2944 2845 2993 1785.
2886 2942 2968 2992 ed.
2990 2943 3056 2991 ΙΙ.

565 3031 603 3081 l.
643 3034 697 3093 1,
733 3032 816 3080 29.
851 3047 894 3081 s.
954 3031 1111 3091 Quod
1155 3046 1312 3097 porro
1360 3032 1667 3097 exponitur:
1724 3030 1934 3081 dedisse
1980 3030 2359 3082 redemtionem
2405 3030 2474 3080 ab
2524 3030 2770 3079 omnibus
2816 3030 3055 3089 inimicis,

571 3134 666 3182 per
690 3116 1058 3167 liberationem
1095 3132 1370 3184 acorpore
1405 3119 1631 3184 peccati,
1658 3133 1693 3168 a
1728 3118 1942 3179 mundo,
1980 3123 2148 3169 morte
2186 3122 2241 3167 et
2276 3117 2506 3180 diabole,
2544 3118 2699 3183 cuius
2731 3116 3057 3166 liberationis

571 3208 714 3253 certe
759 3220 869 3253 non
913 3204 1132 3256 alterius
1180 3205 1385 3255 fructus
1431 3210 1538 3255 est:
1585 3209 1646 3254 ut
1680 3204 1783 3255 hoc
1818 3204 1976 3254 modo
2012 3205 2227 3254 liberati
2272 3205 2389 3253 Deo
2426 3204 2723 3253 serviamus
2760 3209 2815 3253 et
2848 3202 3057 3269 quidem

571 3284 793 3357 ἀφόβως,
829 3292 887 3339 in
925 3292 1208 3341 sanctitate
1246 3296 1299 3341 et
1335 3292 1554 3352 iustitia,
1593 3290 1823 3357 qualiter
1867 3291 2023 3341 decet
2066 3291 2305 3341 salvatos
2348 3291 2609 3355 sanguine
2655 3289 2751 3339 filii
2788 3290 2911 3339 Dei.
2980 3289 3057 3339 Ad

566 3376 733 3426 filium
779 3380 1044 3443 postremo
1081 3394 1322 3428 sermone
1360 3380 1701 3440 convertitur,
1738 3394 1789 3427 v.
1830 3379 1911 3428 76.
1940 3380 2021 3427 77.
2060 3382 2115 3427 et
2160 3394 2411 3443 quorsiun
2448 3378 2503 3426 in
2538 3376 2715 3427 lucem
2761 3377 2937 3426 editus
2972 3378 3055 3435 sit,

571 3463 857 3527 praedicit:
899 3464 998 3525 Tu,
1036 3465 1225 3529 inquit,
1259 3462 1335 3513 fili
1371 3463 1597 3513 feliciter
1631 3470 1791 3515 natus
1830 3480 1903 3528 es,
1943 3468 2003 3514 ut
2037 3463 2298 3530 propheta
2334 3464 2407 3514 sis
2445 3468 2498 3512 et
2522 3476 2843 3529 praecursor
2870 3462 2975 3511 Dei
2996 3490 3055 3499 —-

566 3548 812 3599 Messias.
883 3550 1070 3599 Finem
1107 3550 1521 3615 praedicationis
1561 3550 1795 3599 delineat
1832 3555 1991 3616 atque
2028 3566 2092 3600 eo
2134 3551 2400 3616 pertinere
2438 3549 2619 3599 docet:
2662 3554 2723 3598 ut
2760 3548 2850 3599 det
2882 3550 3055 3613 cogni·

574 3638 770 3685 tionem
803 3636 994 3686 salutis
1017 3652 1115 3701 per
1137 3636 1390 3687 Messinm
1425 3636 1756 3699 afferendae,
1784 3652 1921 3701 quae
1947 3638 2003 3685 in
2027 3637 2337 3687 remissione
2372 3640 2715 3702 peccatorum
2752 3636 3057 3701 gratiaeque

567 3737 785 3771 munere
820 3726 1080 3773 versatur.
1133 3722 1343 3773 Cuncta
1378 3721 1512 3772 haec
1551 3724 1800 3773 evenient
1821 3739 1917 3790 per
1942 3722 2202 3773 infinitam
2236 3722 2667 3785 misericordia-m,
2694 3736 2804 3787 qua
2826 3722 3057 3771 visitavit

569 3824 682 3870 nos,
721 3824 991 3874 prospere,
1031 3826 1095 3859 ex
1132 3810 1240 3859 alto
1280 3809 1430 3859 coelo
1469 3809 1687 3859 Oriens!
1736 3809 1895 3859 Zach.
1922 3811 1971 3873 3,
1998 3812 2047 3861 8.
2085 3812 2134 3873 6,
2162 3811 2244 3859 12.

777 3911 814 3979 ¹)
851 3913 984 3963 Luc.
1016 3916 1060 3976 1,
1089 3915 1171 3963 66.
1229 3912 1270 3979 ²)
1309 3911 1362 3962 S.
1387 3913 1664 3976 Paulinus,
1702 3911 1822 3963 Nol.
1848 3914 2029 3978 episc„
2054 3928 2227 3978 poem.
2254 3912 2343 3962 VI.
2370 3912 2437 3961 de
2462 3910 2517 3961 S.
2540 3911 2793 3961 Johanne
2816 3911 3055 3978 Baptista

568 3998 764 4049 Christi
801 3998 1158 4051 Praecursore
1182 4016 1232 4049 v.
1259 4000 1377 4049 224.
1403 4015 1446 4049 s.
1473 3999 1556 4048 ed.
1581 3999 1779 4063 Migne.
1817 4000 1939 4049 Par.
1968 4002 2119 4049 1861.
2144 4016 2197 4065 p.
2222 4000 2342 4048 446.
2386 3998 2537 4047 Haec
2560 3998 2797 4048 breviter
2820 4016 2865 4049 s.
2882 4000 3055 4049 Lucas

569 4089 614 4147 1,
641 4088 725 4135 80.
763 4085 1070 4151 complexus
1109 4091 1204 4135 est.
1261 4084 1301 4151 3)
1337 4086 1422 4134 De
1459 4085 1737 4151 Baptistae
1780 4086 2099 4136 educatione
2135 4085 2303 4135 multa
2338 4086 2590 4134 Veterum
2627 4086 2681 4133 in
2720 4086 3053 4135 monimentis

565 4172 828 4235 leg-untur.
878 4172 960 4222 Cf.
986 4188 1028 4223 s.
1054 4172 1280 4222 Joannis
1308 4170 1687 4236 Chrysostomi,
1715 4172 1853 4221 hom.
1878 4173 1929 4221 X
1952 4173 2010 4221 in
2032 4172 2221 4221 Matth.
2248 4188 2299 4221 n.
2324 4174 2375 4221 4.
2400 4188 2453 4237 p.
2481 4174 2597 4220 141.
2646 4170 2701 4221 S.
2727 4172 3055 4237 Hieronymi,

569 4258 691 4307 adv.
717 4258 892 4307 Luc-if.
920 4275 966 4307 c.
995 4260 1043 4308 7.
1077 4258 1146 4321 11,
1177 4259 1292 4308 178.
1341 4258 1424 4307 Eo
1451 4274 1669 4309 secessu
1698 4259 1753 4307 in
1792 4258 2059 4307 desertum
2096 4274 2137 4308 s.
2162 4258 2389 4307 Joannis
2416 4256 2481 4307 de
2508 4257 2719 4308 Christo
2746 4261 3053 4309 testimoniis

564 4344 774 4407 pondus
825 4344 1148 4409 addebatur3
1203 4344 1329 4393 dum
1384 4349 1560 4393 amoto
1615 4361 1833 4409 prorsus
1878 4345 2153 4395 amborum
2200 4346 2539 4407 commercio,
2588 4361 2695 4395 non
2742 4345 3057 4395 videbantur

565 4432 952 4479 communicato
991 4432 1128 4481 inter
1165 4448 1222 4482 so
1261 4430 1508 4493 consilio,
1556 4436 1608 4480 et
1656 4448 1721 4480 ex
1758 4432 2069 4497 composito,
2099 4447 2291 4481 novam
2338 4431 2550 4497 populis
2596 4432 2893 4483 doctrinam
2928 4448 3054 4481 nun—

563 4517 696 4565 tiare
715 4554 728 4579 ,
790 4533 954 4581 seque
1014 4519 1240 4567 invicem
1290 4518 1592 4585 praeconiis
1655 4517 1924 4567 extollere.
2004 4516 2045 4583 ⁴)
2103 4518 2189 4567 Ex
2243 4522 2497 4568 accurata
2556 4517 2651 4567 illa
2703 4518 3053 4583 descriptione

563 4602 696 4650 Luc.
719 4604 767 4664 3,
792 4606 837 4651 1.
858 4619 900 4651 s.
931 4604 1035 4651 Tot
1053 4604 1332 4667 insignium
1361 4604 1577 4667 imperio
1603 4604 2049 4669 praefectumque
2069 4606 2299 4655 virorum
2322 4604 2488 4669 liquet
2506 4620 2547 4653 S.
2573 4604 2803 4655 Joannis
2828 4607 3053 4654 ministe-
