3267 5259
536 390 663 455 506
1267 403 1382 445 uine
1413 402 1519 445 sev.
1549 402 1640 445 div.
1669 402 1835 445 Pei-iod.
1865 404 1922 445 11.
1945 414 2042 455 cap.
2070 404 2274 446 ntorum.

536 600 669 643 non
714 587 967 643 tantum
1024 577 1313 643 subsidia
1370 577 1491 644 illis
1538 578 1924 664 denegavit,
1971 580 2088 643 sed
2135 581 2332 643 etiam
2379 578 2539 645 alios
2585 602 2626 643 a
2671 578 3026 644 collatione

540 714 763 755 eorum
810 689 1157 777 prohibuit.
1218 692 1300 755 Ei
1348 694 1700 778 opponitur
1729 702 1866 757 toto
1901 692 2086 758 coelo
2135 692 2380 759 Gaius
2427 692 2713 779 quidam,
2745 692 3028 757 Joannis

534 806 802 869 intimae
850 802 1255 869 admissionis
1297 806 1578 888 amicus;
1624 816 1739 870 aut
1783 805 2012 871 saltem
2059 804 2334 869 dilectus
2382 805 2757 892 discipulus.
2821 804 3029 870 Gaius

536 917 621 982 ad
677 940 869 1004 quem
926 918 1233 981 tertiam
1293 916 1710 1003 epistolam
1769 920 2028 1005 scripsit
2083 942 2133 983 s.
2179 918 2506 1001 JoanncS,
2559 920 2680 1005 ipsi
2729 919 3026 1004 apprime

538 1028 1147 1112 commendabatur,
1198 1031 1375 1116 quod
1420 1030 1526 1095 vel
1571 1032 1772 1097 invito
1819 1032 2224 1117 Diotrephe¹
2273 1032 2694 1118 hospitalitati
2753 1054 3026 1117 operam

538 1142 743 1207 daret.
790 1141 1087 1207 Inculcat
1116 1142 1474 1228 Apostolus
1520 1144 1954 1209 orthodoxam
1993 1144 2211 1227 fidem,
2247 1166 2443 1230 quam
2478 1144 2682 1209 Gaius
2716 1144 3028 1229 operibus

537 1258 821 1321 caritatis
869 1266 1162 1321 exornet.
1223 1256 1427 1321 Porro
1462 1268 1703 1339 monet,
1751 1280 1834 1321 ne
1881 1268 2222 1322 moveatur
2265 1280 2470 1343 pravo
2519 1256 2856 1343 exemp103
2905 1257 3026 1321 sed

538 1369 657 1433 sibi
704 1380 1029 1455 proponat
1060 1368 1278 1433 Deum
1314 1369 1718 1453 imitandum,
1769 1379 1834 1435 et
1865 1369 2293 1435 domesticum
2328 1370 2646 1435 Demetrii
2679 1370 3024 1435 cuiusdam

534 1484 655 1545 viri
686 1481 969 1546 benefici
1002 1481 1377 1567 exemplum
1408 1494 1738 1569 sequatur.
1793 1483 1852 1547 N
1857 1506 1942 1547 on
1975 1493 2318 1548 contentus
2352 1494 2704 1547 consuetae
2735 1482 3028 1569 hospita-

536 1593 729 1660 litatis
776 1594 1023 1679 officiO,
1088 1596 1283 1659 etiam
1348 1599 1734 1682 peregrinos
1793 1620 1832 1661 a
1875 1620 1948 1661 se
2011 1596 2454 1680 discedentes,
2512 1594 2778 1661 honoris
2825 1619 3028 1661 causa

536 1717 987 1795 prosequatur,
1036 1720 1101 1773 et
1129 1731 1235 1773 res
1268 1708 1355 1773 ad
1384 1710 1509 1774 iter
1539 1711 1943 1775 necessarias
1991 1709 2398 1796 suppeditet3
2447 1732 2596 1773 cum
2635 1708 2702 1772 id
2747 1708 3024 1772 multum

535 1822 610 1885 iis
680 1822 979 1885 conferre
1058 1824 1291 1908 possit,
1369 1824 1475 1908 qui
1554 1819 1638 1885 ab
1715 1812 2120 1886 ethnicorum
2199 1822 2387 1886 donis
2457 1831 2520 1884 et
2591 1819 3027 1887 contubernio

538 1932 981 1999 abhorrebant
998 1938 1043 1999 2.

741 2129 1015 2196 Dim-emb,
1064 2148 1165 2197 qua
1204 2147 1377 2199 prima
1426 2148 1553 2198 quae
1600 2131 1786 2181 (licitur
1833 2130 2038 2198 espistola
2075 2131 2312 2189 decanis,
2359 2137 2406 2181 ει
2453 2132 2508 2181 in
2545 2131 2640 2181 illa
2683 2150 2724 2181 v.
2775 2130 2814 2180 7.
2851 2150 2892 2181 c.
2944 2132 3030 2185 11.-

534 2215 651 2267 item
698 2216 861 2267 altera
912 2222 957 2267 et
1006 2217 1152 2267 tertia
1200 2236 1233 2267 a
1282 2218 1512 2285 scriptore
1562 2217 1830 2283 Evanqelii
1881 2218 2054 2285 quarti
2099 2236 2204 2267 vere
2256 2234 2351 2268 esse
2403 2218 2591 2285 scripta
2643 2217 3030 2269 demonstratur.

536 2302 749 2351 Prima
772 2301 1129 2353 d..10annis
1156 2303 1450 2367 epistola
1476 2318 1686 2367 semper
1712 2308 1766 2351 et
1789 2302 1988 2367 ubique
2013 2304 2068 2351 in
2093 2302 2342 2353 Ecclesia
2377 2305 2768 2352 canonicam
2797 2303 3032 2352 obtinuit

536 2390 1032 2451 auctoritatem,
1089 2396 1455 2455 perpetuoque
1502 2389 1674 2439 eidem
1709 2389 1968 2455 Apostolo
2007 2389 2278 2455 adscripta
2311 2391 2438 2453 fuit3
2489 2390 2618 2439 licet
2651 2389 2800 2439 illius
2837 2406 3035 2439 nome-n

536 2476 726 2537 nullibi
748 2477 805 2525 in
832 2481 1085 2526 contextu
1110 2477 1393 2541 praeferat.
1420 2476 1541 2543 Ipse
1570 2482 1746 2525 tamen
1773 2477 2000 2543 scriptor
2024 2477 2224 2541 ubique
2249 2490 2306 2525 se
2332 2476 2510 2541 prodit
2533 2477 2712 2525 verbis
2739 2482 2794 2527 et
2817 2483 3031 2527 senten-

534 2563 648 2627 tiis3
694 2569 748 2613 et
773 2564 1103 2629 potissimum
1130 2564 1368 2625 caritate,
1397 2578 1505 2629 qua
1530 2562 1583 2613 S.
1607 2563 1848 2613 Joannes
1877 2564 2102 2613 affluens
2129 2580 2224 2629 per
2249 2568 2413 2613 totam
2440 2562 2722 2629 epistolam
2749 2562 3036 2613 redundat.

536 2652 806 2713 Marcion,
844 2651 1025 2717 Alogi,
1078 2655 1132 2701 ct
1168 2652 1257 2716 qui
1293 2650 1382 2701 Fr.
1422 2650 1545 2699 Chr.
1581 2650 1732 2699 Baur
1767 2656 1944 2699 castra
1989 2656 2313 2715 sequuntur3
2362 2666 2538 2715 neque
2583 2650 2944 2715 Evangelium
2983 2668 3034 2699 v.

534 2754 585 2803 p.
636 2740 753 2788 300.
802 2755 873 2801 s.;
926 2754 1101 2804 neque
1156 2740 1377 2805 primam
1434 2736 1716 2803 epistolam
1771 2738 1988 2802 originis
2025 2738 2304 2787 Joanneae
2361 2754 2478 2787 csse
2525 2737 2842 2801 voluerunt3
2899 2738 3034 2787 nihil

536 2830 769 2877 attamen
821 2826 1187 2890 produxerunt
1224 2854 1289 2860 —
1328 2841 1372 2875 e.
1412 2842 1461 2889 g.
1500 2826 1562 2875 A.
1600 2823 1925 2889 Hilgenfeld,
1964 2825 2060 2874 das
2098 2826 2197 2874 Ev.
2237 2840 2288 2874 u.
2328 2825 2377 2874 d.
2415 2824 2592 2874 Briese
2629 2824 2866 2875 Johann.
2905 2842 2959 2875 n.
2997 2827 3034 2875 i.

538 2912 739 2961 Lehrb.
776 2912 952 2963 Halle.
995 2916 1145 2963 1849.
1183 2931 1235 2979 p.
1272 2914 1391 2963 322.
1429 2930 1470 2963 s.
1498 2941 1563 2949 -—
1598 2912 1742 2978 quod
1781 2912 2149 2961 auctoritatem
2199 2911 2382 2961 harum
2431 2910 2704 2961 literarum
2740 2912 3034 2977 infringere

534 2999 731 3049 valeat.
786 3000 922 3049 Esse
960 3006 1137 3049 autem
1174 2999 1297 3049 illas
1335 3014 1369 3049 a
1405 3014 1446 3049 8.
1484 3000 1698 3050 Joanne
1736 3004 1846 3049 tum
1897 2998 2246 3063 Evangelista
2296 3004 2405 3047 trun
2441 2998 2703 3063 Apostolo
2753 3004 3032 3062 exarata-33

537 3088 771 3136 rationes
817 3087 1165 3151 gravissimae
1212 3085 1512 3136 luculenter
1548 3086 1851 3136 ostendunt.
1905 3086 2083 3135 Docet
2117 3084 2218 3134 hoc
2257 3101 2301 3133 οι.
2340 3083 2528 3134 titulus
2564 3085 2830 3151 epistolae
2873 3100 3032 3151 prae-

535 3173 698 3235 fixus;
738 3174 913 3237 arguit
949 3173 1177 3237 idipsum
1214 3170 1259 3238 β.
1298 3172 1487 3223 modus
1526 3173 1795 3223 scribendi
1832 3189 1874 3223 s.
1911 3173 2111 3223 Joanni
2147 3178 2434 3221 consuetus
2447 3190 2461 3233 ;
2519 3170 2675 3221 fidem
2715 3172 2946 3239 denique
2983 3191 3032 3241 γ.

536 3260 845 3311 authentiae
894 3260 1024 3309 facit
1076 3260 1433 3309 testimonium
1483 3261 1784 3325 primitivae
1839 3260 2134 3317 Ecclesiae,
2175 3272 2311 3325 quae
2349 3257 2500 3307 nulla
2535 3258 2698 3323 plane
2735 3262 2938 3325 scripta
2974 3262 3032 3308 in

537 3346 813 3397 (janonem
870 3346 1106 3408 admisit,
1162 3347 1263 3395 nisi
1321 3346 1387 3395 de
1443 3363 1668 3412 quorum
1729 3348 2078 3412 inspiratione
2131 3346 2350 3394 indubie
2406 3346 2710 3395 constabat.
2771 3346 3034 3396 Dolemus

538 3439 770 3483 ceterum
821 3434 1155 3499 interpretes,
1206 3448 1271 3483 ac
1308 3434 1466 3483 etiam
1516 3434 1748 3483 melioris
1797 3438 1956 3483 notae
1996 3460 2061 3469 —
2106 3448 2150 3483 e.
2189 3449 2237 3497 g.
2275 3432 2361 3482 Fr.
2403 3432 2608 3495 Lucke,
2649 3432 2850 3483 Comm.
2889 3438 2944 3483 fi.
2983 3434 3034 3482 d.

536 3520 713 3570 Briefe
739 3520 789 3569 d.
816 3520 915 3571 Ev.
942 3519 1236 3571 Johannes.
1262 3520 1334 3570 11.
1360 3520 1531 3570 Bonn.
1562 3522 1710 3571 1836.
1749 3537 1798 3587 p.
1827 3522 1944 3569 294.
1973 3537 2014 3571 s.
2063 3520 2115 3569 J.
2143 3520 2206 3567 Ε.
2235 3518 2461 3580 liuther,
2501 3520 2580 3571 kr.
2621 3535 2774 3585 exeg.
2813 3520 3034 3570 Handb.

536 3612 587 3657 ii.
627 3608 893 3657 d..Briefe
942 3607 1036 3657 des
1072 3606 1366 3657 Johannes.
1412 3608 1554 3658 Gott.
1598 3610 1748 3657 1855.
1783 3624 1835 3673 p.
1874 3610 1989 3658 188.
2025 3623 2065 3659 s.
2123 3606 2360 3667 Ebrard,
2399 3606 2484 3655 die
2530 3606 2710 3655 Briefe
2745 3606 3036 3657 «Iohannis.

538 3695 795 3761 Ktinigsb.
826 3696 975 3744 1859.
1003 3710 1053 3759 p.
1081 3696 1200 3744 358.
1226 3711 1268 3745 s.
1321 3694 1601 3757 Luthardt,
1628 3694 1664 3743 1.
1691 3712 1736 3744 c.
1764 3711 1813 3760 p.
1841 3696 1924 3743 31.
1963 3694 2231 3759 Myrberg,
2259 3693 2292 3742 l.
2321 3710 2366 3741 c.
2393 3710 2442 3758 p.
2470 3695 2552 3743 64.
2601 3692 2896 3755 Erdmann,
2925 3694 2961 3743 l.
2989 3711 3036 3744 c.

537 3798 587 3847 p.
615 3784 731 3833 204.
759 3797 801 3832 s.
833 3809 893 3817 —
921 3781 985 3830 de
1014 3782 1315 3831 testimonio
1341 3782 1588 3833 Joanneo
1614 3783 1656 3831 1.
1684 3785 1732 3843 5,
1767 3784 1812 3831 7.
1839 3784 1888 3832 8.
1915 3778 2000 3841 „iv
2024 3782 2095 3849 τῷ
2122 3778 2332 3849 οὐρανῷ,
2371 3775 2398 3828 ὁ
2423 3778 2600 3847 πατήρ,
2638 3774 2665 3829 ὁ
2693 3776 2842 3849 λόγος
2869 3780 2954 3830 καὶ
2979 3776 3034 3831 τὸ

540 3863 675 3935 ἅγιον
720 3868 933 3937 πνεῦμα,
979 3865 1061 3917 καὶ
1096 3859 1230 3919 οὗτοι
1274 3867 1321 3919 οἱ
1356 3870 1483 3937 τρεῖς
1522 3866 1568 3919 ἓν
1610 3866 1728 3929 εἰσις
1780 3866 1859 3918 καὶ
1905 3868 2032 3936 τρεῖς
2079 3865 2200 3918 εἰσὶν
2238 3865 2284 3917 οἱ
2321 3868 2677 3935 μαρτυροῦντες
2717 3864 2765 3917 ἐν
2803 3870 2862 3937 τῇ
2900 3871 3034 3937 γῇ“;

538 3956 617 4005 ita
652 3956 1026 4021 pronunciare,
1064 3970 1129 4005 ac
1166 3958 1211 4007 si
1249 3956 1479 4007 dubitari
1518 3957 1746 4023 amplius
1785 3963 2018 4022 nequeat
2053 3956 2520 4021 hypobolimaeum
2544 3954 2598 4003 id
2627 3968 2760 4019 esse,
2799 3955 3036 4021 ideoque

537 4060 567 4093 e
594 4048 742 4093 textu
764 4058 959 4108 graeco
987 4043 1383 4094 eliminandum.
1434 4045 1690 4105 Quamvis
1721 4048 1900 4091 autem
1935 4043 2070 4093 haec
2107 4044 2273 4092 verba
2297 4044 2350 4092 in
2377 4048 2524 4092 textu
2551 4058 2747 4108 graeco
2775 4058 3030 4107 quorum-

536 4130 659 4181 dam
694 4130 936 4181 codicum
972 4146 1079 4181 non
1118 4130 1377 4196 legantur,
1430 4136 1606 4181 tamen
1645 4146 1796 4179 vere
1845 4130 2227 4179 authentica
2273 4136 2422 4193 sunt3
2479 4130 2626 4195 quod
2664 4132 3030 4195 sequentibus

750 4326 785 4393 ¹)
822 4326 1079 4376 Eiusdem
1117 4328 1193 4375 uti
1231 4326 1493 4375 credimus
1520 4325 1686 4387 urbis,
1721 4326 1778 4373 in
1804 4338 1910 4390 qua
1936 4302 2116 4373 Gaius
2129 4322 2438 4373 morabatur
2463 4324 2736 4388 episcope.
2782 4322 2822 4387 ²)
2845 4322 3032 4371 Excu-

538 4420 623 4464 sat
658 4414 919 4478 epistolae
964 4414 1296 4473 brevitatem,
1344 4413 1485 4461 sicut
1521 4416 1576 4461 et
1613 4414 1668 4461 in
1704 4413 1882 4478 priori,
1931 4428 2028 4477 spe
2071 4410 2335 4461 adventus
2380 4424 2446 4459 ac
2487 4410 2828 4475 praesentiae
2875 4424 3034 4459 suae.

538 4501 658 4551 Non
704 4502 883 4551 omnia
927 4500 1183 4551 mandare
1231 4505 1286 4549 et
1332 4499 1548 4549 credere
1602 4498 1770 4549 literis
1807 4500 1893 4549 vel
1929 4503 2153 4566 oportet,
2197 4497 2284 4547 vel
2326 4497 2554 4563 expedit,
2595 4504 2652 4547 et
2685 4498 2840 4547 vivae
2875 4499 3034 4549 vocis

540 4588 757 4652 energia
792 4588 975 4637 maior.
1015 4586 1181 4637 Suavi
1218 4594 1271 4637 et
1306 4587 1479 4637 amica
1513 4586 1837 4637 salutatione
1873 4586 2004 4637 finit.
2042 4588 2086 4635 V
2091 4600 2241 4637 ersus
2279 4586 2516 4635 continet
2551 4587 2734 4635 1—15.
