3267 5259
902 442 1098 485 Tertium
1123 442 1291 485 Pascha
1316 454 1343 483 a.
1370 442 1533 484 Christi
1561 442 1841 494 baptismate.
2529 430 2612 493 75

170 619 323 679 sitate
364 617 429 680 in
470 638 541 681 se
590 616 939 700 credendi,
984 616 1067 681 de
1132 618 1271 681 eius
1333 615 1633 681 efficacia
1687 616 1754 680 in
1813 615 2166 681 liberandis
2218 639 2259 680 a
2301 617 2610 681 servitute

168 728 509 813 hominibus,
558 728 643 793 de
690 729 937 793 laetitia
974 752 1105 814 qua
1148 728 1453 815 perfusus
1500 738 1598 792 est
1626 727 1984 811 Abraham,
2025 728 2181 793 dum
2225 728 2388 791 vidit
2416 728 2613 792 Diem

168 840 361 904 Christi
388 845 423 903 ¹.
498 840 745 905 Audito
790 864 949 905 vcro
996 841 1040 906 J
1042 840 1235 905 udaei
1282 841 1325 906 J
1330 862 1511 905 esum
1558 839 1682 904 sibi
1740 839 2146 905 divinitatem
2203 840 2608 905 adscribere:

168 964 495 1037 ,antequam
538 951 879 1019 Abraham
924 953 1113 1017 fieret
1157 975 1284 1037 ego
1330 955 1515 1035 sum‘,
1562 952 1958 1017 sustulerunt
2009 952 2291 1038 lapides,
2337 961 2410 1017 ut
2451 961 2612 1015 tam-

171 1086 329 1147 quam
368 1067 433 1128 in
473 1064 932 1151 blasphemum
977 1064 1591 1129 animadverterent.
1655 1065 1698 1130 J
1703 1088 1848 1129 esus
1887 1072 2109 1129 autem
2141 1087 2210 1129 se
2242 1064 2326 1129 ab
2357 1064 2613 1128 illorum

172 1176 435 1241 subduxit
476 1179 801 1261 aspectu²
847 1186 912 1241 et
958 1178 1160 1241 exivit
1214 1176 1390 1241 foras
1410 1180 1455 1241 3.
1533 1176 1702 1242 Cum
1745 1200 1966 1241 rursus
2012 1176 2336 1261 rediisset,
2381 1177 2611 1241 urbem

173 1288 253 1351 die
302 1289 545 1355 sabbati
596 1289 1064 1377 perambulans
1121 1312 1393 1355 coecum
1438 1312 1480 1353 a
1524 1292 1862 1355 nativitate
1919 1288 2225 1372 offendit,
2275 1292 2378 1353 cui
2423 1312 2613 1354 usum

172 1404 399 1467 restituit
442 1402 801 1467 oculorum.
852 1403 1165 1467 Formato
1212 1403 1418 1467 saliva
1462 1425 1580 1467 sua
1621 1402 1784 1485 luto,
1841 1405 2025 1467 coeci
2072 1401 2294 1467 oculos
2339 1401 2546 1466 linivit
2563 1405 2609 1485 ⁴,

172 1516 317 1577 iussit
355 1538 463 1579 eos
494 1516 734 1580 deinde
778 1518 847 1579 in
888 1517 1212 1581 natatoria
1258 1516 1433 1581 Siloe
1481 1515 1750 1580 abluere
1772 1519 1814 1579 ⁵.
1885 1516 2112 1580 Paruit
2139 1514 2244 1579 ille
2289 1524 2356 1579 et
2399 1516 2613 1578 statim

174 1628 343 1689 visum
402 1631 673 1713 recepit.
770 1628 899 1693 Hic
968 1627 1160 1693 homo
1228 1628 1395 1692 firmi
1462 1630 1707 1713 ingenii
1774 1629 1926 1711 fuit3
1998 1630 2265 1713 eiusque
2331 1628 2616 1693 rationes

174 1740 415 1803 animose
462 1740 545 1804 de
596 1740 853 1806 Christo
900 1742 1341 1806 testimonium
1393 1740 1814 1827 perhibentia,
1861 1740 2116 1805 scribae
2159 1742 2418 1805 nonnisi
2463 1761 2615 1805 con-

176 1852 307 1915 vicio
366 1854 635 1917 reiicere
706 1862 1077 1938 potuerunt.
1178 1851 1401 1933 Quare
1468 1853 1792 1918 Dominus
1868 1852 2212 1938 expulsum
2277 1853 2512 1916 iniuria
2577 1873 2617 1914 a

176 1986 483 2049 synagoga,
517 1967 719 2029 etiam
762 1964 957 2030 laude
988 1967 1243 2051 putavit
1288 1965 1556 2051 dignum
1577 1969 1618 2029 ⁶.
1681 1965 1846 2030 Inde
1894 1974 2036 2030 orta
2081 1974 2180 2029 est
2218 1964 2422 2029 altera
2466 1985 2614 2027 cum

176 2073 489 2142 pharisaeis
550 2078 940 2163 disputatio,
985 2079 1052 2141 in
1099 2100 1230 2163 qua
1273 2077 1477 2142 multa
1540 2079 1848 2165 exposuit
1907 2077 1990 2141 de
2052 2100 2122 2141 se
2185 2079 2349 2142 ostio
2412 2076 2614 2159 oviIiS,

177 2200 393 2271 pastore
436 2191 543 2255 illo
590 2191 791 2273 bon0,
840 2190 1027 2254 simul
1074 2193 1269 2255 etiam
1316 2190 1397 2255 de
1442 2191 1676 2275 Patre;
1739 2190 2114 2256 Scribarum
2160 2199 2380 2255 autem
2427 2192 2616 2254 simu-

178 2298 439 2367 lationem
486 2304 738 2369 detexit
784 2312 851 2367 et
896 2305 1235 2367 avaritiam
1293 2306 1630 2390 castigavit
1652 2308 1694 2367 ⁷.
1778 2304 1870 2369 Ut
1934 2304 2125 2367 latius
2183 2302 2617 2391 Evangelium

176 2411 597 2499 disseminaret,
632 2418 805 2481 misit
836 2437 1361 2502 quaquaversum
1384 2418 1800 2503 septuaginta
1832 2416 1995 2480 duos
2027 2414 2412 2501 discipulos3
2454 2437 2618 2500 quos

178 2546 295 2589 cum
322 2540 457 2612 post
486 2528 757 2615 aliquod
802 2538 1061 2615 tempus
1104 2528 1261 2595 laeti
1304 2530 1648 2595 rediissent
1678 2529 1764 2594 ad
1795 2530 2023 2595 Jesum
2070 2529 2392 2610 dicenteS,
2441 2526 2619 2611 quod

178 2639 334 2703 etiam
364 2641 707 2707 daemonia
737 2642 1249 2707 subiiciebantur
1279 2645 1405 2725 eis;
1440 2642 1734 2709 Christus
1764 2641 2058 2707 hortatus
2091 2650 2221 2705 est:
2256 2639 2621 2724 gauderent

178 2752 365 2834 magis,
407 2754 583 2839 quod
628 2756 895 2819 nomina
942 2778 1168 2820 eorum
1214 2758 1459 2841 scripta
1504 2764 1724 2821 essent
1765 2758 1834 2820 in
1881 2754 2078 2819 coelis
2101 2757 2143 2819 ⁸.
2207 2754 2375 2817 Tum
2422 2752 2619 2817 Jesus

350 3034 385 3097 ¹)
421 3032 499 3084 Cf.
532 3036 767 3099 Lampe,
804 3034 929 3084 diss.
964 3034 1134 3084 XVII.
1170 3033 1240 3085 ad
1271 3035 1469 3085 Joann.
1504 3037 1554 3098 8,
1581 3036 1664 3084 25.
1690 3051 1742 3100 p.
1769 3036 1887 3085 391.
1913 3049 1956 3083 s.
2005 3035 2072 3083 Η.
2097 3034 2161 3083 R.
2187 3035 2255 3083 D.
2279 3034 2345 3084 V.
2370 3034 2432 3082 Τ.
2458 3049 2510 3098 p.
2535 3032 2621 3082 55.

181 3116 271 3165 220.
324 3118 360 3182 ²)
392 3121 689 3171 Efficiendo
726 3136 795 3169 ne
832 3136 1027 3187 corpus
1064 3123 1177 3171 eius
1214 3122 1445 3172 hostium
1480 3124 1537 3171 in
1574 3122 1761 3171 oculos
1798 3121 2134 3171 submitteret
2167 3122 2476 3185 imaginem,
2514 3133 2622 3183 qua

182 3207 453 3268 tonspicuus
498 3206 665 3257 fleret.
746 3206 935 3272 Neque
982 3209 1121 3257 enim
1169 3210 1471 3274 Prophetae
1520 3208 1690 3258 afflati
1739 3208 1919 3257 divino
1977 3208 2168 3273 spiritu
2215 3207 2476 3273 lapidum,
2527 3203 2622 3256 sed

182 3292 319 3339 erucis
349 3294 662 3359 supplicium
698 3294 1093 3358 praedixerunt.
1157 3294 1197 3359 ³)
1234 3295 1431 3345 Joann.
1458 3298 1515 3357 8,
1544 3298 1765 3345 12—59.
1816 3295 1877 3344 V.
1904 3294 2160 3359 Deyling,
2197 3294 2324 3343 Obs.
2351 3309 2391 3343 s.
2427 3294 2504 3358 Π,
2537 3296 2618 3343 32.

182 3390 221 3437 p.
241 3378 340 3426 307.
360 3394 399 3427 e.
444 3380 485 3439 ⁴)
514 3378 623 3429 Sed
658 3386 883 3445 quaeret
904 3380 991 3430 hic
1016 3380 1225 3446 aliquis,
1253 3398 1348 3431 cur
1379 3380 1619 3432 Christus
1644 3381 1787 3430 hunc
1818 3396 2037 3430 coecum
2075 3396 2183 3430 non
2219 3382 2297 3429 sic
2332 3382 2620 3443 sanaverit,

183 3471 227 3507 ut
256 3464 369 3513 alios
402 3467 601 3515 verbo
638 3466 736 3515 sed
772 3465 901 3529 luto,
940 3471 995 3515 et
1029 3482 1195 3531 quare
1232 3483 1262 3516 e
1298 3473 1455 3533 sputo
1492 3467 1664 3517 lutum
1700 3467 1827 3517 fecit
1861 3468 2159 3517 Dominus?
2205 3466 2267 3517 F.
2295 3466 2358 3516 G.
2381 3466 2448 3516 E.
2473 3468 2620 3529 Rosta,

184 3562 329 3610 opusc.
358 3552 582 3602 Plautin.
627 3552 778 3617 Lips.
815 3554 965 3603 1836.
1002 3553 1045 3615 1,
1080 3554 1164 3603 55.
1202 3554 1301 3603 sibi
1340 3555 1601 3619 reperisse
1638 3556 1784 3603 visus
1823 3559 1928 3603 est:
1993 3554 2182 3615 „Quod
2220 3553 2462 3603 Christus
2500 3569 2620 3603 cum

184 3634 227 3680 in
256 3636 355 3686 aliis
385 3652 499 3689 sese
537 3639 608 3688 ad
644 3639 795 3704 vulgi
832 3641 1113 3704 opiniones
1150 3641 1535 3703 accomodavit,
1574 3645 1686 3691 tum
1721 3642 1778 3689 in
1801 3640 1902 3690 hoc
1935 3656 2147 3706 quoque
2183 3646 2244 3691 ut
2279 3642 2335 3689 in
2372 3641 2623 3690 curandis

185 3726 397 3787 aegrotis,
446 3726 513 3775 ad
560 3740 713 3791 spem
762 3726 1163 3790 recuperandae
1214 3726 1537 3776 valetudinis
1587 3725 2026 3789 confirmandam,
2075 3728 2402 3776 medicorum
2449 3743 2622 3777 mores

186 3806 443 3875 imitaretur,
478 3814 534 3861 in
572 3812 769 3877 quibus
807 3813 968 3861 etiam
1002 3812 1150 3861 illam
1188 3812 1482 3879 exspuendi
1518 3813 1958 3863 consuetudinem
1987 3814 2201 3863 fuisse.“
2253 3814 2404 3875 Quae
2442 3815 2621 3879 opinio

192 3902 352 3953 quanto
384 3900 437 3947 in
460 3914 639 3949 errore
678 3900 823 3948 circa
856 3912 1031 3948 mores
1070 3898 1265 3949 Christi
1300 3905 1559 3963 versetur,
1583 3916 1692 3951 non
1719 3906 1800 3951 est
1825 3900 1966 3966 quod
1993 3900 2240 3950 disertius
2278 3915 2622 3965 exponamus.

188 3976 281 4035 Quo
302 3982 587 4048 diligentius
618 3984 881 4034 miracula
906 3984 1103 4034 Christi
1129 3985 1515 4051 expenduntur,
1542 4002 1606 4036 eo
1638 3986 1960 4035 luculentior
1985 3992 2066 4036 est
2091 4002 2270 4036 eorum
2294 3985 2621 4050 magnitudo·

188 4062 295 4113 Pum
328 4066 430 4119 luto
475 4071 660 4120 oculos
707 4072 858 4121 coeci
902 4070 1046 4133 linit,
1085 4086 1190 4137 quo
1227 4070 1341 4121 fieri
1376 4076 1587 4137 poterat
1634 4087 1830 4122 coecus
1866 4074 1912 4122 si
1950 4072 2118 4122 oculis
2152 4072 2438 4133 valuisset,
2477 4072 2622 4121 credi

190 4164 276 4198 non
316 4160 529 4219 poterat,
582 4156 819 4206 naturali
872 4158 1093 4220 virtute,
1144 4156 1239 4207 sed
1295 4158 1479 4207 divina
1528 4158 1724 4208 Christi
1777 4160 2020 4224 potentia
2074 4159 2402 4208 curationem
2455 4158 2620 4207 fiiisse

188 4232 364 4288 factam.
416 4242 489 4291 Ne
522 4259 683 4308 porro
723 4244 879 4307 aquis
908 4242 1069 4306 Siloe,
1107 4258 1212 4308 quo
1251 4258 1471 4294 coecum
1507 4246 1764 4295 missurus
1803 4251 1934 4307 erat,
1973 4244 2068 4293 sed
2104 4245 2224 4307 sibi,
2263 4245 2412 4293 cuius
2451 4244 2623 4294 saliva

190 4335 303 4382 quae
332 4325 387 4375 de
420 4344 635 4394 corpore
686 4330 941 4379 exivisset
985 4334 1123 4389 erat,
1161 4330 1555 4380 adscriberetur
1596 4330 1935 4394 miraculum,
1973 4346 2082 4379 non
2128 4346 2194 4379 ex
2238 4345 2381 4395 aqua
2423 4331 2520 4380 sed
2557 4347 2622 4381 ex

192 4415 319 4469 sputo
346 4426 433 4463 suo
467 4414 635 4465 lutum
670 4416 815 4465 fecit.
878 4413 919 4480 ⁵)
957 4414 1019 4464 V.
1045 4416 1165 4465 Not.
1190 4421 1226 4465 t.
1254 4430 1297 4465 ε.
1321 4432 1501 4481 geogr.
1526 4433 1578 4482 p.
1603 4418 1768 4466 LXX.
1831 4417 1872 4482 θ)
1909 4416 1946 4466 J
1951 4430 2107 4466 oann.
2134 4417 2182 4477 9,
2213 4420 2258 4466 1.
2285 4431 2328 4467 s.
2389 4416 2430 4482 ⁷)
2469 4418 2622 4478 Quae

194 4496 335 4545 omnia
350 4497 497 4550 latius
518 4502 866 4567 prosequitur
888 4514 932 4550 ε.
954 4500 1149 4551 Joann.
1178 4504 1259 4565 10,
1287 4504 1473 4553 1-21,
1520 4504 1607 4551 Ex
1638 4503 1792 4552 dictis
1821 4508 2045 4568 apparet
2067 4502 2254 4552 Jesum
2291 4503 2620 4569 aliquamdiu

194 4579 319 4629 etiam
347 4592 456 4649 post
487 4587 679 4638 festum
718 4586 1212 4636 Tabernaculorum
1246 4589 1507 4637 mansisse
1543 4587 1911 4653 Jerosolymis.
1973 4588 2012 4654 8)
2050 4590 2180 4638 Luc.
2210 4592 2291 4652 10,
2321 4592 2366 4638 1.
2393 4606 2435 4640 s.
