3267 5259
1136 464 1413 514 Evangelium
1444 476 1479 505 s.
1501 463 1529 503 J
1530 464 1696 505 oannis.
2529 448 2654 514 297

213 666 323 704 nem
366 646 705 704 haberemus
735 643 771 715 ¹,
826 646 963 703 data
1014 665 1191 721 opera
1242 645 1307 701 in
1360 664 1425 702 eo
1484 645 1850 720 potissimum
1909 648 2210 715 versatum
2273 649 2341 701 ut
2391 663 2460 701 ea
2511 662 2658 721 quae

212 752 465 808 Deitatem
510 750 733 807 clu-isti
780 754 1116 821 assererent,
1168 754 1462 806 momenta
1505 748 1778 807 adferret.
1850 747 2018 805 Unde
2071 748 2217 806 talia
2267 767 2302 805 a
2343 768 2390 806 s.
2431 748 2469 805 J
2471 767 2657 805 oanne

214 860 553 927 enarrantur,
608 874 761 933 quae
806 860 943 930 apta
988 860 1159 911 erant
1202 854 1275 911 ad
1328 853 1694 912 Christum
1741 872 1986 913 verum
2036 853 2252 909 Deum
2295 852 2654 911 luculentius

214 960 707 1017 demonstrandum.
767 958 865 1016 Sic
908 964 1223 1037 antequam
1266 958 1650 1032 Evangelista
1694 959 1894 1017 docere
1935 957 2200 1033 incipiat,
2233 976 2410 1034 quam
2443 956 2656 1013 diserte

210 1064 347 1121 Jesus
384 1064 627 1138 gloriam
672 1082 841 1121 suam
884 1066 951 1120 in
995 1064 1214 1121 mundo
1258 1062 1648 1132 revelaverit3
1703 1063 1868 1138 prius
1920 1062 2324 1137 exponendam
2367 1060 2479 1118 sibi
2535 1080 2654 1117 esse

212 1170 355 1227 duxit
380 1168 622 1243 gloriam
652 1168 839 1239 illam,
882 1186 1061 1246 quam
1090 1167 1362 1226 Salvator
1409 1172 1477 1224 ut
1504 1167 1696 1225 Filius
1726 1168 1836 1224 Dei
1878 1169 1951 1225 ab
1989 1168 2337 1223 aeternitate
2377 1167 2588 1223 habuit
2606 1161 2650 1223 2.

210 1273 315 1331 Hae
352 1274 415 1331 de
456 1292 629 1331 causa
673 1274 1125 1346 commentarius
1170 1272 1207 1329 J
1209 1290 1465 1330 oanneus
1518 1268 1900 1347 ,πνευματικὸν
1949 1266 2316 1345 Εἰωιγγέλιονί
2371 1271 2589 1327 dicitur
2607 1267 2652 1328 3.

211 1378 495 1453 ,spiritalia
532 1379 693 1435 enim
732 1377 916 1435 ferme
956 1383 1123 1447 sunt,
1168 1396 1317 1455 quae
1360 1377 1461 1434 ille
1501 1377 1959 1446 commendavit,
2004 1394 2134 1432 cum
2166 1394 2314 1453 quae
2343 1376 2416 1433 ad
2447 1394 2653 1450 corpus
2713 1376 2720 1383 ’

210 1485 485 1539 attinerent
498 1480 541 1553 ⁴,
574 1483 809 1540 abunde
840 1488 1031 1539 essent
1060 1482 1311 1540 aliorum
1344 1481 1578 1556 scriptis
1610 1483 2001 1539 corroborata.
2057 1479 2447 1541 Quamobrem
2475 1481 2651 1555 spiri-

210 1586 353 1644 talem
392 1588 457 1644 de
500 1586 705 1645 divino
748 1586 854 1644 illo
898 1587 1049 1645 dono
1070 1584 1094 1623 5
1146 1589 1543 1644 narrationem
1594 1586 1937 1660 aggreditur
1955 1628 1968 1655 ,
2025 1586 2177 1663 quod
2224 1584 2400 1643 initio
2453 1603 2653 1642 carens

208 1690 367 1761 omni,
416 1710 451 1748 a
496 1691 731 1749 coelesti
778 1692 843 1749 in
889 1710 992 1749 nos
1040 1691 1217 1749 Patre
1263 1689 1624 1748 transfusum
1669 1694 1788 1761 est,
1845 1695 1906 1748 et
1956 1691 2026 1747 de
2078 1690 2254 1747 huius
2302 1689 2542 1747 consilio
2595 1693 2654 1746 et

210 1794 471 1854 voluntate
512 1798 583 1853 in
624 1796 694 1854 B.
730 1796 1037 1869 Virginem
1084 1795 1385 1871 illapsum,
1430 1801 1607 1871 atque
1657 1796 1719 1852 in
1761 1795 2042 1868 Virgineo
2084 1795 2208 1851 eius
2253 1794 2473 1868 gremio
2520 1812 2653 1851 cum

207 1917 348 1955 carne
373 1899 763 1958 coniunctum‘
787 1899 827 1957 ⁰.

377 2012 533 2075 Quod
566 2034 709 2073 vero
738 2016 811 2072 ad
842 2014 1261 2073 Sermonum
1292 2015 1365 2072 D.
1393 2016 1468 2073 N.
1493 2015 1548 2072 J.
1582 2014 1645 2072 O.
1679 2033 1822 2091 quos
1849 2014 2103 2070 Joannes
2141 2012 2452 2069 memoriae
2483 2030 2648 2068 man-

207 2116 370 2188 davit,
424 2124 479 2175 et
530 2138 675 2196 quos
726 2114 1032 2196 Synoptici
1094 2120 1361 2177 referunt
1413 2120 1724 2177 discrimen
1783 2122 2006 2194 spectat
2023 2162 2036 2187 ,
2100 2117 2342 2193 praevia
2398 2117 2650 2193 quadam

208 2220 538 2281 distinctione
568 2224 807 2281 admitti
832 2229 1043 2300 potest-3
1078 2230 1205 2283 tum
1228 2226 1417 2301 quoad
1440 2226 1710 2296 formam,
1744 2242 1920 2301 quam
1951 2222 2140 2299 quoad
2171 2222 2495 2279 materiam.
2544 2221 2645 2279 Illi

204 2323 368 2382 Jesum
394 2328 603 2385 sistunt
652 2329 1065 2404 parabolico
1112 2331 1397 2387 dicendi
1439 2350 1694 2403 genere
1740 2330 2100 2406 loquentem,
2144 2328 2408 2385 adstante
2439 2346 2650 2384 corona

208 2432 487 2502 promiscua
531 2434 841 2491 hominum
885 2436 955 2491 de
1000 2435 1169 2509 plebe
1214 2440 1273 2494 et
1320 2435 1525 2508 vulg03
1576 2434 1790 2513 quibus
1834 2435 1954 2489 iam
1998 2432 2278 2505 Magister
2318 2432 2386 2489 de
2433 2430 2646 2502 indole,

206 2531 332 2604 fatis,
368 2537 607 2611 optabili
648 2538 891 2596 civitate
930 2538 1255 2617 officiisque
1300 2540 1522 2598 civium
1553 2539 1743 2612 Regni
1785 2538 1977 2597 divini
2008 2537 2233 2595 locutus
2275 2541 2378 2594 est.
2450 2536 2650 2609 Longe

204 2656 333 2694 secus
378 2643 521 2715 apud
570 2648 848 2719 quartum
895 2644 1364 2718 Evangelistam,
1423 2664 1597 2719 penes
1645 2664 1816 2721 quem
1863 2644 2130 2700 Christus
2177 2642 2420 2717 exponit
2464 2640 2651 2715 specie

381 2916 415 2977 ¹)
446 2916 497 2965 S.
520 2918 873 2983 Epiphanius,
902 2920 1045 2970 haer.
1074 2922 1164 2983 LI,
1196 2924 1272 2970 19.
1302 2939 1353 2987 p.
1380 2924 1498 2970 442.
1556 2922 1595 2986 2)
1627 2922 1720 2980 „In
1749 2926 1976 2987 quatuor
2002 2920 2331 2984 Evangeliis,
2355 2920 2442 2969 vel
2473 2919 2652 2984 potius

204 3004 394 3061 quatuor
418 3003 561 3055 libris
588 3006 749 3055 unius
782 3007 1067 3071 Evangelii
1102 3008 1403 3058 s.Joannes
1441 3024 1548 3057 non
1586 3010 1844 3057 immerito
1881 3006 2236 3056 secundum
2272 3005 2650 3071 intelligen-

204 3086 325 3136 tiam
366 3092 737 3155 spiritalem
780 3093 1048 3158 aquilae
1092 3100 1455 3161 comparatus,
1501 3096 1662 3145 altius
1699 3095 1972 3161 multoque
2008 3094 2288 3145 sublimius
2326 3094 2444 3143 aliis
2481 3094 2650 3143 tribus

204 3176 335 3223 erexit
366 3178 809 3241 praedicationem
849 3194 1017 3243 suam,
1057 3186 1111 3231 et
1145 3183 1200 3230 in
1240 3183 1355 3232 eius
1393 3184 1660 3231 erectione
1693 3184 1850 3231 etiam
1890 3182 2054 3231 corda
2089 3186 2273 3231 nostra
2309 3182 2438 3245 erigi
2467 3181 2647 3230 voluit.

202 3257 309 3308 Nam
330 3264 481 3311 ceteri
504 3268 641 3313 tres
665 3266 1176 3331 Evangelistae,
1202 3273 1459 3334 tanquam
1486 3284 1622 3318 cum
1649 3269 1906 3318 homine
1933 3268 2205 3317 Domino
2231 3269 2448 3317 interra
2466 3268 2648 3316 ambu-

204 3342 373 3408 labant,
414 3348 477 3399 de
511 3352 811 3401 Divinitate
854 3354 969 3403 eius
1014 3368 1191 3419 pauca
1233 3355 1503 3405 dixerunt:
1542 3357 1700 3405 istum
1739 3360 1914 3405 autem
1954 3355 2106 3420 quasi
2148 3355 2380 3420 piguerit
2415 3355 2472 3403 in
2507 3357 2650 3402 terra

204 3432 433 3485 ambulare
449 3474 463 3497 ,
501 3438 643 3488 sicut
676 3440 797 3504 ipso
835 3440 1053 3490 exordio
1097 3442 1181 3490 sni
1223 3443 1479 3493 sermonis
1524 3444 1780 3503 intonuit,
1828 3444 1996 3492 erexit
2031 3457 2088 3491 se
2131 3457 2239 3492 non
2281 3441 2450 3491 solum
2489 3454 2650 3505 super

204 3526 361 3571 terram
384 3528 433 3573 et
457 3540 618 3589 super
644 3541 853 3577 omnem
890 3528 1147 3577 ambitum
1184 3531 1321 3578 aeris
1348 3534 1402 3579 et
1426 3530 1578 3591 coeli,
1618 3530 1711 3579 sed
1739 3545 1898 3595 super
1923 3544 2129 3578 omnem
2163 3530 2321 3578 etiam
2361 3528 2649 3579 exercitum
2701 3570 2708 3575 .

200 3602 501 3672 Angelorum,
553 3628 871 3679 omnemque
922 3616 1351 3665 constitutionem
1403 3616 1748 3667 invisibilium
1796 3621 2145 3682 potestatum,
2197 3621 2250 3665 et
2294 3620 2538 3683 pervenit
2579 3618 2648 3667 ad

202 3704 293 3740 eum
336 3712 423 3760 per
463 3714 621 3763 quem
664 3700 811 3750 facta
856 3706 980 3750 sunt
1022 3704 1224 3766 omnia,
1266 3703 1523 3753 dicendo:
1572 3704 1636 3753 in
1687 3704 2019 3769 principio
2071 3708 2212 3753 erat
2259 3704 2538 3753 Verbum
2588 3708 2650 3753 et

202 3775 437 3832 Verbum
474 3790 619 3835 erat
655 3786 829 3851 apud
864 3788 1066 3838 Deum
1104 3794 1167 3838 et
1200 3790 1375 3839 Dens
1414 3796 1555 3840 erat
1591 3791 1887 3840 Verbum.
1939 3790 2086 3840 Huic
2117 3796 2300 3841 tantae
2338 3790 2645 3840 sublimitat.

204 3866 409 3934 principii
442 3873 601 3922 etiam
639 3878 819 3923 cetera
856 3888 1095 3940 congrua
1130 3876 1463 3941 praedicavit
1493 3882 1546 3926 et
1570 3878 1635 3927 de
1661 3878 1957 3927 Divinitate
1995 3877 2258 3943 quomodo
2291 3877 2470 3927 nullus
2508 3877 2646 3927 alius

200 3956 263 3999 est
286 3953 524 4008 loeutus.“
588 3958 641 4009 S.
671 3958 1015 4025 Augustinus,
1052 3963 1107 4011 in
1143 3963 1341 4014 Joann.
1374 3964 1476 4013 Ev.
1504 3980 1547 4013 c.
1575 3966 1623 4014 8.
1651 3969 1714 4014 tr.
1749 3964 1992 4028 XXXVI,
2032 3967 2077 4014 1.
2111 3981 2162 4029 p.
2199 3966 2317 4014 543.
2381 3964 2644 4025 „Coactus

201 4044 265 4085 est
284 4076 295 4087 .
316 4077 329 4089 .
351 4078 377 4104 .‚
409 4045 583 4111 inquit
622 4046 673 4096 d.
711 4047 1089 4113 Hieronymus,
1126 4051 1295 4114 praef.
1321 4065 1363 4101 s.
1390 4050 1576 4100 Matth.
1602 4050 1722 4113 VII,
1751 4054 1816 4113 6.,
1856 4052 1926 4101 ad
1950 4053 2124 4117 ipsum
2147 4051 2252 4100 Dei
2277 4051 2511 4100 Verbum
2535 4064 2645 4099 non

199 4131 281 4173 tam
302 4130 491 4194 audaci,
528 4148 690 4198 quam
716 4134 861 4184 felici
886 4136 1182 4186 temeritate
1208 4142 1601 4203 prorumpere.“
1641 4138 1854 4199 Quanto
1881 4138 2082 4189 honore
2107 4137 2207 4188 hoc
2232 4136 2586 4203 Evangelium
2612 4150 2646 4187 a

198 4214 350 4265 ceteris
378 4234 585 4285 quoque
624 4220 677 4269 S.
704 4220 757 4271 S.
784 4222 843 4270 P.
870 4222 929 4271 P.
957 4228 1011 4271 et
1034 4220 1088 4271 S.
1112 4224 1175 4273 E.
1214 4225 1285 4272 sit
1306 4224 1561 4287 habitum,
1599 4226 1982 4277 demonstravit
2005 4224 2305 4285 Tillemont,
2333 4223 2490 4273 Mem.
2515 4224 2557 4273 Ι.
2586 4222 2640 4272 S.

198 4296 321 4349 Jean.
345 4311 432 4354 art.
455 4308 501 4356 8.
531 4306 613 4356 ed.
640 4308 775 4357 Ven.
798 4324 851 4373 p.
880 4312 998 4359 345.
1073 4309 1113 4375 ³)
1140 4310 1401 4360 Clementi
1426 4312 1525 4373 Al„
1551 4314 1607 4361 in
1632 4312 1782 4363 libris
1809 4330 1850 4363 s.
1879 4313 1927 4362 d.
1955 4309 2330 4373 ὗποτυπώσεων,
2358 4328 2422 4361 ex
2448 4314 2642 4377 quibus

198 4382 353 4451 insigni
368 4392 567 4443 iactura
584 4394 877 4459 deperditis
898 4390 1299 4465 &necuciandum
1318 4397 1535 4463 aliquod
1556 4399 1730 4449 adfert
1745 4400 2032 4461 Eusebius,
2051 4398 2120 4448 H.
2135 4400 2199 4448 E.
2225 4399 2318 4462 VI,
2344 4402 2425 4450 14.
2451 4418 2504 4467 p.
2525 4402 2641 4452 216.

198 4472 231 4514 ⁸¹
253 4472 303 4521 In
318 4490 425 4527 mox
442 4481 887 4545 praecedentibus
914 4498 955 4532 s.
981 4483 1316 4548 Epiphanius
1356 4481 1477 4549 ,,τὴν
1502 4482 1732 4553 ἕνσαρκον
1755 4482 2024 4553 παρουσίας
2059 4482 2428 4553 πραγματείαν“
2461 4488 2642 4555 adpel-

193 4555 314 4691 ΙῙῗῖἱῒ-
376 4566 413 4629 ²¹⁹)
456 4566 517 4616 111
554 4572 707 4617 textu
738 4582 935 4633 graeco
973 4564 1100 4630 „e‘trtb
1136 4564 1327 4638 Πατρὶς
1366 4565 1581 4641 ἀνάρχου
1618 4571 1860 4640 δωρεᾶς.“
1934 4572 1974 4639 ⁸)
2013 4572 2065 4621 S.
2101 4572 2456 4638 Epiphanius,
2495 4574 2639 4625 haer.

254 4682 267 4704 9
290 4651 358 4698 19.
380 4668 429 4715 Ρ.
452 4655 567 4703 442·
