3267 5259
1219 456 1363 500 coen·
1392 454 1579 499 Domini.
2517 445 2640 509 113

364 632 503 695 Quod
537 633 613 685 ad
634 634 753 701 ipsa
772 632 921 685 verba
942 634 1272 685 institutionis
1296 634 1347 686 S.
1370 635 1423 686 S.
1452 634 1770 687 Sacramenti
1791 634 2142 685 Eucharistiae
2167 638 2425 681 annotare
2461 634 2640 682 iuvat:

190 733 229 766 a.
262 718 537 783 Scriptores
579 718 635 767 S.
663 718 835 768 verba
858 733 893 767 a
914 719 1047 789 Jesu
1074 718 1283 768 Christo
1308 720 1365 767 in
1389 718 1597 769 solenni
1620 719 1954 767 institutione
1977 718 2352 768 Eucharistiae
2387 720 2642 783 adhibita,

192 820 278 853 non
296 804 465 854 eodem
484 804 651 855 modo
672 805 938 855 retulisse.
963 805 1233 855 Differunt
1251 807 1393 855 enim
1408 806 1547 855 inter
1572 820 1646 867 se,
1674 811 1836 869 atque
1861 806 1996 854 alter
2022 804 2187 854 altero
2207 806 2374 870 magis
2395 808 2642 870 copiosus

192 891 232 938 b.
261 890 405 941 Suam
438 893 641 957 cuique
688 894 987 941 narrationi
1030 892 1407 942 vindicandam
1455 908 1571 941 esse
1618 894 2014 955 auctoritatem3
2069 892 2210 941 unde
2265 893 2529 957 sequitur,
2585 898 2646 941 ut

192 986 269 1039 est,
300 994 458 1043 neque
484 979 661 1027 verba
683 995 727 1028 s.
752 980 955 1040 Lucae,
993 980 1076 1040 22,
1104 980 1185 1028 19.
1227 979 1403 1043 „quod
1438 994 1535 1043 pro
1571 978 1725 1027 vobis
1763 978 1977 1042 datm-“3
2019 978 2150 1038 „hoc
2185 978 2345 1027 facite
2380 979 2434 1027 in
2473 993 2644 1027 meam

192 1066 774 1127 commemorationem“;
822 1070 1039 1130 propter
1076 1082 1117 1115 s.
1154 1064 1417 1115 Matthaei
1463 1071 1517 1113 et
1562 1082 1602 1116 s.
1639 1066 1810 1115 Marci
1853 1064 2146 1125 silentium3
2193 1080 2366 1129 neque
2412 1064 2506 1113 illa
2557 1066 2644 1125 „in

190 1152 514 1201 remissionem
552 1156 931 1216 peccatorum⁴⁶
971 1152 1041 1201 ab
1078 1153 1253 1201 aurito
1290 1157 1427 1201 teste
1462 1168 1503 1201 s.
1540 1152 1815 1201 Matthaeo
1854 1153 1940 1213 26,
1965 1152 2046 1199 28.
2085 1151 2341 1215 profecta,
2379 1152 2447 1200 ob
2486 1150 2644 1201 silen-

192 1237 293 1283 tium
326 1237 651 1302 reliquorum
702 1242 957 1301 suspecta
1002 1238 1152 1286 reddi
1202 1252 1375 1303 posse.
1439 1254 1484 1287 c.
1531 1237 1738 1298 Quibus
1787 1236 1852 1286 de
1898 1238 2075 1287 causis
2125 1236 2176 1285 S.
2233 1237 2498 1298 Joannes,
2556 1237 2646 1301 qui

190 1328 337 1370 tamen
370 1324 621 1373 recubuit
664 1324 723 1373 in
770 1338 940 1373 coena
975 1340 1137 1389 super
1172 1329 1358 1389 pectus
1397 1323 1593 1373 Christi
1643 1324 1765 1373 coll.
1803 1326 1886 1385 21,
1923 1326 2022 1385 20„
2077 1322 2451 1373 Eucharistiae
2497 1324 2644 1372 insti-

192 1408 411 1459 tutionem
446 1410 669 1459 silentio
706 1412 1065 1473 praeterierit,
1112 1426 1217 1459 non
1266 1411 1397 1460 satis
1444 1416 1680 1473 constat,
1725 1410 1862 1459 forte
1908 1414 2204 1475 propterea,
2253 1409 2396 1474 quod
2444 1424 2554 1459 rem
2591 1416 2644 1460 et

190 1494 437 1545 traditione
482 1503 537 1546 et
571 1512 677 1546 usu
711 1496 997 1546 Ecclesiae
1034 1498 1361 1547 notissimam
1398 1498 1636 1547 vidisset.
1699 1497 1926 1546 Accedit
1959 1496 2081 1545 inde
2129 1511 2162 1545 a
2197 1512 2241 1545 c.
2283 1498 2363 1545 13.
2401 1510 2442 1544 s.
2479 1496 2645 1544 mani-

194 1579 301 1628 festa
334 1596 613 1631 occurrere
650 1582 879 1645 indicia,
926 1584 1121 1648 quibus
1168 1584 1537 1633 narrationum
1584 1599 1619 1633 a
1661 1584 1880 1648 reliquis
1917 1582 2282 1647 Evangelistis
2329 1582 2394 1631 de
2439 1583 2646 1631 institu-

192 1666 309 1715 tione
340 1668 723 1719 Eucharistiae
758 1668 1072 1719 traditarum
1110 1672 1370 1719 rationem
1408 1670 1662 1720 habuisse
1700 1670 1964 1720 Joanuem
2001 1671 2078 1718 ita
2115 1674 2398 1734 appareat,
2445 1674 2505 1718 ut
2552 1668 2645 1716 du-

194 1752 403 1802 bitationi
436 1770 551 1804 non
588 1757 659 1805 sit
704 1756 873 1807 locus.
910 1756 1131 1805 Praeter
1167 1756 1393 1806 classica
1429 1773 1495 1806 ex
1530 1757 1631 1806 hoc
1669 1772 1862 1821 genere
1898 1757 2018 1805 loca
2042 1771 2208 1820 penes
2233 1755 2648 1820 Evangeliorum

191 1839 469 1903 scriptores,
524 1843 813 1891 verborum
866 1844 1214 1894 institutionis
1270 1843 1323 1894 S.
1373 1844 1425 1893 S.
1476 1843 1805 1894 Sacramenti
1854 1844 2051 1891 mentio
2099 1842 2160 1891 fit
2203 1842 2252 1890 d.
2301 1857 2334 1890 a
2379 1857 2420 1891 s.
2479 1840 2646 1890 Paulo

192 1924 225 1972 1.
246 1924 352 1975 Cor.
376 1931 459 1989 11,
486 1930 713 1978 23—26.
750 1930 835 1979 De
873 1946 923 1995 q.
962 1946 1005 1979 s.
1043 1929 1077 1979 l.

366 2014 491 2064 Jam
550 2030 681 2065 vero
741 2016 979 2081 sing-ulae
1032 2032 1193 2067 voces
1250 2018 1597 2067 institutionis
1659 2016 1710 2066 S.
1763 2016 1815 2066 S.
1883 2014 2212 2065 Sacramenti
2269 2014 2646 2080 expendamus.

190 2098 393 2163 Accepto
429 2116 573 2167 pane
609 2102 775 2152 Jesus
812 2102 971 2152 dixit:
1008 2104 1149 2153 Hoc
1187 2108 1291 2153 est
1326 2120 1567 2169 corpus
1603 2119 1824 2153 meum.
1873 2102 2016 2152 Nihil
2065 2103 2147 2151 his
2195 2106 2422 2165 quatuor
2471 2101 2648 2149 verbis

192 2184 237 2231 in
266 2184 417 2236 Sacra
453 2188 733 2253 Scriptura
770 2187 969 2238 dictum
1007 2195 1125 2239 erat
1165 2190 1389 2253 clarius,
1438 2195 1724 2255 antequam
1771 2189 2070 2238 Acatholici
2117 2192 2170 2237 et
2217 2188 2486 2236 Increduli
2530 2202 2651 2235 cum

192 2270 345 2321 divina
373 2275 631 2337 mysteria
666 2289 831 2324 sensu
879 2276 1191 2325 metirentur
1225 2276 1463 2337 mortali,
1514 2281 1569 2326 et
1601 2276 1781 2325 Verbo
1818 2276 1922 2324 Dei
1958 2274 2223 2324 humanae
2261 2275 2480 2323 rationis
2517 2273 2650 2321 iudi-

194 2356 322 2418 cium,
356 2358 477 2408 fidei
500 2359 793 2409 humilitati
828 2362 1111 2425 superbiae
1148 2376 1279 2412 suae
1303 2362 1652 2427 pertinaciam
1689 2366 2092 2426 anteponerent,
2133 2362 2360 2425 denique
2385 2360 2454 2408 ad
2475 2358 2650 2409 occul-

190 2442 380 2493 tandam
414 2445 843 2495 incredulitatem
880 2461 1031 2497 suam
1066 2448 1122 2496 in
1158 2447 1341 2513 figuris
1387 2449 1619 2498 latebras
1669 2452 1986 2512 quaerentes
2020 2446 2389 2511 figmentorum
2437 2460 2653 2493 suorum

193 2528 395 2593 ealigine
428 2532 599 2581 verba
632 2534 767 2593 ista,
815 2548 1037 2597 quorum
1074 2534 1377 2584 intellectus
1416 2540 1533 2584 erat
1568 2549 1698 2584 sane
1734 2534 2044 2595 facillimus,
2093 2534 2485 2583 obscurassent.
2549 2532 2653 2591 Qui

193 2612 535 2667 dissentientes
553 2618 991 2669 Acatholicorum
1018 2619 1399 2684 explicationes
1422 2634 1746 2685 cognoscere
1773 2624 1910 2681 avet,
1938 2620 2116 2683 legere
2141 2619 2337 2683 poterit
2353 2619 2408 2666 in
2427 2632 2652 2681 sequen-

190 2700 313 2749 tibus
360 2703 535 2753 libris:
590 2705 871 2767 Albertini,
928 2706 995 2755 de
1049 2720 1184 2755 sacr.
1239 2706 1642 2767 Eucharistiae,
1710 2706 1793 2755 ed.
1852 2705 2134 2755 Blondelli.
2199 2704 2428 2753 Davent.
2502 2704 2652 2752 1654.

192 2784 471 2853 Lightfooti,
524 2793 585 2840 in
620 2792 834 2857 Evang.
869 2790 1054 2845 Matth.
1090 2794 1172 2854 26,
1209 2795 1290 2842 27.
1339 2792 1454 2842 hor.
1488 2792 1635 2841 hebr.
1673 2808 1726 2857 p.
1759 2794 1878 2841 477.
1913 2806 1955 2841 s.
1981 2808 2022 2841 s.
2049 2792 2136 2840 Fr.
2162 2792 2227 2841 N.
2261 2791 2415 2852 Mori,
2453 2788 2652 2839 Comm.

192 2888 321 2939 exeg.
345 2876 460 2927 hist.
484 2879 541 2927 in
566 2878 756 2927 Theol.
785 2877 893 2928 chr.
926 2878 1052 2928 Hal.
1084 2880 1233 2928 1778.
1266 2879 1340 2941 Π,
1376 2881 1495 2928 547.
1534 2895 1575 2929 s.
1636 2878 1850 2943 Elsley‚
1896 2879 2238 2927 annotatione
2283 2893 2355 2926 on
2401 2877 2492 2926 the
2535 2876 2657 2925 four

196 2958 411 3025 Gospels.
434 2964 609 3013 Lond.
639 2965 789 3013 1824.
815 2965 858 3026 Ι,
883 2967 1002 3014 416.
1030 2981 1071 3016 s.
1110 2966 1179 3015 H.
1213 2966 1255 3015 Ι.
1281 2965 1399 3027 Tol,
1440 2980 1583 3030 spec.
1610 2965 1762 3013 acad.
1791 2980 1896 3029 quo
1920 2965 2128 3029 Evang.
2159 2969 2212 3014 et
2235 2964 2390 3015 Pauli
2416 2964 2482 3013 de
2505 2964 2654 3013 insti-

193 3053 290 3095 tuto
315 3049 381 3097 ab
402 3050 533 3099 Jesu
562 3050 775 3099 Christo
802 3051 961 3115 epulo
988 3065 1029 3099 s.
1056 3066 1195 3101 narr.
1222 3051 1297 3100 ill.
1323 3051 1500 3115 Lug-d.
1524 3051 1644 3100 Bat.
1674 3052 1824 3100 1829.
1852 3067 1902 3115 p.
1931 3054 2047 3099 152.
2084 3051 2136 3101 J.
2165 3050 2222 3099 C.
2261 3050 2483 3111 Rodatz‚
2523 3054 2573 3099 u.
2603 3048 2653 3096 d.

194 3130 693 3201 Einsetzungsworte
719 3136 812 3185 des
836 3137 1217 3198 Abendmahls,
1258 3139 1313 3186 in
1336 3137 1475 3186 Ann.
1502 3138 1557 3185 Z.
1584 3138 1621 3185 f.
1646 3136 1778 3186 luth.
1805 3136 1902 3186 Th.
1929 3137 2113 3202 Leipz.
2144 3139 2294 3187 1843.
2321 3137 2362 3197 Ι,
2391 3138 2472 3186 65.
2501 3152 2541 3186 s.
2555 3136 2654 3196 ΠΙ,

196 3220 235 3265 1.
256 3233 295 3266 s.
318 3220 405 3281 IV,
430 3224 473 3271 1.
500 3238 544 3271 s.
574 3223 725 3271 1844.
752 3222 795 3283 I,
837 3224 951 3271 121.
978 3236 1019 3271 s.
1049 3224 1199 3272 1848.
1226 3224 1319 3284 IV,
1348 3226 1463 3272 717.
1513 3224 1692 3287 Atque
1725 3223 1922 3271 ibidem
1959 3221 2018 3271 C.
2047 3221 2282 3283 Strobel,
2318 3222 2410 3271 der
2441 3221 2652 3271 Abend-

196 3304 475 3369 mahlstreit,
506 3310 657 3357 1841.
686 3308 756 3369 11,
786 3310 867 3357 14.
892 3309 984 3369 IV,
1012 3311 1093 3358 67.
1124 3310 1273 3359 1842.
1300 3309 1386 3357 die
1412 3307 1924 3372 Schriftmiissigkeit
1947 3308 2041 3357 der
2066 3322 2252 3372 evang.
2271 3307 2654 3356 Ahendmahls-

197 3386 325 3438 lehre
354 3393 454 3442 und
478 3394 565 3443 die
592 3392 1045 3459 Schriftlosigkeit
1069 3395 1165 3444 der
1187 3394 1555 3444 Reformirten.
1595 3394 1696 3454 ΙΙΙ,
1722 3396 1805 3443 85.
1842 3396 1990 3443 1848.
2018 3395 2110 3454 IV,
2149 3394 2264 3442 748.
2291 3409 2399 3457 seq.
2433 3394 2475 3441 I.
2504 3392 2562 3441 O.
2589 3393 2654 3441 K.

198 3472 469 3539 Hoffmann,
496 3478 595 3527 der
618 3478 1014 3528 Schristbeweis
1040 3478 1197 3529 Nudl.
1228 3482 1377 3530 1853.
1402 3480 1475 3541 11,
1498 3483 1544 3529 1.
1567 3481 1670 3529 200
1691 3495 1803 3544 seq.
1830 3479 2120 3541 Delitzsch,
2145 3481 2202 3528 in
2222 3478 2446 3529 Zeitsch.
2467 3478 2503 3527 f.
2523 3478 2653 3529 luth.

199 3558 367 3610 Theol.
390 3566 531 3614 1845.
559 3565 631 3627 ΙΙ,
662 3568 709 3613 1.
736 3579 779 3613 s.
826 3564 1058 3627 Richter,
1087 3565 1183 3615 das
1210 3566 1407 3615 Wesen
1434 3565 1529 3615 des
1553 3566 1603 3614 h.
1629 3565 2008 3626 Abendmahls,
2047 3566 2104 3614 in
2123 3580 2245 3615 ann.
2267 3564 2417 3614 Stud.
2451 3580 2501 3613 u.
2522 3564 2654 3613 Krit.

202 3648 335 3696 1863.
360 3665 405 3713 p.
428 3653 544 3700 241.
570 3666 613 3701 s.
664 3650 809 3699 Nihil
834 3652 1095 3700 intactum
1120 3652 1451 3716 reliquerunt
1474 3651 1530 3700 hi
1555 3652 1671 3713 viri,
1699 3651 1842 3715 quod
1867 3650 1953 3700 vel
1979 3667 2043 3699 ex
2067 3651 2354 3701 reconditis
2381 3665 2421 3700 s.
2449 3665 2490 3699 s.
2515 3651 2576 3699 P.
2597 3650 2654 3699 P.

202 3740 247 3777 ct
276 3732 325 3781 S.
350 3734 407 3784 E.
440 3738 693 3801 operibus
730 3736 1087 3801 depromtum3
1124 3736 1213 3787 vel
1250 3752 1315 3787 ex
1350 3738 1724 3787 Hebraeorum
1761 3738 2194 3801 antiquitatibus3
2233 3738 2318 3786 vel
2357 3736 2588 3801 denique
2627 3751 2656 3784 e

202 3816 249 3865 S.
294 3817 345 3868 S.
388 3820 637 3887 loquendi
688 3824 895 3872 ratione
934 3822 1197 3886 haustum,
1248 3838 1467 3875 causam
1525 3838 1678 3873 suam
1735 3824 2082 3888 probaturum
2128 3825 2434 3875 censebant.
2509 3823 2657 3883 Quae

206 3906 365 3953 omnia
393 3908 491 3957 iam
529 3909 658 3959 olim
696 3923 729 3958 a
764 3908 1054 3974 Theologis
1092 3909 1369 3960 catholicis
1405 3914 1675 3975 prostrata
1709 3908 1934 3958 fuerant.
1973 3910 2152 3959 Prima
2185 3924 2290 3959 vox
2327 3923 2464 3973 quae
2500 3908 2656 3957 nobis

204 3992 559 4045 consideranda
596 3996 856 4057 occurrit,
908 4001 991 4046 est
1034 4012 1325 4061 pronomen
1360 3996 1488 4058 hoc,
1535 3996 1705 4057 τοῦτο,
1743 3995 1884 4060 quod
1931 3996 2256 4045 demonstrat
2304 4010 2410 4043 non
2447 4008 2656 4058 panem,

206 4076 287 4123 sed
324 4094 419 4129 rem
451 4087 757 4132 contentam
792 4082 893 4131 sub
931 4083 1215 4147 speciebus
1250 4084 1430 4147 panis;
1471 4096 1610 4147 quae
1649 4082 1747 4131 etsi
1785 4087 1946 4131 antea
1979 4082 2083 4131 fuit
2105 4082 2276 4146 panis,
2315 4086 2492 4129 tamen
2528 4086 2658 4127 tunc

208 4160 299 4210 iam
334 4174 435 4215 erat
468 4168 663 4219 Christi
701 4184 913 4233 corpus.
954 4166 1201 4218 Secundo
1239 4168 1684 4220 considerandum
1722 4174 1805 4218 est
1839 4169 2060 4217 verbum
2095 4173 2192 4229 est,
2229 4166 2347 4216 ἔστι.
2385 4167 2506 4215 Hoc
2540 4182 2656 4213 ver-

212 4246 321 4297 bum
352 4253 729 4305 substantivum
766 4270 875 4304 non
910 4260 1091 4319 potest
1126 4254 1235 4305 ullo
1273 4256 1378 4305 alio
1416 4254 1573 4304 modo
1613 4256 1802 4319 accipi,
1839 4256 1896 4302 in
1920 4254 2026 4304 alio
2051 4252 2454 4318 significationis
2479 4266 2656 4313 sensu,

214 4348 352 4395 quam
380 4338 437 4387 in
470 4357 585 4390 suo
622 4342 901 4406 proprio.
948 4342 1085 4391 Nam
1114 4342 1372 4406 imprimis
1408 4341 1572 4391 habet
1604 4340 2046 4405 simplicissimam
2089 4345 2142 4388 et
2179 4340 2658 4389 communissimam

214 4419 652 4489 significationem„
693 4429 774 4476 ita
817 4432 877 4476 ut
921 4443 1029 4476 non
1074 4429 1244 4492 possit
1286 4427 1427 4477 trahi
1474 4427 1541 4477 ad
1578 4425 2020 4492 significationem
2062 4426 2282 4475 alterius
2325 4426 2500 4475 verbi.
2557 4426 2662 4475 Est

218 4507 387 4569 copula
416 4516 641 4563 omnium
678 4514 1122 4579 propositionum,
1166 4515 1495 4579 coniungens
1520 4512 1887 4579 praedicatum
1912 4528 2032 4561 cum
2055 4512 2315 4573 subiecto,
2351 4513 2515 4578 igitur
2550 4528 2660 4562 non

216 4596 373 4653 potest
402 4595 649 4649 dimittere
686 4614 843 4649 suum
878 4600 1120 4649 nativum
1156 4612 1385 4650 sensum.
1446 4600 1694 4665 Denique
1730 4599 1910 4648 nullus
1948 4614 2181 4665 unquam
2217 4600 2442 4664 scriptor
2480 4599 2663 4647 docuit

312 4682 487 4737 ano.
514 4691 629 4733 mat.
660 4690 957 4733 Revelationis
984 4690 1173 4732 divinae.
1202 4692 1259 4731 11.
2319 4687 2350 4735 8
