3267 5259
977 427 1124 475 Ortus.
1155 426 1343 469 infantia
1369 426 1418 468 ot
1445 425 1651 467 inventus
1678 426 1855 467 Christi.
2619 415 2655 479 7

199 605 438 688 putavit,
503 612 576 665 ut
639 624 728 665 ne
797 600 954 687 quid
1022 600 1102 665 de
1169 600 1380 665 Maria
1445 622 1794 687 perperam
1858 600 2197 683 iudicaret,
2264 611 2377 665 aut
2440 601 2657 687 palam

199 714 556 797 diffamaret,
631 716 776 799 ipse
854 712 1222 779 discederet
1297 735 1572 799 eamque
1650 722 1947 777 moneret
2020 736 2163 777 sese
2240 714 2431 777 datae
2504 714 2658 779 fidei

199 829 554 894 renuntiare.
647 824 781 890 Ubi
843 826 1008 889 haec
1053 828 1268 891 animo
1315 824 1420 891 ille
1480 835 1793 908 versaret,
1850 834 1921 889 ut
1966 849 2007 889 a
2050 826 2125 890 B.
2166 825 2435 912 Virgine
2482 850 2657 892 amo-

201 950 429 1003 veretur
479 940 642 1003 tanti
701 940 984 1003 criminis
1039 940 1342 1025 suspicio,
1406 961 1532 1024 quo
1587 938 1821 1003 honori
1874 948 2006 1003 tam
2061 940 2261 1024 ipsius
2309 962 2503 1025 quam
2549 939 2657 1004 filii

201 1053 306 1115 Dei
367 1052 830 1134 consuleretur,
896 1051 1316 1116 indicandum
1385 1060 1524 1117 erat
1588 1051 1632 1116 J
1635 1050 1883 1137 osepho
1946 1061 2195 1115 tantum
2256 1051 2657 1116 miraculum.

205 1166 402 1251 Itaque
443 1164 629 1229 Deus
676 1188 800 1251 per
844 1164 1146 1249 angelum
1201 1166 1665 1229 internuntium
1726 1186 1935 1247 suum,
1996 1164 2357 1251 Josephum
2405 1162 2486 1228 de
2532 1164 2659 1229 hoc

203 1300 409 1341 arcano
441 1277 724 1342 erudivit
756 1286 822 1342 et
851 1276 1220 1363 plenissime
1255 1278 1596 1341 certiorem
1629 1277 1819 1359 fecit3
1853 1276 2027 1341 illam
2050 1301 2182 1341 non
2216 1279 2483 1341 crimine
2516 1300 2658 1341 esse

202 1390 533 1474 gravidam,
609 1390 733 1454 sed
806 1414 854 1454 e.
919 1388 1194 1475 Spiritus
1271 1412 1474 1475 opera
1548 1388 1813 1454 coelesti
1890 1388 2083 1475 plane
2153 1400 2349 1477 atque
2419 1389 2657 1453 divina.

203 1502 500 1585 Hortatur,
545 1514 618 1567 ut
661 1504 939 1567 Mariam
985 1502 1447 1588 desponsatam
1493 1502 1709 1585 ducat,
1754 1501 1939 1567 brevi
1988 1501 2320 1567 oraculum
2374 1502 2529 1566 illud
2577 1501 2658 1565 de

203 1616 460 1679 mirando
504 1616 798 1701 Virginis
841 1624 1036 1701 partu
1076 1617 1204 1679 iam
1237 1613 1386 1679 olim
1436 1614 1678 1679 editum
1726 1613 2061 1700 impletum
2105 1617 2181 1679 iri
2213 1618 2279 1679 in
2309 1616 2656 1701 puerperio

205 1728 420 1793 Mariae
449 1732 486 1791 ¹.
573 1727 814 1815 Aperit
859 1726 1066 1815 qualis
1111 1728 1367 1793 futurus
1413 1730 1495 1791 sit
1537 1726 1643 1791 hic
1688 1727 1877 1811 filius,
1909 1730 2115 1791 maior
2151 1728 2413 1793 homine
2460 1738 2656 1813 atquc

205 1841 320 1927 ipse
357 1840 534 1905 Deus
575 1843 686 1906 cui
731 1841 936 1925 ‚Jesu‘
975 1863 1214 1905 nomen
1259 1840 1729 1927 imponendum
1775 1840 2160 1926 praescribit
2204 1842 2380 1904 iussu
2419 1839 2659 1923 divinO,

208 1954 357 2038 quod
410 1977 527 2040 per
585 1953 768 2019 illum
827 1953 1055 2041 populi
1115 1964 1394 2039 peccata
1454 1952 1737 2018 delenda
1803 1953 2019 2019 forent
2042 1954 2085 2017 ².
2164 1952 2511 2039 Josephus,
2567 1954 2661 2017 uti

207 2088 400 2131 somno
431 2066 680 2131 solutus
713 2067 944 2149 fuerat,
992 2067 1150 2131 fecit
1181 2069 1345 2131 sicut
1373 2075 1807 2152 praeceperat
1838 2067 1896 2129 ei
1929 2065 2221 2150 angelus,
2268 2074 2334 2128 et
2364 2067 2661 2150 quamvis

204 2178 444 2243 Mariam
486 2182 808 2245 iunxisset
853 2178 972 2244 sibi
1017 2178 1230 2244 stabili
1278 2177 1604 2243 connubio
1634 2182 1678 2261 ³,
1738 2201 1863 2243 nec
1907 2188 2129 2243 tamen
2174 2200 2329 2242 usus
2376 2178 2658 2263 coniugii

207 2292 322 2355 iure
364 2304 456 2357 est
475 2297 522 2375 4,
568 2292 808 2376 ‚donec
851 2294 1108 2379 peperit
1151 2291 1352 2356 filium
1398 2314 1587 2356 suum
1632 2292 2182 2377 primogenitum!
2209 2294 2233 2333 ⁵

389 2620 422 2685 ¹)
459 2622 536 2671 Cf.
581 2622 635 2671 S.
679 2620 988 2685 Gregorii
1034 2620 1332 2684 Nyeseni‚
1379 2620 1434 2667 in
1472 2617 1610 2667 diem
1656 2616 1891 2665 natalem
1930 2616 2140 2665 Christi.
2198 2614 2295 2681 Op.
2342 2615 2422 2664 ed.
2466 2615 2661 2679 Migne.

209 2704 288 2761 m,
325 2710 457 2757 1135.
507 2707 546 2773 ²)
583 2707 776 2759 Matth.
817 2710 862 2770 1,
904 2708 1122 2756 18-23,
1173 2704 1212 2771 ³)
1251 2705 1570 2769 Quanquam
1607 2704 1747 2753 enim
1783 2701 2053 2767 Josephus
2090 2706 2145 2751 et
2178 2700 2351 2751 Maria
2391 2716 2663 2766 nunquam

205 2794 270 2839 usi
324 2796 420 2843 sint
462 2795 762 2859 coniugii
817 2795 973 2855 iure,
1039 2808 1256 2842 verum
1317 2797 1496 2841 tamen
1557 2791 1771 2840 illorum
1824 2790 2205 2853 coniugium
2266 2786 2369 2837 fuit
2420 2791 2555 2836 teste
2611 2787 2660 2836 d.

205 2878 550 2944 Augustin0‚
605 2882 676 2931 de
731 2892 994 2931 consensu
1048 2880 1530 2945 Evangelistarum.
1591 2878 1663 2940 Π,
1716 2881 1759 2927 1.
1808 2876 1904 2926 ΠΙ.
1946 2878 1994 2925 6.
2033 2891 2083 2940 p.
2125 2876 2205 2924 27.
2255 2873 2321 2924 de
2374 2874 2574 2939 nuptiis
2611 2878 2665 2923 et

207 2968 604 3031 eoncupiscentia
641 2968 685 3029 Ι,
727 2971 806 3017 11.
867 2968 1088 3033 „Neque
1126 2968 1264 3016 enim
1301 2965 1566 3015 fallaciter
1602 2965 1671 3013 ab
1710 2962 1915 3029 Angelo
1963 2962 2159 3011 dictum
2208 2966 2289 3011 est
2334 2961 2401 3010 ad
2442 2960 2661 3025 Joeeph.

207 3051 308 3101 Noli
347 3056 520 3105 timere
567 3057 816 3121 accipere
859 3055 1086 3105 Mariam
1132 3054 1410 3117 coniugem
1457 3058 1618 3103 tuam.
1696 3050 1903 3101 Coniux
1949 3054 2177 3099 vocatur
2230 3065 2293 3098 ex
2348 3050 2519 3113 prima
2560 3042 2664 3097 fide

207 3138 610 3205 desponsationis,
669 3157 827 3208 qnam
882 3140 1170 3191 concubitu
1229 3156 1330 3189 nec
1390 3142 1717 3204 cognoverat
1774 3153 1875 3187 nec
1934 3136 2109 3186 fuerat
2167 3136 2502 3200 cogniturus3
2565 3150 2665 3183 nec

209 3226 422 3290 perierat,
456 3244 556 3280 nec
594 3228 828 3279 mendax
871 3232 1142 3277 manserat
1186 3228 1428 3291 coniugis
1473 3225 1781 3290 appellatio,
1820 3224 1913 3273 ubi
1958 3238 2057 3273 nec
2102 3222 2294 3284 fuerat,
2342 3236 2441 3271 nec
2484 3220 2665 3270 futura

209 3318 304 3361 erat
335 3316 496 3364 carnis
531 3316 646 3366 ulla
683 3315 1002 3364 commixtio.
1057 3314 1192 3363 Erat
1229 3312 1426 3377 quippe
1465 3310 1560 3361 illa
1593 3312 1745 3377 virgo
1782 3310 1904 3359 ideo
1930 3314 1985 3359 et
2020 3309 2259 3359 sanctius
2284 3314 2339 3357 et
2366 3306 2662 3357 mirabilius

207 3396 404 3449 iocunda
443 3416 538 3451 suo
581 3404 728 3464 viro,
777 3402 866 3467 qui
915 3401 1074 3451 etiam
1127 3398 1392 3449 foecunda
1437 3399 1552 3447 sine
1597 3399 1740 3459 viro,
1788 3396 1939 3461 prole
1986 3396 2183 3460 dispar,
2230 3394 2335 3443 fide
2382 3396 2652 3458 compar.“

209 3482 262 3531 X.
294 3500 336 3533 a.
369 3504 416 3553 p.
449 3490 566 3539 286.
625 3490 670 3554 ⁴)
705 3486 894 3537 Matth.
935 3490 981 3548 1,
1020 3488 1104 3537 25.
1165 3484 1206 3551 ⁵)
1243 3485 1317 3535 Et
1351 3484 1699 3549 Unigenitum
1736 3484 1789 3533 in
1826 3488 2089 3547 tempore3
2136 3481 2229 3545 qni
2272 3480 2665 3544 Primogenitue

210 3576 254 3617 et
289 3572 586 3639 {inigenitus
633 3580 752 3625 erat
793 3574 850 3623 in
895 3574 1227 3623 aeternitate.
1301 3571 1622 3636 Unigenitus
1668 3572 1725 3620 in
1771 3569 2071 3619 substantia
2116 3567 2427 3629 divinitatis,
2476 3567 2569 3631 qui
2610 3568 2664 3615 in

211 3654 328 3707 hunc
357 3662 599 3712 mundum
635 3666 794 3711 natus
833 3666 913 3710 est
947 3660 1002 3709 in
1039 3664 1293 3725 tempore,
1332 3659 1471 3707 sicut
1506 3657 1574 3707 ab
1613 3661 1833 3707 aeterno
1872 3656 2001 3705 exiit
2037 3669 2070 3703 a
2104 3655 2281 3703 Patre.
2341 3654 2509 3703 Recte
2545 3668 2665 3701 cum

213 3756 238 3790 a
267 3748 466 3799 vetustis
501 3748 554 3799 S.
591 3748 873 3799 Patribus:
918 3761 959 3796 s.
1003 3745 1404 3812 Epiphan10‚
1460 3744 1624 3793 Haer.
1664 3742 1967 3804 LXXVIII,
2026 3742 2105 3791 17.
2165 3741 2217 3804 Ι,
2266 3742 2415 3791 1048.
2472 3754 2583 3803 seq.
2622 3754 2663 3787 s.

213 3828 582 3899 Hieronymo,
611 3835 735 3885 adv.
759 3833 1066 3883 Helvidium
1091 3848 1142 3882 n.
1173 3834 1252 3882 10.
1277 3831 1346 3894 Π,
1373 3833 1516 3893 215.;
1543 3836 1654 3879 tum
1679 3830 1747 3879 ab
1772 3828 2151 3893 interpretibus
2176 3827 2243 3876 H.
2280 3826 2664 3890 LuyeteniO,

215 3916 257 3963 in
285 3920 364 3982 pia
386 3925 435 3971 et
457 3921 614 3973 docta
639 3921 830 3987 explic.
856 3936 972 3986 cap.
1011 3934 1116 3970 sec.
1143 3918 1194 3968 d.
1230 3920 1414 3969 Lucae
1453 3932 1641 3982 evang.
1694 3918 1850 3965 Antv.
1880 3917 2029 3965 1565.
2068 3931 2118 3980 p.
2162 3916 2241 3964 16.
2265 3911 2664 3973 Maldonato,

219 4003 337 4055 adh.
359 4007 392 4057 1.
411 4024 462 4073 p.
485 4012 567 4059 44.
617 4010 681 4058 Δ.
719 4008 1002 4073 Bynaeo,
1041 4006 1108 4057 de
1131 4004 1313 4057 Natali
1336 4006 1470 4055 Jesu
1508 4004 1721 4054 Christi.
1778 4002 1993 4052 Amstel.
2036 4004 2184 4051 1680.
2223 4000 2264 4062 Ι,
2302 4002 2351 4048 2.
2390 4015 2441 4063 p.
2478 3998 2595 4047 267.
2622 4012 2661 4045 s.

217 4088 503 4158 Dionysio
548 4096 853 4157 Petavio‚
901 4092 1167 4144 animadv.
1217 4092 1286 4154 11,
1325 4094 1442 4143 332.
1489 4091 1794 4151 Patritio,
1830 4088 1867 4138 l.
1894 4104 1938 4138 c.
1978 4088 2104 4137 diss.
2141 4086 2257 4135 XV.
2282 4086 2323 4148 Ι,
2366 4086 2587 4135 14-16.
2612 4100 2663 4149 p.

219 4178 314 4226 125.
346 4194 383 4229 s.
418 4182 640 4248 aliisque
677 4180 1044 4232 eruditissimis
1081 4180 1210 4229 viris
1247 4184 1435 4229 contra
1476 4178 1773 4228 obscoenas
1820 4175 2191 4226 cavillationes
2238 4170 2663 4221 animadversum

221 4268 286 4310 est
319 4269 616 4329 particulam
661 4265 771 4329 ἕως,
817 4268 1004 4329 donec,
1051 4266 1276 4331 intellig-i
1325 4266 1390 4315 de
1433 4270 1673 4330 tempore
1726 4263 2030 4328 praeterito,
2088 4262 2203 4309 sine
2258 4258 2371 4309 ulla
2424 4256 2665 4306 illatione

220 4355 434 4403 contrarii
473 4354 527 4405 in
571 4356 822 4405 futurum.
881 4354 946 4404 Ε.
997 4370 1048 4419 g.
1091 4352 1278 4403 Matth.
1323 4354 1373 4414 5,
1426 4352 1506 4401 18.
1566 4351 1701 4402 Luc.
1748 4351 1829 4413 22,
1880 4350 1963 4398 16.
2031 4347 2240 4397 Pariter
2285 4346 2664 4411 opposuerunt,

223 4437 582 4505 primogenitum
628 4441 748 4505 dici,
787 4446 912 4491 ante
949 4456 1104 4506 quem
1144 4438 1337 4501 nullus,
1375 4454 1482 4488 non
1519 4442 1643 4503 post
1678 4452 1835 4501 quem
1881 4434 1991 4484 alii.
2052 4434 2115 4481 V.
2154 4446 2195 4482 s.
2233 4431 2423 4481 Isidori
2468 4430 2665 4491 Polus„

223 4535 290 4584 ep.
321 4524 496 4579 xvln.
531 4528 612 4579 ed.
651 4530 832 4593 Migne
869 4528 984 4577 192.
1028 4542 1070 4575 s.
1125 4526 1325 4577 XXIII.
1363 4542 1416 4590 p.
1456 4526 1570 4575 195.
1609 4539 1652 4573 s.
1702 4520 2105 4587 Theophylacti‚
2152 4519 2351 4569 Comm.
2407 4520 2462 4567 in
2523 4517 2666 4565 hunc

227 4604 372 4660 locum
404 4612 478 4664 ed.
511 4616 688 4666 Lutet.
725 4615 850 4665 Par.
889 4614 1038 4665 1635.
1074 4629 1128 4678 p.
1168 4614 1248 4662 10.
1312 4610 1393 4661 cf.
1429 4610 1604 4660 Exodi
1646 4612 1725 4671 13,
1764 4611 1811 4657 2.
