3267 5259
616 450 745 525 436
1355 463 1469 515 liist.
1501 463 1605 515 1101.
1636 472 1722 515 div.
1755 467 1921 515 period.
1953 465 2005 515 ll.
2031 480 2127 525 0011.
2158 466 2354 525 primum.

620 646 882 735 quidem
914 646 1041 712 alia
1072 646 1380 731 obtigisse
1412 646 1804 712 charismata
1829 650 1870 730 ¹,
1921 647 2039 712 sed
2079 648 2308 713 unitati
2339 657 2692 734 propterea
2731 645 2888 712 nihil
2923 645 3070 711 dero·

617 762 777 846 gari,
836 761 1144 845 quoniam
1198 758 1445 825 haecce
1494 760 1814 825 donorum
1873 783 2348 847 munerumque
2395 760 2738 826 diversitas
2789 763 3072 825 inservire

618 872 815 938 debet
870 872 956 936 ad
1000 871 1443 937 adiuvandum
1502 894 1740 959 corpus
1793 872 2034 937 Christi
2079 875 2463 960 mysticum3
2509 896 2720 961 usque
2775 896 2926 938 cum
2981 896 3074 937 nos

617 1010 843 1052 omnes
897 986 983 1051 ad
1038 985 1194 1050 fidei
1243 986 1763 1073 cognitionisque
1811 988 2126 1051 unitatem
2181 988 2640 1073 perveniamus
2661 989 2706 1051 ².
2785 986 3075 1073 Loquitur

618 1099 855 1165 deinde
888 1098 971 1163 de
1005 1098 1278 1165 diversis
1307 1099 1690 1165 virtutibus:
1731 1098 2112 1183 humilitate,
2145 1099 2664 1183 mansuetudine,
2699 1101 2990 1165 castitate
3025 1109 3074 1161 et

614 1212 927 1299 patientia
948 1215 991 1277 3.
1038 1212 1242 1277 Porro
1292 1211 1578 1297 singulos
1623 1212 1969 1277 homines⁴
2001 1250 2086 1261 —-
2114 1234 2376 1296 uxores,
2435 1215 2724 1295 01011100,
2773 1222 3073 1299 parentes,

616 1324 853 1411 proles,
886 1323 1205 1408 dominos,
1238 1348 1463 1390 servos
1502 1363 1573 1373 -—
1612 1324 1810 1390 officii
1856 1347 2152 1412 quosque
2185 1326 2282 1391 sui
2315 1325 2660 1411 diligenter
2707 1334 3072 1390 commonet

614 1658 842 1722 efficere,
879 1676 991 1711 11110
1025 1676 1121 1726 spe
1156 1674 1339 1711 omnes
1376 1666 1599 1712 vocatos
1634 1676 1771 1723 esse,
1807 1675 1970 1710 unum
1999 1674 2116 1709 esse
2141 1661 2376 1710 omnium
2399 1661 2705 1723 Dominum,
2731 1675 2894 1710 unam
2919 1660 3068 1721 fidem,

614 1762 775 1797 unum
812 1747 1093 1813 baptisma,
1140 1762 1304 1797 unum
1342 1748 1515 1797 Deum
1552 1748 1786 1797 omnium
1827 1752 1880 1796 et
1917 1748 2144 1797 Patrem.
2203 1746 2336 1796 Cum
2385 1746 2700 1797 ascenderet
2751 1746 2989 1797 Christus
3030 1749 3074 1795 in

614 1834 819 1883 coelum
856 1840 978 1899 post
1012 1848 1163 1885 suam
1200 1835 1657 1895 resurrectionem,
1695 1835 1836 1899 cepit
1865 1834 1933 1884 ab
1970 1833 2122 1884 hoste
2160 1832 2374 1885 diabolo
2413 1850 2596 1883 omnes
2622 1834 2840 1895 electos,
2878 1850 3074 1899 quorum

612 1921 821 1971 animae
856 1925 983 1971 tunc
1019 1922 1073 1969 in
1111 1920 1287 1985 lymbo
1326 1922 1573 1987 captivae
1610 1920 2015 1983 detinebantur,
2055 1920 2174 1971 coll.
2209 1921 2295 1970 Ps.
2331 1922 2415 1983 67,
2453 1922 2532 1971 19.
2571 1926 2625 1971 et
2661 1920 2886 1971 abduxit
2919 1937 3074 1971 secum

614 2008 683 2058 ad
722 2007 931 2073 00010ος
981 2008 1173 2073 reliqui
1210 2009 1521 2059 continuato
1567 2010 1723 2074 quasi
1769 2010 1979 2074 agmine
2025 2014 2321 2074 sequuntur
2368 2023 2538 2074 usque
2575 2008 2646 2058 ad
2681 2007 2842 2059 finem
2879 2008 3074 2059 saeculi.

612 2095 674 2145 V.
712 2096 781 2145 H.
814 2096 877 2145 R.
903 2096 969 2145 D.
998 2096 1061 2145 N.
1088 2096 1149 2145 Τ.
1184 2112 1237 2161 p.
1276 2096 1392 2146 178.
1454 2094 1652 2145 Omnes
1689 2096 1924 2145 universi
1951 2096 2221 2161 regiones,
2267 2096 2442 2157 imam,
2481 2110 2742 2145 summam
2780 2102 2835 2145 et
2869 2096 3070 2145 mediam

612 2182 1014 2247 perambulans,
1069 2182 1184 2231 iure
1234 2197 1330 2232 suo
1384 2188 1640 2248 tanquam
1689 2181 1965 2232 Dominus.
2039 2183 2122 2231 Ex
2171 2198 2277 2247 quo
2327 2188 2580 2233 contextu
2627 2186 2677 2245 4,
2716 2185 2903 2233 8—10.
2949 2186 3074 2248 patet

613 2283 771 2333 quam
807 2270 987 2335 inepte
1024 2268 1347 2334 Ubiquitarii
1380 2297 1447 2306 —
1484 2284 1710 2334 (1110111111
1745 2270 2064 2319 sententiam
2101 2270 2296 2335 probat
2331 2268 2400 2320 H.
2436 2268 2499 2319 G.
2531 2268 2883 2331 Hoelemann,
2919 2268 3073 2318 Bibel—

612 2356 841 2405 studien.
876 2356 1061 2421 Leipz.
1090 2358 1239 2407 1860.
1265 2356 1335 2421 11,
1365 2356 1481 2407 127.
1508 2384 1575 2395 --
1600 2372 1666 2405 ex
1691 2356 1796 2406 1100
1819 2356 1942 2407 1000
1967 2356 2247 2422 colligant:
2281 2356 2474 2407 Christi
2507 2372 2702 2423 corpus
2737 2372 2854 2406 esse
2881 2358 3071 2421 ubique,

610 2457 719 2493 11011
755 2444 931 2493 minus
969 2456 1127 2508 quam
1166 2444 1279 2493 eius
1317 2443 1668 2494 divinitatem.

824 2564 861 2632 ¹)
900 2566 1051 2627 Quae
1078 2571 1354 2615 enumerat
1388 2565 1432 2615 1.
1460 2565 1580 2616 Cor.
1610 2568 1692 2629 12,
1719 2568 1802 2617 28.
1853 2566 1956 2615 Hic
1981 2570 2158 2616 autem
2187 2568 2269 2627 11,
2299 2568 2380 2615 12.
2419 2582 2482 2616 ea
2507 2567 2609 2616 sibi
2636 2565 3072 2617 commemoranda

611 2652 779 2715 duxit,
818 2667 955 2718 quae
994 2652 1121 2701 data
1154 2652 1369 2703 fuerant
1404 2652 1792 2719 principalibus
1829 2652 2109 2703 Ecclesiae
2143 2653 2393 2703 membris
2419 2652 2488 2702 ad
2515 2655 2630 2703 eius
2655 2652 3068 2703 aedificationem.

612 2738 853 2789 Meminit
888 2738 1281 2805 Apostolorum,
1320 2738 1724 2805 Prophetarum,
1761 2738 2249 2804 Evangelistarum,
2296 2741 2593 2802 Pastorum,
2631 2740 2940 2803 Doctorum3
2974 2754 3068 2787 11011

610 2830 788 2875 tamen
826 2830 941 2875 erat
966 2825 1135 2875 Paulo
1170 2827 1500 2892 propositum
1540 2842 1722 2877 omnes
1747 2826 2098 2876 Hierarchiae
2131 2827 2530 2877 ecclesiasticae
2563 2827 2762 2893 gradus
2796 2842 3064 2885 recensere,

610 2928 710 2963 nec
746 2913 849 2962 fuit
882 2912 1105 2979 proinde
1140 2928 1360 2963 necesse
1396 2914 1698 2965 meminisse
1734 2913 2000 2965 Primatus
2036 2928 2077 2964 s.
2103 2914 2265 2963 Petri.
2337 2913 2377 2979 ²)
2414 2916 2465 2977 4,
2505 2917 2585 2965 11.
2621 2930 2664 2965 0.
2713 2914 2788 2965 Ut
2822 2921 2938 2963 tunc
2969 2927 3066 2961 non

610 3000 775 3049 simus
814 3000 1039 3067 amplius
1085 3001 1329 3067 imperiti,
1366 3002 1457 3067 qui
1504 3000 1760 3051 vacillent
1807 3002 1949 3051 omni
1994 3006 2154 3050 vento
2205 3000 2480 3051 doctrinae
2525 3003 2579 3051 in
2625 3001 2751 3051 ludo
2797 3001 3065 3056 hominum3

610 3086 705 3137 sed
741 3090 801 3136 ut
837 3092 1051 3137 tenaces
1088 3088 1327 3138 veritatis
1364 3090 1419 3137 in
1456 3103 1635 3138 0111010
1673 3102 1974 3138 crescamus
2023 3088 2090 3137 ad
2129 3103 2277 3151 eum,
2323 3088 2414 3154 qui
2451 3093 2617 3154 caput
2651 3090 2723 3137 sit
2759 3087 3004 3146 Christus,
3039 3100 3064 3133 e

610 3189 715 3239 quo
764 3178 933 3223 totum
983 3190 1201 3240 corpus,
1252 3176 1591 3225 coniunctum
1628 3176 1790 3226 variis
1838 3175 2108 3241 partibus,
2155 3190 2292 3240 quae
2343 3190 2495 3225 suum
2544 3175 2796 3241 qua'dque
2837 3172 3060 3231 efficiant,

610 3266 986 3327 promoveatur
1022 3248 1091 3311 ad
1128 3261 1552 3313 aedificationem
1588 3263 1757 3328 ipsius
1793 3264 1848 3312 in
1887 3264 2126 3313 caritate.
2199 3262 2238 3329 ³)
2275 3262 2516 3311 Revocat
2559 3264 2750 3312 iterum
2785 3264 2834 3323 4,
2870 3262 3062 3311 17-24,

608 3347 856 3413 Ephesiis
904 3349 959 3397 in
1008 3350 1330 3410 memoriam,
1369 3349 1556 3414 quales
1605 3348 1804 3399 fuerint
1849 3354 2010 3399 antea
2056 3348 2308 3414 gentiles,
2357 3364 2477 3398 cum
2525 3350 2668 3399 vitiis
2714 3348 2874 3398 dediti
2917 3346 3062 3396 veteri

610 3434 805 3483 homini
850 3436 1141 3498 servirent,
1187 3434 1485 3501 qualesque
1526 3435 1686 3485 modo
1733 3440 1978 3501 oporteat
2025 3450 2142 3487 esse
2178 3451 2213 3485 a.
2247 3441 2470 3501 peccato
2515 3442 2772 3501 purgatos
2808 3441 2860 3485 et
2891 3448 3061 3483 novum

608 3522 871 3571 hominem
916 3522 1215 3572 induentes.
1277 3522 1501 3589 Propter
1547 3522 1692 3588 quod
1737 3523 1868 3573 dicit
1903 3525 1952 3586 4,
1989 3525 2072 3573 25.
2100 3550 2165 3560 —-
2191 3526 2242 3586 5,
2277 3525 2326 3572 2.
2375 3538 2546 3573 sermo
2595 3538 2778 3573 eorum
2813 3524 2878 3573 sit
2907 3535 3060 3576 verus,

610 3608 831 3659 affectus
867 3609 980 3659 irae
1018 3608 1343 3673 moderandi,
1380 3610 1577 3659 furtum
1615 3609 1907 3673 vitandum,
1947 3610 2315 3675 eleemosynae
2354 3609 2710 3674 elargiendae,
2747 3612 2908 3660 virtus
2934 3608 3062 3657 beni-

608 3697 825 3761 gnitatis
862 3695 1127 3746 servanda
1162 3697 1217 3746 in
1254 3696 1416 3747 corde
1454 3702 1508 3747 et
1530 3712 1623 3747 ore
1649 3696 1719 3747 ad
1743 3698 2042 3763 exemplum
2081 3696 2292 3747 Christi.
2347 3696 2690 3747 immunditia
2725 3702 2882 3763 atque
2915 3697 3060 3760 impu-

610 3782 806 3845 dicitia,
845 3781 1232 3848 stultiloquium
1268 3790 1429 3850 atque
1466 3783 1774 3846 scurrilitas,
1813 3784 1948 3833 haec
1981 3785 2112 3833 vitia
2147 3787 2428 3849 tantopere
2465 3798 2584 3834 esse
2619 3784 2894 3849 fug-ionda3
2929 3789 2982 3832 ut
3004 3796 3059 3829 ne

609 3870 819 3920 nomine
848 3870 1059 3935 quidem
1088 3871 1195 3919 sint
1216 3868 1463 3919 fidelibus
1498 3870 1727 3935 cognita,
1762 3872 1938 3935 potius
1973 3870 2282 3920 sectandam
2317 3884 2436 3921 esse
2465 3872 2864 3936 gratiositatem.
2900 3868 3062 3919 Sciant

609 3958 893 4020 enimvem,
933 3956 1077 4022 quod
1118 3957 1165 4007 si
1204 3955 1395 4021 aliquis
1440 3957 1557 4007 istis
1600 3957 1816 4023 flagitiis
1861 3958 2161 4023 indulgeat,
2211 3957 2370 4008 talem
2415 3958 2654 4023 profecto
2703 3974 2811 4009 non
2855 3958 3062 4007 futurum

609 4059 727 4095 esse
773 4044 925 4110 regni
970 4043 1135 4093 divini
1182 4045 1513 4109 participem.
1574 4044 1656 4094 Ne
1701 4043 1816 4093 falli
1861 4060 1918 4095 se
1967 4046 2261 4111 patiantur,
2308 4046 2352 4095 si
2390 4046 2480 4111 qui
2517 4044 2676 4095 aliter
2710 4045 2777 4095 (10
2811 4044 2892 4095 his
2924 4042 3062 4093 rebus

608 4131 913 4198 loquantur,
951 4146 1141 4181 revera
1175 4136 1393 4197 propter
1426 4130 1563 4181 11000
1598 4132 1734 4181 vitia
1767 4133 1898 4181 iram
1935 4132 2037 4182 Dei
2083 4132 2444 4183 exardescere.
2507 4131 2642 4181 Cum
2687 4131 2912 4182 officium
2947 4130 3063 4178 lucis

609 4220 691 4282 sit,
730 4218 891 4269 aliam
926 4217 1101 4269 lucem
1136 4219 1501 4282 manifestare,
1540 4220 1686 4285 ipsos
1728 4218 1850 4269 luce
1889 4219 2161 4270 doctrinae
2200 4224 2254 4270 et
2295 4218 2520 4285 exempli
2569 4219 2762 4269 debere
2807 4218 3063 4268 manifesta

606 4305 784 4356 facere
822 4320 989 4371 opera
1022 4307 1199 4372 turpia
1235 4306 1527 4371 gentilium,
1564 4311 1625 4355 ut
1659 4308 1968 4373 ignorantes
1995 4307 2132 4357 forto
2167 4312 2562 4357 convertantur.
2610 4306 2799 4372 Itaque
2834 4306 3061 4371 quoniam

616 4392 730 4443 dies
766 4393 893 4443 mali
931 4398 1070 4457 sunt,
1109 4398 1265 4443 caute
1304 4399 1357 4444 et
1392 4395 1772 4461 circumspecte
1809 4400 2102 4444 versentur.
2139 4394 2374 4460 Fugitant
2397 4394 2710 4445 ebrietatem
2747 4399 2798 4443 st
2831 4394 3061 4454 intempe-

608 4480 862 4543 rantiam,
900 4480 995 4531 sed
1034 4484 1087 4529 et
1124 4495 1339 4545 operam
1366 4480 1494 4531 dent
1516 4481 1807 4544 sobrietati,
1845 4481 2281 4548 contemplationi
2306 4488 2362 4532 et
2392 4481 2644 4532 laudibus
2667 4481 2784 4531 Dei.
2819 4483 2866 4541 5,
2889 4478 3060 4529 3--20-

608 4565 691 4615 cf.
734 4566 785 4616 J.
829 4567 885 4616 Z.
932 4566 1183 4633 Hilliger,
1232 4567 1297 4617 de
1348 4568 1542 4618 Psalm.
1586 4568 1763 4633 hymn.
1807 4573 1968 4633 atque
2016 4568 2103 4618 od.
2141 4582 2181 4618 s.
2220 4568 2378 4619 discr.
2413 4570 2470 4618 in
2505 4568 2666 4619 Thes.
2702 4584 2751 4618 n.
2797 4584 2846 4634 p.
2881 4566 2992 4615 935.
3027 4578 3061 4611 s.

607 4652 649 4719 ⁴)
687 4655 735 4714 5,
775 4655 963 4714 21—6,
1007 4656 1086 4704 10.
