3267 5259
520 406 649 474 532

1607 596 1642 637 P

519 664 639 731 IV.
659 665 763 729 De
788 666 1002 731 forma
1022 667 1315 752 corporis
1340 666 1579 731 Christi
1608 608 1711 735 23⁸1

591 751 789 804 Christi
824 754 1182 819 pulchritudo,
1219 757 1427 821 species
1456 769 1570 805 cor-

658 824 818 888 poris,
868 822 1029 885 color,
1074 824 1255 875 vultus
1292 828 1570 890 quantum-

658 898 783 957 pote
821 892 1121 943 delineatur
1166 929 1561 944 ........
1609 893 1712 941 212

519 974 601 1041 V.
646 976 754 1041 De
797 978 1084 1042 instituto
1132 979 1305 1042 vitae
1362 988 1573 1041 exter-

771 1086 896 1127 nae
944 1074 1009 1128 et
1065 1063 1292 1149 lingua
1337 1063 1573 1129 Christi

768 1149 1121 1215 vernacula
1142 1206 1561 1221 ........
1610 1168 1713 1217 214

588 1238 773 1288 Victus
811 1236 1103 1287 Salvatoris
1144 1275 1562 1289 ........
1628 1264 1692 1273 -

589 1306 825 1356 Vestitus
862 1306 1079 1356 Domini
1143 1345 1560 1357 ........
1628 1334 1692 1344 -

587 1375 727 1425 Num
772 1375 1057 1426 Redemtor
1100 1378 1314 1426 omnino
1368 1390 1573 1442 pauper

658 1444 852 1493 fuerit?
914 1482 1560 1496 ............
1608 1446 1712 1495 215

588 1514 801 1578 Lingua
860 1512 1053 1563 Christi
1118 1514 1221 1565 fuit
1286 1515 1571 1565 arumnicu-

660 1581 991 1633 Convellitur
1043 1584 1222 1649 opinio
1270 1582 1335 1633 de
1381 1598 1573 1649 graece

658 1650 747 1701 vel
782 1650 945 1701 latine
980 1651 1162 1703 locuto
1198 1652 1333 1704 Jesu
1377 1692 1388 1703 .
1434 1692 1445 1703 .
1492 1690 1504 1701 .
1551 1691 1562 1702 .
1610 1653 1712 1701 218

518 1734 636 1800 VI.
683 1736 789 1800 De
835 1738 1300 1815 δαιμονιζομένοις
1320 1794 1561 1807 ,,,,,
1608 1756 1711 1806 218

590 1824 939 1875 proferuntur
964 1826 1017 1874 in
1044 1824 1270 1875 medium
1297 1825 1572 1891 Theologi,

658 1895 749 1959 qui
786 1910 1170 1959 energumenos
1206 1910 1361 1945 veros
1408 1895 1572 1945 fuisse

657 1969 859 2029 negant
916 2001 1561 2015 ............
1627 1991 1694 2000 ——-

589 2028 1024 2100 Δαιμονιζομένους
1072 2032 1353 2098 Evangelii
1390 2047 1425 2083 a
1460 2032 1571 2081 dia-

658 2100 781 2150 bolo
837 2117 933 2151 seu
992 2102 1181 2167 spiritu
1234 2101 1372 2152 malo
1427 2106 1571 2151 certe

660 2170 826 2221 fuisse
863 2171 1111 2221 obsessos
1148 2172 1443 2237 probatur.
1492 2210 1503 2221 .
1550 2210 1561 2220 .

518 2253 672 2319 VII.
739 2255 846 2319 De
906 2254 1243 2340 Baptismo
1289 2253 1570 2341 Aposto-

771 2340 981 2406 lorum
1029 2398 1561 2411 ..........
1609 2362 1712 2411 223

586 2428 830 2495 Apostoli
867 2434 990 2479 ante
1028 2431 1409 2480 institutionem
1449 2446 1491 2479 s.
1530 2446 1571 2480 s.

656 2498 1027 2549 Eucharistiae
1040 2498 1235 2549 Christi
1254 2500 1572 2565 baptismum

658 2574 979 2633 acceperunt
1031 2606 1561 2619 ..........
1630 2596 1693 2605 -

591 2636 643 2687 S.
663 2638 992 2701 Augustinus
1018 2636 1259 2699 affirmat,
1282 2636 1572 2702 discipulos

659 2710 787 2755 tunc
811 2706 1023 2771 quando
1049 2706 1207 2756 Joan.
1232 2708 1282 2768 4,
1312 2709 1357 2756 1.
1392 2706 1573 2756 Domi-

658 2790 759 2825 nus
794 2790 890 2841 per
926 2791 1017 2825 eos
1053 2776 1379 2841 baptizabat,
1407 2776 1573 2825 fuisse

659 2844 764 2891 iam
802 2843 1100 2909 baptizatos
1146 2882 1561 2895 ........
1610 2844 1714 2894 224

588 2912 903 2961 Laudentur
940 2913 1153 2977 plurimi
1184 2914 1435 2963 Veterum
1470 2913 1571 2963 Re-

660 2982 1059 3047 centiorumque
1120 2984 1211 3047 qui
1270 2998 1391 3033 cum
1448 2983 1573 3032 divo

660 3050 958 3115 Augustino
994 3051 1200 3101 faciunt
1262 3089 1561 3102 ......
1626 3081 1694 3088 -

521 3132 709 3198 VIII.
773 3134 878 3198 De
924 3134 1133 3199 Maria
1176 3134 1573 3220 Magdalena

772 3222 840 3283 in
882 3220 1261 3305 Evangeliis
1318 3278 1561 3291 .....
1609 3244 1710 3292 227

591 3308 968 3373 Argumentum
1005 3310 1109 3359 hoc
1131 3309 1457 3374 implicatum
1484 3324 1571 3361 va-

1610 2172 1712 2221 219

1888 666 2128 719 Christus
2151 668 2364 720 Pascha
2394 668 2690 734 legitimum
2727 681 2875 717 man-
2907 594 3020 649 pq·

1957 739 2183 789 ducasse
2231 754 2340 788 non
2383 752 2494 788 una
2540 740 2746 788 ratione
2785 736 2874 787 de-

1955 814 2280 858 monstratur
2326 844 2864 858 ..........
2911 808 3022 856 235

1889 894 2028 955 Quid
2079 894 2180 944 sibi
2234 892 2364 944 velit
2425 890 2796 960 ἐναντιοφωνεία
2831 910 2874 944 s.

1954 962 2183 1013 Joannis
2211 1000 2864 1013 ............
2910 964 3022 1012 236

1886 1049 2286 1099 Determinatur
2311 1052 2528 1115 quinam
2553 1050 2716 1099 fuerit
2738 1051 2872 1115 „pri-

1955 1134 2072 1169 mus
2109 1118 2224 1169 dies
2263 1120 2602 1183 azymorum‘
2618 1155 2864 1169 .....
2931 1145 3003 1155 -

1887 1203 2131 1256 Christus
2193 1220 2226 1255 a
2285 1205 2388 1255 Dei
2459 1210 2748 1271 praecepto
2807 1203 2877 1254 de

1953 1280 2192 1341 tempore
2217 1274 2493 1325 Psschatis
2529 1290 2642 1324 non
2673 1273 2872 1323 disces·

1955 1344 2038 1394 sit.
2112 1342 2410 1394 Corollaria
2471 1343 2595 1393 inde
2655 1356 2876 1393 manan-

1953 1414 2032 1462 tia
2094 1449 2864 1463 ..............
2911 1412 3020 1461 240

1886 1498 2040 1549 Pauli
2094 1499 2386 1564 Bur-gensis
2431 1499 2606 1549 dictae
2661 1495 2874 1547 ἐναντιο-

1954 1564 2160 1635 φωνεῑας
2197 1568 2501 1618 conciliatio
2558 1605 2864 1619 ......
2911 1568 3016 1617 241

1885 1638 2004 1687 Em.
2037 1636 2096 1687 C.
2121 1638 2343 1687 Beronii
2380 1637 2712 1702 aliorumque
2749 1652 2874 1686 con·

1953 1712 2038 1755 tra
2072 1706 2210 1755 hanc
2247 1706 2566 1756 solutionem
2603 1707 2874 1771 exceptio-

1955 1791 2051 1825 nes
2088 1774 2462 1826 convelluntur
2499 1812 2863 1826 .......
2909 1775 3018 1825 242

1889 1860 2130 1911 Christus
2207 1876 2399 1927 panem
2477 1875 2724 1927 azymum
2804 1860 2876 1910 ad

1955 1928 2342 1981 conficiendam
2389 1944 2431 1980 s.
2476 1930 2874 1980 Eucharistiam

1956 1998 2202 2049 adhibuit
2263 2037 2863 2050 ...........
2911 2000 3020 2049 245

1817 2083 1902 2147 Χ.
1944 2082 2457 2148 Observationes
2487 2106 2688 2169 super
2719 2106 2876 2169 ago-

2065 2170 2177 2234 nia
2219 2168 2456 2234 Christi
2499 2172 2566 2233 in
2613 2170 2803 2235 horto
2851 2228 2864 2239 .
2931 2216 3002 2226 --

1887 2276 2074 2325 Passio
2101 2276 2314 2324 animae
2343 2274 2659 2325 divinissimi
2684 2274 2872 2325 Salva·

1956 2346 2082 2394 toris
2131 2346 2186 2393 in
2236 2344 2389 2393 horto
2438 2346 2660 2409 eiusque
2713 2344 2872 2407 ratio,

1957 2428 2066 2463 non
2103 2418 2368 2478 repugnat
2413 2418 2638 2463 naturae
2687 2413 2876 2463 thean-

1957 2482 2136 2532 dricae
2186 2480 2382 2531 Christi
2445 2520 2868 2533 ........
2915 2484 3024 2533 246

1887 2569 2070 2619 Lucae
2109 2570 2193 2630 22,
2231 2570 2437 2617 43—44
2483 2573 2749 2619 commata
2785 2584 2878 2635 ge—

1957 2639 2140 2701 nuina,
2193 2638 2472 2687 retinenda
2505 2644 2632 2687 sunt
2675 2676 2686 2685 .
2733 2676 2746 2687 .
2795 2678 2805 2686 .
2932 2664 3004 2676 —

1818 2722 1940 2787 XI.
1988 2721 2067 2785 In
2113 2722 2508 2788 crucemD.
2553 2721 2636 2787 N.
2683 2721 2748 2787 J.
2797 2720 2875 2787 C.

2069 2807 2672 2873 animadversiones
2731 2866 2744 2877 .
2793 2866 2804 2878 .
2850 2868 2863 2879 .
2911 2830 3020 2878 248

1833 2958 1838 2961 .
1889 2914 2076 2965 Crucis
2129 2913 2450 2979 supplicium
2483 2912 2710 2963 Judaeia
2766 2928 2879 2962 non

1956 2984 2210 3049 ignotum,
2247 2984 2570 3033 teterrimum
2605 2983 2814 3032 exstitit
2851 3021 2862 3031 .
2933 3010 2998 3020 —

1887 3069 2221 3136 Expenditur
2245 3068 2416 3118 forma
2441 3069 2627 3119 crucis.
2657 3067 2877 3119 Nullum

1955 3137 2358 3204 suppedaneum
2385 3174 2865 3188 .........
2913 3139 3018 3188 249

1888 3224 2074 3275 Crucis
2124 3224 2362 3273 materis.
2419 3223 2560 3273 Num
2608 3223 2875 3275 Dominus

1956 3297 2080 3343 ante
2117 3294 2440 3343 erectionem
2476 3291 2646 3342 clavis
2679 3291 2872 3343 affixus

660 3378 724 3426 rii
758 3379 905 3427 varie
940 3383 1235 3429 tractarunt
1263 3417 1561 3429 ······
1626 3409 1694 3417 —
1955 3364 2026 3413 8st
2061 3376 2131 3412 an
2165 3364 2322 3427 POSt?
2385 3399 2863 3412 .........
2911 3364 3019 3412 m

592 3444 768 3495 Unica
815 3447 1106 3512 eademque
1160 3448 1350 3498 mulier
1401 3448 1575 3497 Maria
1887 3431 2135 3513 881Ῡὸἵοῖ
2167 3432 2227 3480 in
2263 3446 2422 3511 cmc?
2457 3445 2684 3495 ⁰0¹'P01'0
2719 3445 2871 3497 Ρΐῑθ·

658 3514 838 3581 Masfi,
874 3516 1187 3582 Evangelii,
1232 3518 1400 3582 magi„
1446 3532 1572 3567 con·
1955 3504 2129 3549 cincto
2167 3499 2421 3566 pependit
2443 3537 2861 3551 ........
2910 3500 3012 3549 251

662 3598 797 3633 sona
820 3586 1078 3650 reperitur
1102 3601 1166 3635 0¹
1184 3586 1425 3651 plurimis
1443 3600 1575 3637 sane
1887 3570 2150 3651 Nun-lesus
2187 3568 2458 3618 (ssavorum
2500 3606 2512 3617 ·
2559 3608 2587 3649 .·
2615 3605 2861 3619 .....
2909 3570 3016 3619 252

663 3656 1023 3718 congruentiis
1090 3692 1563 3705 .........
1611 3657 1713 3706 228
1885 3640 2052 3689 vm&
2099 3642 2394 3703 Sequuntur
2440 3636 2506 3687 ‘¹⁶
2550 3636 2708 3687 “⁸⁰¹⁰
2754 3654 2870 3687 οω-

595 3721 699 3782 Qui
718 3737 813 3787 pro
834 3724 995 3773 unica
1018 3722 1081 3773 N·
1097 3722 1159 3773 F.
1174 3725 1347 3773 Maria
1370 3738 1572 3790 pugna,
1957 3708 2034 3757 Cis
2090 3744 2862 3759 ··············
2909 3708 3018 3757 253

662 3795 786 3839 runt
822 3791 1206 3842 subnectuntur
1263 3830 1562 3843 ......
1611 3795 1713 3845 233
1817 3791 1973 3856 XII,
2063 3791 2170 3855 De
2255 3791 2419 3855 hora
2507 3792 2872 3856 crucifixio-

523 3856 645 3921 IX.
712 3856 957 3922 Ultima
1032 3858 1267 3923 Christi
1344 3882 1567 3943 coena,

698 3943 904 4029 qualis
926 3943 1120 4009 fuerit
1144 3954 1209 4008 et
1233 3968 1389 4009 num
1413 3968 1568 4010 vere

697 4029 1021 4116 paschalis
1053 4049 1382 4115 disceptatur
1440 4088 1452 4101 .
1498 4087 1509 4101 .
1552 4088 1563 4100 .
1613 4052 1714 4101 234

2069 3879 2169 3941 nis
2223 3879 2666 3959 ἐναντιωφονείας
2720 3899 2870 3943 eon-

2072 3962 2308 4027 ciliatio
2386 4019 2864 4033 .........
2910 3984 3018 4033 254

1887 4051 2064 4101 Locus
2088 4051 2285 4101 Joaun.
2314 4053 2395 4115 19,
2425 4052 2508 4101 14.
2539 4050 2874 4117 expenditur.
2911 4054 3016 4103 256
