3267 5259
1158 465 1443 508 chronotaxis
1468 464 1734 516 Apostolica.
2491 446 2692 496 LXXV

224 648 563 705 Ascensionis
594 666 782 723 usque
806 648 883 707 ad
915 648 1235 705 adventum
1264 646 1325 704 S.
1349 646 1523 704 Pauli
1554 648 1619 703 in
1649 645 1870 703 Urbem
1901 646 2296 713 deducuntur3
2329 644 2429 700 ubi
2475 641 2692 700 desinit

222 752 569 825 Evangelista
602 753 663 808 in
698 754 952 809 Actibus
982 750 1397 827 Apostolorum
1422 750 1455 821 ¹,
1493 753 1574 809 ibi
1609 751 1820 807 deinde
1852 770 1926 807 ex
1957 748 2238 825 Epistolis
2268 747 2602 805 Paulinis
2633 752 2692 805 et

222 856 593 915 Catholicis
656 856 905 935 ipsaque
958 856 1317 933 Apocalypsi
1378 856 1633 915 defectus
1686 876 1760 912 ex
1814 854 2014 933 aliqua
2073 858 2238 929 parte
2291 853 2690 910 Historiarum

220 960 517 1037 suppletur.
572 961 681 1018 Sed
724 966 787 1019 et
824 963 981 1040 quod
1022 962 1093 1019 ad
1133 961 1335 1037 priora
1379 966 1643 1036 tempora
1686 961 1929 1031 attinet,
1979 958 2286 1016 collatione
2328 957 2386 1015 S.
2421 955 2592 1014 Pauli
2633 961 2691 1014 et

224 1067 271 1121 S.
300 1066 477 1123 Lucae
506 1067 575 1123 de
608 1068 813 1137 rebus,
858 1086 1007 1144 quae
1038 1070 1363 1124 evenerunt
1392 1065 1721 1123 accuratius
1759 1065 2084 1122 edocemur.
2142 1062 2376 1120 Literae
2405 1060 2689 1119 Paulinae

222 1181 267 1227 et
297 1172 469 1227 Actus
514 1170 934 1246 Apostolorum
966 1190 1405 1249 nonnumquam
1438 1171 1684 1227 arduam
1713 1170 1936 1227 habent
1974 1174 2300 1244 temporum
2344 1166 2688 1243 explicatio·

224 1294 358 1343 nem3
390 1275 753 1332 coniunctim
783 1276 855 1332 ad
890 1276 1359 1333 concinnandum
1390 1274 1792 1332 Historiarum
1824 1274 2087 1332 ordinem
2117 1270 2442 1330 sufficiunt.
2485 1272 2690 1348 Neque

226 1378 575 1453 negligendae
631 1379 981 1438 traditiones
999 1426 1012 1451 ,
1070 1400 1218 1458 quae
1268 1381 1621 1438 tribuuntur
1671 1378 1784 1447 τοῖς
1837 1375 2122 1445 αὒτὸπταις
2166 1378 2319 1453 apud
2367 1376 2690 1433 Eusebium

224 1483 661 1555 Caesarwnsem,
716 1486 821 1563 qui
872 1504 1101 1543 summa
1150 1489 1303 1543 certe
1362 1483 1676 1559 diligentia
1728 1488 1788 1541 et
1838 1483 1952 1541 fide
2001 1484 2156 1540 haud
2209 1484 2456 1555 exigua,
2511 1481 2690 1538 etiam

224 1590 263 1643 si
304 1608 409 1645 non
461 1589 593 1663 pari
644 1608 877 1665 semper
928 1588 1147 1647 iudicio
1198 1594 1258 1647 et
1308 1588 1537 1647 delectu
1589 1588 1780 1646 multa
1837 1588 1902 1645 in
1962 1588 2232 1645 Historia
2281 1606 2387 1644 sua
2437 1584 2688 1644 Ecclesi-

224 1694 377 1749 astico.
414 1692 671 1751 contulit
712 1694 787 1751 ad
827 1694 1107 1751 eruendas
1152 1714 1243 1751 res
1292 1694 1658 1769 Apostolicae
1697 1696 1906 1752 aetatis
1951 1696 2127 1770 atque
2173 1686 2435 1766 διαδοχῆς
2453 1686 2495 1745 ².
2555 1690 2692 1747 Huc

226 1797 343 1853 item
384 1798 678 1855 referendi
722 1798 1011 1874 Josephus
1056 1798 1316 1870 Flavius,
1367 1798 1425 1856 S.
1458 1798 1516 1855 S.
1558 1799 1623 1855 P.
1663 1799 1728 1855 P.
1769 1802 1829 1855 et
1867 1796 1924 1855 S.
1958 1798 2028 1854 E.
2063 1796 2328 1853 Clemens
2371 1794 2684 1867 Romanus,

224 1902 271 1957 S.
300 1900 579 1975 Ignatius‚
615 1902 674 1959 S.
706 1902 747 1959 J
746 1902 983 1960 ustinus
1012 1904 1113 1973 M„
1150 1904 1209 1961 S.
1244 1904 1541 1974 Irenaeus,
1576 1903 1841 1960 Clemens
1874 1901 2069 1973 Alex„
2103 1900 2520 1971 Tertullianus,
2555 1900 2687 1958 Ori-

228 2026 397 2079 genes;
428 2008 489 2063 in
516 2008 739 2085 quibus
771 2010 1061 2079 omnibus,
1094 2010 1269 2066 sicuti
1294 2014 1353 2067 et
1382 2009 1445 2065 in
1470 2008 1691 2077 Tacite,
1717 2007 2014 2078 SuetoniO,
2049 2006 2246 2064 Plinio
2277 2005 2524 2083 aliisque
2554 2024 2688 2081 pro·-

230 2110 357 2167 fanis
394 2112 783 2188 scriptoribus
821 2118 1143 2170 narrant-ur
1181 2113 1373 2189 plura,
1422 2132 1570 2191 quae
1608 2132 1742 2170 cum
1771 2112 2055 2169 Historiis
2086 2109 2452 2187 Apostolicae
2481 2109 2690 2167 aetatis

225 2218 622 2275 connexionem
666 2218 971 2294 quandam
1014 2218 1253 2276 habent.
1316 2219 1676 2294 Apocrypha
1721 2220 1982 2274 attamen
2026 2217 2245 2292 scripta
2285 2246 2371 2257 -—
2411 2215 2537 2271 sine
2575 2234 2688 2271 nu-

224 2338 356 2377 mero
384 2354 461 2362 —
503 2322 663 2399 quod
705 2323 925 2379 attinet
946 2319 987 2390 3,
1036 2321 1101 2378 in
1139 2323 1235 2379 his
1276 2322 1457 2380 dubia
1496 2342 1664 2398 saepe
1707 2322 1884 2378 nimis
1923 2341 2031 2397 pro
2070 2321 2262 2390 certis,
2310 2318 2544 2377 fabulae
2583 2338 2687 2394 pro

224 2424 469 2495 historiis,
514 2427 788 2483 haereses
830 2445 933 2501 pro
981 2427 1274 2484 canonicis
1316 2427 1595 2485 doctrinis
1647 2428 1954 2485 venditat-a
1991 2426 2173 2483 fuere.
2235 2424 2400 2487 Quae
2439 2443 2572 2482 oum
2601 2423 2689 2480 ita

226 2529 341 2599 sint,
370 2548 581 2603 magna
611 2531 733 2587 nisi
764 2531 1037 2587 caut-ione
1059 2532 1131 2587 ad
1155 2530 1625 2589 concinnandum
1657 2530 1898 2590 illorum
1930 2529 2195 2588 ordinem
2224 2534 2554 2604 temporum
2584 2529 2686 2584 ad-

224 2633 387 2691 hiberi
416 2642 663 2709 possunt
681 2632 726 2692 ⁴.
792 2636 871 2692 Et
901 2636 997 2692 his
1027 2635 1263 2713 quidem
1292 2636 1557 2694 fontibus
1588 2635 1680 2692 usi
1713 2640 1978 2710 tempora
2007 2633 2344 2710 Apostolica
2381 2633 2688 2708 disponere

227 2740 371 2814 atque
400 2740 901 2810 characterismos,
936 2740 1148 2817 quibus
1178 2741 1391 2797 horum
1422 2745 1752 2815 temporum
1775 2738 1952 2796 series
1982 2739 2431 2809 demonstratur,
2465 2756 2570 2813 pro
2591 2736 2684 2795 vi·-

228 2842 361 2898 ribus
388 2847 605 2900 nostris
637 2862 934 2918 exponere
963 2844 1293 2919 periculum
1322 2844 1603 2901 faciemus
1622 2842 1663 2901 ⁵.

402 2951 499 3004 48.
532 2950 807 3018 Tempora
840 2950 1120 3002 Ecclesiae
1148 2952 1423 3003 nascentis
1452 2957 1885 3019 repraesentata.
1919 2948 2309 3022 Chronologia
2331 2946 2689 3022 Evangelica

226 3056 271 3103 et
310 3052 635 3125 Apostolica
679 3054 951 3110 cohaeret
995 3059 1054 3110 et
1099 3074 1159 3110 se
1205 3055 1393 3129 ipsam
1438 3059 1644 3112 mutuo
1696 3058 2003 3113 sustentat.
2075 3054 2332 3130 Spiritus
2376 3054 2433 3111 S.
2469 3053 2684 3123 missi0,

226 3170 345 3227 quae
384 3157 705 3213 secundum
751 3156 973 3214 Christi
1019 3159 1460 3233 promissionem
1499 3158 1792 3217 Ecclesiae
1837 3160 1931 3216 die
1976 3160 2101 3235 ipso
2133 3161 2495 3217 Pentecostes
2539 3160 2686 3215 festo

226 3254 433 3315 initium
455 3261 641 3331 dedit,
676 3260 751 3317 D.
778 3260 855 3317 N.
880 3260 938 3318 J.
963 3261 1025 3318 C.
1054 3262 1515 3335 crucifixionem,
1552 3264 2052 3335 resurrectionem,
2089 3270 2264 3341 atque
2296 3264 2686 3321 ascensionem

230 3364 457 3433 proxime
488 3368 695 3422 secuta
724 3370 830 3422 est.
898 3364 1043 3426 Quis
1072 3372 1269 3425 autem
1300 3368 1403 3425 ille
1433 3389 1625 3427 annus
1655 3370 1854 3441 fuerit,
1889 3388 2003 3447 quo
2033 3370 2155 3427 dies
2184 3369 2294 3426 iste
2325 3369 2688 3426 Pentecostes

228 3466 463 3541 eontigit3
514 3490 547 3526 e
578 3469 643 3526 S.
678 3468 739 3527 S.
772 3468 997 3547 liquido
1039 3490 1155 3528 non
1198 3478 1442 3531 constat.
1508 3473 1664 3536 Quia
1694 3494 1834 3532 vero
1864 3475 2122 3531 eiusdem
2153 3474 2450 3547 indagatio
2480 3474 2686 3531 aretis-

408 3690 445 3756 ¹)
470 3691 551 3741 of.
576 3694 719 3758 Aug.
758 3693 1153 3757 Klostermann,
1178 3695 1461 3746 Vindiciae
1486 3697 1760 3747 Lucanae.
1789 3697 1932 3747 Gott.
1961 3700 2110 3748 1866.
2137 3715 2188 3763 p.
2219 3701 2299 3748 12.
2326 3714 2367 3749 s.
2399 3698 2463 3749 V.
2490 3716 2542 3765 p.
2567 3701 2686 3749 432.

231 3773 263 3836 ²)
292 3775 345 3825 V.
374 3776 435 3827 B.
472 3780 751 3841 Rienstra,
789 3780 841 3829 d.
878 3780 927 3829 h.
969 3780 1039 3831 th.
1078 3782 1145 3831 de
1180 3782 1419 3831 fontibus
1456 3798 1519 3833 ex
1558 3783 1754 3849 quibus
1789 3784 2064 3835 Historiae
2100 3784 2514 3835 Ecclesiasticus
2553 3800 2686 3851 opus

232 3858 377 3912 hausit
411 3865 699 3917 Eusebius.
761 3866 891 3917 Trai
934 3866 1003 3917 ad
1044 3868 1213 3918 Rhen.
1264 3871 1413 3919 1833.
1451 3886 1501 3935 p.
1541 3872 1625 3920 27.
1663 3885 1705 3920 s.
1780 3869 1820 3937 ³)
1857 3871 1921 3921 Ε.
1958 3888 2008 3936 g.
2045 3871 2352 3935 Itineraria,
2400 3878 2524 3922 acta
2557 3874 2685 3923 viris

232 3951 499 4011 apostolicis
535 3954 749 4014 afficta,
799 3953 1175 4004 Revelationes
1220 3960 1319 4005 etc.
1364 3958 1430 4007 D.
1475 3974 1524 4023 q.
1567 3974 1618 4008 V.
1665 3957 1866 4007 Comm.
1910 3958 1976 4008 de
2020 3957 2073 4009 S.
2119 3958 2171 4008 S.
2217 3961 2382 4024 eiusq.
2431 3961 2685 4024 interpre-

232 4036 411 4087 tatione.
468 4040 509 4103 ⁴)
546 4040 631 4090 cf.
672 4040 734 4090 C.
772 4041 1141 4104 Tischendorf,
1181 4043 1315 4092 Acta
1350 4044 1728 4110 Apostolorum
1765 4045 2088 4111 apocrypha.
2126 4046 2274 4110 Lips.
2304 4046 2454 4095 1851.
2491 4062 2542 4111 p.
2569 4047 2616 4094 9.
2643 4062 2686 4096 s.

234 4122 264 4181 ⁵)
309 4123 537 4177 Ceterum
582 4144 691 4177 rem
746 4129 823 4177 ita
867 4129 1267 4194 aggrediemur,
1322 4136 1383 4179 ut
1427 4146 1566 4195 quae
1616 4132 1684 4180 ab
1735 4131 1856 4181 aliis
1907 4131 1976 4181 ad
2024 4131 2180 4181 finem
2225 4132 2484 4196 perducta
2529 4132 2686 4183 nobis

233 4207 463 4275 videntur,
508 4213 746 4263 breviter
793 4215 1159 4265 tantummodo
1210 4222 1621 4281 pertractemus3
1680 4218 1801 4267 illos
1850 4219 2060 4267 interim
2109 4218 2334 4267 lectores
2391 4219 2482 4282 qui
2531 4219 2688 4285 plura

234 4293 377 4345 adhuc
424 4306 585 4350 avent
638 4301 709 4349 ad
754 4317 849 4350 eos
904 4303 1218 4369 interpretes
1274 4304 1623 4355 consulendos
1679 4305 2050 4366 invitabimus,
2107 4306 2197 4369 qui
2252 4306 2406 4357 nobis
2459 4308 2686 4358 maxime

234 4383 581 4437 satisfecerunt.
656 4388 941 4453 Figmenta
990 4396 1165 4439 autem
1224 4406 1363 4456 quae
1416 4406 1633 4456 prorsus
1686 4393 1870 4457 inepta
1915 4392 2068 4442 nobis
2116 4394 2234 4441 visa
2281 4398 2427 4455 sunt,
2483 4394 2688 4445 intaeta

236 4468 575 4537 relinquemus3
624 4475 721 4525 sed
777 4477 937 4527 etiam
993 4476 1367 4527 dissentientes
1418 4478 1740 4527 eruditorum
1799 4480 1942 4529 circa
1995 4479 2208 4529 easdem
2265 4494 2350 4529 res
2407 4482 2686 4547 opiniones

236 4557 495 4618 expendere
545 4562 689 4610 intra
742 4562 840 4612 has
895 4565 1171 4629 angustias
1223 4564 1348 4613 libri
1400 4570 1640 4615 nostrum
1695 4582 1804 4615 non
1851 4570 1956 4627 est,
2011 4567 2104 4631 qui
2139 4566 2292 4616 brevi
2337 4567 2496 4617 modo
2546 4583 2684 4617 com-

237 4646 519 4696 mentatione
554 4647 905 4713 defungemur
943 4650 998 4699 in
1036 4651 1397 4715 sequentibus,
1435 4651 1584 4701 salvo
1624 4654 1828 4701 acriore
1867 4652 2090 4702 aliorum
2127 4653 2342 4703 iudicio.
