3267 5259
38 4053 40 4068 -
38 4023 40 4030 -
38 3909 42 3982 ---
38 3815 42 3890 —-
36 3465 43 3804 -----——·-—-——.-·.—v-v

589 440 667 507 17
672 441 715 507 2
1266 452 1380 495 mat.
1409 452 1516 495 sev.
1546 450 1638 495 «nv.
1665 453 1718 495 n.
1744 452 1795 495 r.
1816 452 1982 496 ration.
2011 453 2046 496 1.
2065 464 2160 506 οη».
2189 454 2389 495 uterus..

584 628 941 709 revocavit,
989 648 1159 713 quae
1205 636 1357 691 ante
1401 626 1786 693 Passionem
1831 650 2014 693 suam
2059 628 2388 713 praedixit
2405 632 2446 694 ¹.
2509 626 2909 693 Mirantibus
2935 650 3072 693 rem

584 762 825 805 novam
872 750 939 805 et
1004 740 1119 805 vix
1162 762 1321 827 prae
1366 738 1607 825 gaudio
1671 739 2116 824 credentibus,
2179 751 2254 805 ut
2295 740 2616 827 quidquid
2675 742 2970 827 ipsorum
3012 743 3077 805 in

585 852 911 918 mentibus
943 850 1121 919 dubii
1150 863 1511 939 supererat,
1556 874 1822 940 prorsus
1869 851 2248 940 expelleret,
2293 854 2498 940 petiit,
2540 876 2628 919 an
2660 876 2804 919 non
2835 853 3076 939 aliquid

592 965 721 1031 cibi
795 964 1218 1052 superesset?
1238 966 1263 1009 ²
1352 963 1593 1029 Oblata
1666 966 1864 1051 piscis
1939 967 2068 1030 assi
2141 974 2208 1030 et
2251 964 2385 1030 favi
2473 964 2684 1031 mellis
2759 965 3078 1053 particula

588 1088 883 1165 accepta,
928 1079 993 1143 in
1042 1086 1403 1163 conspectu
1445 1080 1732 1143 vescitur
1777 1099 2022 1143 eorum.
2091 1077 2350 1143 Laetati
2411 1079 2608 1164 igitur
2651 1087 2810 1144 sunt
2851 1101 3076 1164 recog-

584 1192 751 1273 nito,
813 1192 979 1255 citra
1020 1188 1196 1255 illam
1242 1188 1736 1273 dubitationem,
1783 1189 2091 1255 Domino.
2165 1190 2256 1255 At
2313 1190 2420 1255 ille
2483 1190 2887 1257 exhilaratos
2949 1213 3076 1278 quo

588 1305 795 1389 magis
842 1302 1259 1368 confirmaret
1287 1301 1676 1389 Apostolos3
1719 1326 1944 1368 rursus
1981 1305 2169 1390 paci
2187 1327 2218 1369 s
2264 1305 2526 1369 nomine
2571 1303 2836 1387 salutat,
2884 1313 3075 1390 atque

588 1416 673 1481 ad
716 1418 967 1482 maiora
1008 1426 1362 1503 provectus
1406 1418 1643 1502 inquit:
1713 1416 2286 1497 Quemadmodum
2344 1440 2452 1483 me
2497 1418 2700 1483 Pater
2744 1417 2951 1497 misit,
3009 1430 3076 1480 ut

586 1552 707 1594 vos
753 1529 1083 1613 docerem,
1128 1532 1220 1593 ita
1266 1540 1333 1594 et
1378 1551 1501 1614 ego
1548 1552 1667 1595 vos
1698 1532 1904 1625 mitto,
1950 1542 2026 1595 ut
2070 1530 2230 1595 alios
2275 1528 2584 1595 doceatis.
2633 1528 2848 1609 Queis
2895 1528 3080 1593 dictis

590 1640 777 1707 simu]
808 1642 875 1705 in
906 1640 1147 1707 faciem
1192 1641 1447 1707 illorum
1490 1640 1864 1707 insufflavit.
1933 1642 2128 1708 Flatu
2170 1665 2327 1708 usus
2373 1652 2488 1725 est,
2535 1652 2608 1707 ut
2651 1641 3079 1727 significaret:

590 1776 675 1819 ex
736 1776 819 1820 se·
860 1753 1223 1840 procedere
1268 1753 1583 1841 Spiritum
1629 1764 1948 1820 sanctum.
2016 1754 2168 1835 Qua
2217 1778 2290 1819 re
2351 1764 2650 1821 sanctum
2715 1756 3082 1840 impertitus

588 1864 899 1953 Spiritum
934 1866 1289 1954 Apostolis,
1334 1888 1692 1953 eorumque
1724 1867 2232 1950 successoribus,
2279 1878 2676 1954 potestatem
2707 1866 3084 1933 remittendi

590 1988 657 2043 et
697 1978 1019 2045 retinendi
1066 1978 1246 2045 dedit
1286 1991 1567 2066 peecata
1616 1982 1868 2045 cunctis
1913 1978 2310 2063 hominibus,
2359 1982 2470 2067 qui
2517 2002 2638 2067 per
2682 1979 3083 2066 baptismum

590 2089 711 2157 sibi
756 2091 1179 2177 iungerentur
1192 2095 1237 2157 ⁸.

588 2390 647 2469 §-
694 2391 798 2457 39.
874 2388 1289 2474 Apparitio
1350 2390 1430 2453 in
1490 2388 1696 2454 Urbe
1756 2398 2179 2475 praesente
2225 2386 2546 2471 Thoma,
2609 2387 2708 2453 ad
2753 2410 2967 2453 mare
3015 2396 3086 2451 et

1074 2502 1149 2565 in
1193 2509 1454 2566 monte
1504 2499 1944 2585 Galilaeae,
1990 2500 2293 2567 Jacobo
2342 2500 2587 2565 facta.

797 2671 1013 2752 Quem
1061 2684 1211 2738 ante
1260 2674 1553 2739 Christus
1598 2697 1718 2760 pro
1767 2673 2000 2739 decem
2043 2672 2376 2759 Apostolis
2419 2683 2492 2737 ut
2537 2674 2698 2738 certi
2745 2683 2975 2737 essent
3007 2670 3082 2735 de

588 2784 1089 2851 Resurrectione
1135 2785 1548 2874 impenderat
1590 2786 1916 2870 laborem,
1939 2785 2220 2852 eundem
2243 2784 2608 2851 incredibili
2659 2786 2942 2850 caritate
2967 2808 3085 2871 pro

590 2895 785 2961 solius
818 2895 1133 2983 Thomae,
1168 2900 1277 2985 qui
1306 2907 1463 2964 tunc
1511 2898 1757 2982 aberat,
1795 2900 2222 2965 conversione
2255 2896 2592 2984 impendit.
2642 2896 2942 2963 Thomas
2979 2896 3086 2993 ubi

802 3135 839 3199 ¹)
892 3136 1059 3187 Marc.
1108 3138 1197 3199 16,
1239 3138 1319 3186 14.
1364 3137 1498 3186 Luc.
1536 3138 1627 3198 24,
1665 3138 1908 3187 44—48.
1991 3136 2034 3200 ²)
2091 3136 2282 3185 Mensa
2327 3135 2464 3185 forte
2517 3137 2624 3185 iam
2679 3134 2909 3185 sublata
2959 3142 3088 3185 erat.

592 3220 635 3281 ³)
674 3220 727 3270 S.
755 3221 813 3271 P.
854 3226 907 3271 et
942 3220 996 3272 S.
1021 3223 1087 3273 E.
1134 3228 1189 3271 et
1233 3238 1416 3273 omnes
1462 3221 1710 3273 catholici
1757 3225 2075 3289 interpretes
2112 3224 2278 3273 verba
2313 3222 2511 3273 Joann.
2545 3224 2628 3283 20,
2667 3224 2753 3273 23.
2814 3222 3088 3283 „Quorum

590 3308 895 3358 remiseritis
932 3314 1186 3375 peccata,
1234 3311 1572 3361 remittuntur
1608 3311 1715 3374 eis3
1767 3315 1822 3360 et
1867 3325 2089 3376 quorum
2125 3310 2474 3371 retinueritis,
2529 3313 2741 3359 retenta
2778 3313 2972 3359 sunt“:
3027 3308 3088 3357 de

590 3400 923 3445 sacramento
959 3396 1331 3446 Poenitentiae
1368 3396 1656 3461 explicant.
1721 3397 1872 3459 „Quo
1919 3402 2028 3447 tam
2073 3396 2270 3461 insigni
2312 3396 2456 3445 facto
2503 3400 2558 3445 et
2597 3396 2786 3446 verbis
2823 3402 2938 3446 tam
2975 3412 3086 3461 per—

589 3482 815 3546 spicuis,
870 3487 1191 3547 potestatem
1246 3483 1549 3533 remittendi
1595 3488 1650 3532 et
1695 3482 1956 3533 retinendi
2002 3487 2252 3549 peccata,
2309 3482 2376 3532 ad
2415 3482 2850 3533 reconciliandos
2889 3481 3090 3540 fideles,

590 3572 713 3632 post
746 3566 1077 3634 Baptismum
1116 3569 1325 3635 lapsos,
1372 3568 1645 3653 Apostolis
1692 3576 1745 3619 et
1789 3585 1968 3619 eorum
2015 3570 2264 3635 legitimis
2301 3569 2703 3619 successoribus
2739 3568 2916 3619 fiiisse
2953 3585 3089 3619 eom·

588 3654 911 3705 manicatam
946 3657 1314 3707 universorum
1352 3656 1569 3707 Patrum
1606 3670 1899 3707 consensus
1948 3672 2156 3723 semper
2192 3656 2503 3707 intellexit.“
2559 3656 2747 3707 Habet
2785 3656 3090 3707 Concilium

590 3740 972 3804 Tridentinum,
1010 3756 1140 3793 sess.
1167 3743 1311 3793 XIV.
1348 3760 1393 3793 c.
1423 3748 1469 3793 1.
1519 3742 1585 3793 de
1622 3744 1976 3794 Poenitentia.
2040 3742 2120 3794 cf.
2159 3750 2228 3795 et.
2265 3758 2382 3793 can.
2419 3742 2520 3793 111.
2559 3743 2609 3792 d.
2647 3742 2709 3791 P.
2751 3742 2972 3793 Novum
3007 3742 3088 3793 hic

590 3842 625 3877 a
662 3826 872 3879 Christo
908 3829 1139 3881 Domino
1186 3830 1419 3881 tribunal
1470 3832 1712 3895 erigitur,
1771 3845 1876 3896 quo
1915 3832 2093 3881 omnia
2127 3829 2397 3881 hominum
2433 3836 2662 3895 peccata
2715 3856 2788 3865 —-
2845 3830 3090 3881 mortalia

590 3920 847 3980 tanquam
883 3918 1189 3966 necessaria
1222 3918 1464 3979 materia,
1502 3916 1739 3967 venialia
1773 3922 2043 3983 tamquam
2079 3916 2350 3967 sufficiens
2387 3944 2454 3952 —
2492 3915 2886 3980 diiudicentur3
2926 3922 2983 3967 et
3017 3918 3090 3965 sie

588 4001 677 4052 vel
720 4003 1055 4053 remittantur
1090 4004 1177 4053 vel
1216 4009 1567 4063 reserventur,
1614 4010 1724 4053 tam
1771 4003 1947 4069 quoad
1995 4004 2206 4069 culpam
2263 4018 2421 4069 quam
2477 4003 2656 4068 quoad
2710 4018 2966 4068 poenam.
3025 4004 3092 4052 Et

592 4090 720 4155 quia
756 4088 856 4139 hoc
894 4090 1275 4140 convenienter
1310 4090 1425 4139 fieri
1460 4106 1568 4140 non
1605 4095 1784 4153 potest
1817 4092 1934 4140 sine
1969 4091 2292 4156 poenitentis
2331 4089 2686 4150 consessione,
2725 4090 2922 4140 eadem
2955 4090 3092 4140 Con·

590 4176 752 4227 fessio
789 4176 875 4225 hic
912 4191 947 4225 a
981 4176 1189 4226 Christo
1226 4178 1543 4239 instituitur,
1600 4182 1655 4227 et
1699 4178 1944 4226 omnibus
1992 4177 2368 4242 peccatoribus
2416 4177 2532 4226 iure
2580 4176 2764 4226 divino
2819 4176 3092 4227 indicit-ur.

591 4262 655 4312 In
694 4279 923 4313 errorem
960 4264 1280 4313 contrarium
1318 4264 1537 4329 impegit
1573 4264 1625 4314 J.
1651 4264 1811 4326 Jahn,
1851 4264 1942 4329 qui
1978 4265 2034 4312 in
2073 4278 2254 4328 opusc.
2291 4262 2466 4329 posth.
2505 4262 2631 4312 diss.
2659 4263 2753 4312 VI.
2795 4262 3024 4315 Nachtr.
3051 4280 3094 4313 ε..

594 4364 635 4399 s.
673 4348 745 4399 th.
786 4350 867 4400 W.
906 4367 957 4415 p.
984 4352 1090 4400 304
1132 4366 1172 4399 s.
1220 4356 1381 4415 neg-at
1426 4350 1723 4401 istiusmodi
1771 4350 2160 4400 confessionem
2207 4348 2610 4399 fundamentum
2659 4350 2716 4398 in
2763 4351 3094 4416 antiquitate

591 4435 818 4497 haber03
872 4452 1047 4501 neque
1096 4452 1131 4486 a
1174 4436 1384 4487 Christo
1430 4438 1742 4503 imperatam
1797 4450 1931 4487 esse.
1989 4435 2153 4486 Cuius
2208 4436 2474 4500 opinionis
2528 4436 2597 4484 ab
2649 4435 3095 4487 Acatholicorum

594 4521 790 4572 scholis
836 4524 1174 4587 repetendae,
1212 4525 1505 4574 vanitatem
1543 4524 1664 4573 olim
1703 4525 1809 4573 iam
1847 4522 2226 4573 demonstravit
2265 4521 2553 4587 Gregorius
2598 4522 2664 4572 de
2703 4522 2982 4584 Valentia,
3031 4522 3094 4573 de

592 4622 799 4657 necess.
834 4608 974 4657 conf.
1011 4626 1062 4673 p.
1090 4611 1208 4659 646.
1238 4626 1280 4659 s.
