3267 5259
973 503 1232 545 Harmoniae
1259 505 1584 555 Evangeliomm
1614 504 1859 556 scriptores.
2534 490 2664 539 XXI

189 683 568 756 Theoloyorum
617 692 861 740 correcte
905 687 1142 740 scribere
1173 717 1254 726 —
1286 684 1540 740 Judaeus
1587 703 1878 740 conversus
1894 728 1908 755 ,
1954 686 2203 756 vulqavit
2245 687 2665 741 Monotessaron

179 789 274 844 Ev.
327 787 486 845 Grac.
537 791 726 846 1607.
801 790 1058 847 Barth.
1119 791 1458 861 Riccius,
1510 791 1709 860 patria
1763 788 2283 859 Castroficardensis
2340 791 2399 844 in
2443 792 2661 860 Picen0,

183 893 234 947 S.
261 893 318 948 J.
363 893 592 964 scripsit
651 893 832 948 Vitam
881 895 954 948 D.
995 895 1071 950 N.
1113 893 1167 950 J.
1201 891 1258 949 G.
1291 894 1514 950 Romae.
1549 895 1738 951 1609.
1785 894 2200 948 Monotessaron
2234 895 2338 950 Ev.
2371 913 2457 966 op.
2489 895 2663 964 pesth.

179 997 506 1070 Augustoriti
551 998 846 1053 Pictonum
892 1001 1078 1055 1621.
1139 999 1342 1054 Postea
1377 998 1595 1068 prodiit
1638 997 1783 1053 Jac.
1830 997 1883 1051 d’
1910 997 2188 1052 Anzoles
2232 1018 2269 1053 a
2314 999 2379 1052 la
2424 999 2662 1070 Peyre,

178 1119 333 1172 opus:
360 1101 573 1155 Sancta
623 1103 700 1159 D.
734 1104 805 1158 N.
834 1102 892 1162 J.
927 1103 1240 1175 Evanqelia
1271 1120 1372 1157 sec.
1409 1103 1620 1174 Evanq.
1652 1103 1789 1156 Par.
1824 1103 2011 1158 1610.
2078 1103 2287 1157 Temere
2316 1103 2403 1158 hic
2432 1103 2667 1173 scriptor

181 1206 334 1260 sumit
390 1207 648 1260 ordinem
709 1224 858 1277 quem
920 1208 1140 1278 quisque
1199 1207 1555 1280 Evanqelista
1616 1208 1881 1276 sequitur,
1936 1223 2045 1261 esse
2092 1225 2129 1261 a
2172 1205 2393 1278 Spiritu
2434 1207 2491 1262 S.
2534 1225 2668 1278 pro-

168 1308 394 1377 fectum,·
455 1327 594 1363 nam
652 1317 714 1364 ut
769 1311 1004 1365 vidimus
1061 1317 1258 1366 certum
1303 1317 1407 1379 est,
1469 1329 1580 1365 non
1639 1329 1751 1365 esse
1806 1311 2051 1365 habitam
2110 1312 2181 1364 ab
2237 1310 2665 1382 Evanqeliorum

177 1414 524 1482 scriptoribus
571 1415 832 1485 temporis
873 1415 1158 1470 rationem.
1232 1414 1360 1469 Huc
1401 1421 1647 1484 spectant
1689 1414 1853 1470 etiam
1898 1415 2201 1486 August.
2254 1415 2561 1468 Torniel
2574 1415 2663 1483 li,

181 1518 377 1572 Novar.
413 1517 618 1590 Conyr.
649 1537 695 1576 s.
727 1519 900 1572 Pauli
933 1518 1072 1574 Gler.
1104 1519 1276 1591 requi.
1308 1517 1550 1572 Annales
1578 1519 1728 1573 sacri
1758 1517 2024 1586 Francos.
2062 1519 2249 1572 1611.
2298 1518 2375 1588 ΙΙ,
2411 1521 2555 1572 358.
2588 1536 2629 1573 s.
2644 1536 2667 1585 ,·

179 1627 324 1692 atque
365 1622 720 1676 Vincentii
749 1622 972 1696 Reyii,
1018 1621 1200 1676 Siculi
1227 1623 1285 1678 S.
1317 1622 1391 1692 J.,
1424 1623 1879 1696 Evangelicorum
1912 1623 2369 1678 dilucidationum
2398 1623 2434 1676 l.
2468 1641 2517 1678 o.
2554 1621 2663 1678 C'ot.

183 1705 360 1781 1615:
387 1726 628 1780 1—111.
653 1727 760 1782 vol.
794 1728 954 1781 Anno
982 1727 1159 1781 eodem
1189 1728 1366 1782 1615.
1412 1727 1733 1801 Moyuntiae
1756 1727 1931 1781 editus
1960 1733 2036 1781 est
2065 1725 2357 1781 Joannis
2386 1727 2667 1780 Roberti

178 1831 562 1885 Arduenati
575 1849 604 1884 s
649 1849 676 1884 e
718 1831 779 1886 S.
809 1831 887 1901 J.,
932 1830 1248 1885 divinarum
1293 1832 1608 1885 Literarum
1654 1831 1715 1884 in
1758 1831 1934 1885 variis
1975 1831 2279 1905 yymnasiis
2322 1830 2664 1900 interpretis:

181 1935 438 2005 Mysticae
483 1935 790 1990 Ezechielis
845 1934 1183 2008 Guadriyae,
1228 1935 1265 1988 i.
1299 1953 1342 1989 e.
1382 1934 1438 1990 S.
1472 1953 1523 2005 q.
1553 1935 1656 1990 Ev.
1703 1935 2055 1988 historiarum
2101 1941 2149 1988 et
2196 1941 2487 2005 temporum
2531 1935 2667 1989 serie

176 2038 464 2093 vinculata.
529 2039 689 2110 Moy.
735 2040 918 2093 1615.
951 2069 1036 2079 ——
1079 2039 1136 2095 V.
1176 2038 1241 2094 A.
1287 2045 1336 2092 et
1379 2039 1466 2092 ΑΖ.
1514 2039 1580 2092 de
1623 2039 1855 2108 Backer,
1901 2039 2165 2093 Biblioth.
2209 2039 2265 2096 d.
2306 2039 2491 2094 Ecriv.
2536 2039 2589 2094 d.
2624 2038 2663 2094 l.

182 2140 350 2212 Comp.
399 2145 455 2196 d.
503 2143 566 2198 J.
615 2143 795 2215 Lieqe.
846 2145 1030 2197 1853.
1089 2143 1138 2211 1,
1189 2143 1332 2199 635.
1379 2173 1468 2183 -
1510 2142 1610 2198 Fr.
1658 2143 1724 2196 de
1768 2143 1976 2212 Roxas,
2030 2142 2279 2197 Toletani
2326 2141 2387 2197 O.
2437 2141 2495 2197 S.
2541 2144 2665 2210 Fr„

181 2244 578 2302 Commentario
611 2249 668 2300 in
706 2247 865 2302 Gonc.
897 2240 1121 2319 Euan-q:
1149 2247 1401 2301 Madrid.
1438 2248 1622 2303 1621.
1684 2246 1773 2301 Jo.
1806 2247 2248 2320 Bourylzesii,
2280 2247 2483 2319 Belyae
2514 2247 2665 2300 Mal-

180 2351 438 2404 bodiensis
473 2351 537 2406 S.
567 2351 646 2420 J.,
695 2352 950 2406 Historia
997 2358 1046 2406 et
1074 2351 1390 2405 Harmonia
1437 2351 1536 2405 Ευ.
1583 2351 1787 2406 tabulis
1830 2360 1881 2406 et
1925 2351 2327 2422 quaestionibus
2372 2358 2419 2404 et
2462 2351 2668 2406 selectis

179 2451 233 2510 S.
263 2453 318 2508 S.
351 2455 594 2508 Patrum
638 2456 912 2510 sententiis
957 2455 1250 2526 explicata.
1312 2455 1511 2509 Prima
1549 2455 1663 2508 eius
1693 2456 1859 2509 editio
1904 2456 2062 2509 iuxta
2096 2454 2420 2523 Orowaeum,
2468 2457 2665 2511 elench.

178 2559 324 2627 scipt.
363 2577 424 2629 p.
473 2560 624 2613 197.
673 2566 748 2612 est
795 2559 1221 2628 Antverpiensis.
1269 2560 1474 2626 1622„
1518 2559 1681 2614 iuxta
1736 2557 2053 2628 Sotvellum,
2104 2559 2249 2615 Bibl.
2296 2557 2497 2629 Script.
2544 2559 2663 2615 Soc.

177 2661 317 2718 Jesu.
363 2663 528 2719 Rom,
565 2664 754 2720 1676.
795 2682 855 2735 p.
891 2665 1030 2717 425.
1077 2669 1126 2716 et
1169 2663 1402 2728 Backer,
1450 2663 1487 2718 l.
1531 2681 1573 2715 c.
1611 2680 1675 2732 p.
1714 2664 1857 2719 125.
1904 2663 2187 2716 Montibus
2230 2663 2409 2718 1644.
2486 2665 2669 2735 Neque

179 2767 436 2820 silendum
483 2775 566 2823 est
608 2769 710 2821 Ιιοο
752 2767 868 2821 loco
913 2785 1104 2822 nomen
1147 2766 1512 2838 Dionysii
1573 2766 1915 2836 Patavii,
1975 2766 2410 2836 Aurelianensis,
2454 2769 2567 2822 viri
2610 2776 2669 2821 ut

182 2873 460 2925 ostendunt
509 2873 626 2925 eius
667 2871 878 2940 scripta
914 2871 1131 2943 inqenio
1173 2872 1426 2940 maximo,
1473 2871 1683 2926 iudicio
1726 2871 2007 2940 acerrimo,
2052 2871 2285 2924 omnium
2323 2871 2447 2939 fere
2489 2890 2669 2926 rerum

181 2976 402 3030 scientia
447 2975 690 3042 exculti5
753 2975 1006 3048 Theoloyi
1049 2975 1284 3048 insiynis
1327 2982 1376 3029 et
1420 2974 1695 3048 eleyantis,
1756 2976 1851 3045 qui
1893 2975 1955 3028 in
1997 2975 2113 3028 suis
2164 2975 2549 3030 eruditissimis
2592 2978 2669 3031 ad

183 3097 220 3132 s.
249 3079 568 3150 Epiphanii
609 3081 758 3134 haer.
805 3082 904 3135 51.
965 3079 1276 3152 ΔΖοςον-ωπ,
1302 3078 1564 3133 diatribis
1592 3079 1675 3136 ed.
1706 3079 1843 3135 Par.
1878 3081 2063 3134 1622.
2108 3079 2187 3146 1Ι,
2222 3080 2269 3134 b.
2302 3080 2401 3136 92.
2432 3098 2476 3135 s.
2525 3087 2574 3134 et
2608 3081 2670 3134 in

185 3200 331 3252 opere
373 3203 480 3237 suo
517 3184 994 3254 praestantissimo
1031 3184 1098 3238 de
1126 3184 1402 3238 Doctrina
1433 3189 1743 3252 temporum,
1792 3184 1827 3236 l.
1857 3183 1993 3253 XII,
2029 3186 2127 3237 18.
2176 3184 2257 3238 ed.
2291 3181 2450 3240 Antv.
2484 3186 2669 3242 1703.

185 3286 265 3354 11,
312 3289 462 3343 245.
511 3305 556 3342 s.
611 3288 886 3358 plurimas
947 3289 1023 3342 ad
1071 3285 1427 3341 Concordiam
1471 3287 1576 3343 Ev.
1634 3287 1917 3342 attinentes
1981 3287 2316 3358 quaestiones
2367 3289 2579 3358 copiose
2622 3298 2671 3344 et

179 3393 462 3462 perspicue
519 3393 793 3447 tractavit.
871 3390 1150 3446 Caesar
1193 3391 1565 3460 Becillus,
1638 3391 1903 3458 Urbinas,
1966 3393 2219 3446 sacerdos
2266 3391 2543 3462 Oratorii,
2607 3395 2670 3448 in

187 3499 508 3552 connexione
555 3497 791 3568 Evanq„
837 3496 896 3550 in
927 3515 1036 3567 qua
1067 3502 1241 3550 textus
1285 3496 1475 3550 ordine
1516 3503 1747 3564 servato,
1790 3514 1971 3550 rerum
2012 3503 2283 3567 qestarum
2329 3497 2492 3550 series
2520 3497 2669 3551 indi-

187 3609 356 3658 catur.
407 3603 566 3659 Rom.
603 3603 789 3655 1623.
820 3602 922 3656 25.
975 3599 1047 3653 Id
1080 3600 1426 3670 potissimum
1457 3600 1684 3668 studuit,
1721 3607 1781 3653 ut
1810 3600 1981 3654 brevis
2018 3605 2150 3654 esset
2177 3606 2227 3654 et
2256 3618 2362 3653 non
2394 3601 2665 3669 confusus.

189 3703 252 3755 In
292 3705 571 3759 Jacobi
615 3703 957 3775 Saliani,
1001 3703 1390 3758 Avenionensis
1419 3702 1477 3761 S.
1509 3703 1570 3760 J.
1603 3703 1911 3758 Annalibus
1940 3705 2116 3759 eccles.
2164 3705 2301 3760 Par.
2340 3707 2520 3760 1624.
2576 3706 2669 3774 VI,

193 3809 326 3863 762.
370 3828 417 3865 s.
486 3809 742 3881 iunyitur
782 3810 1036 3864 narratio
1096 3825 1272 3862 rerum
1327 3807 1458 3862 Jesu
1509 3807 1714 3862 Christi
1773 3811 1931 3863 iuxta
1993 3815 2227 3879 quatuor
2270 3810 2668 3882 Evanyelistas.

191 3911 577 3968 Adrianus
624 3911 1058 3979 Crommius,
1105 3910 1164 3968 S.
1202 3911 1260 3968 J.
1309 3911 1624 3983 linquar-um
1670 3912 1984 3982 cumprimis
2025 3930 2271 3985 qraecae,
2318 3913 2579 3966 arabicae
2624 3920 2672 3966 et

192 4017 472 4072 hebraicae
509 4016 893 4087 peritissimus,
938 4034 1144 4088 maqna
1175 4016 1472 4070 eruditione
1501 4015 1868 4070 Sanctissima
1911 4022 2143 4086 quatuor
2173 4017 2478 4088 ,Evangelia
2509 4016 2669 4070 histo-

192 4119 300 4174 rico
357 4122 553 4175 ordine
616 4120 938 4174 concordiae
1004 4121 1064 4173 in
1131 4120 1348 4174 modum
1414 4121 1657 4173 Louanii
1717 4121 1902 4177 1633.
1964 4120 2205 4194 diyessit.
2310 4119 2673 4174 Tetraeuclzus

197 4223 496 4279 Cornelii
538 4224 860 4278 Jansenii
911 4225 1259 4294 Yprensis.
1307 4225 1444 4280 Lov.
1480 4225 1666 4280 1639.
1711 4225 2044 4278 Mechliniae
2073 4242 2179 4280 rec.
2216 4225 2398 4278 1825.
2437 4224 2517 4281 ΙΙ.
2552 4230 2671 4278 tom.

195 4346 292 4381 non
337 4329 654 4383 Harmonia
699 4335 803 4396 est,
865 4329 958 4381 sed
997 4328 1183 4398 potius
1227 4327 1669 4395 commentarius,
1725 4329 1947 4397 exponit
1990 4328 2131 4380 enim
2176 4328 2494 4383 continuata
2538 4328 2675 4383 serie

197 4439 420 4500 quatuor
463 4432 793 4505 Evanqeiia.
870 4432 1334 4486 Laurentius
1380 4431 1705 4485 Forerus
1751 4429 1809 4486 S.
1855 4431 1931 4498 J.,
1995 4430 2119 4485 Vita
2165 4430 2221 4486 J.
2271 4429 2327 4486 G.
2375 4449 2441 4486 em
2483 4451 2531 4503 q.
2574 4433 2675 4488 Ev.

199 4538 378 4605 aplic.
429 4537 737 4590 Monachii.
771 4538 958 4592 1637.
1007 4537 1196 4592 1640.
1272 4536 1321 4589 J
1326 4536 1601 4590 oannis
1648 4534 1840 4589 Rubi
1882 4535 2325 4590 concordantiam
2370 4537 2674 4590 comtiorem

197 4640 364 4694 adhuc
409 4648 461 4696 et
521 4641 789 4695 meliorem
835 4641 974 4711 fecit
1030 4640 1326 4712 Theoloqus
1377 4639 1706 4694 Parisiensis
1752 4671 1835 4679 —
1880 4640 1974 4710 qui
2018 4640 2181 4695 iuxta
2233 4639 2417 4710 praef.
2476 4638 2676 4709 Lamyi
