<?xml version="1.0" encoding="UTF-8"?>
<!DOCTYPE html PUBLIC "-//W3C//DTD XHTML 1.0 Transitional//EN"
    "http://www.w3.org/TR/xhtml1/DTD/xhtml1-transitional.dtd">
<html xmlns="http://www.w3.org/1999/xhtml" xml:lang="en" lang="en">
 <head>
  <title>
</title>
<meta http-equiv="Content-Type" content="text/html;charset=utf-8" />
  <meta name='ocr-system' content='tesseract 3.04.00' />
  <meta name='ocr-capabilities' content='ocr_page ocr_carea ocr_par ocr_line ocrx_word'/>
</head>
<body>
  <div class='ocr_page' id='page_1' title='image "./historiarevelat00unkngoog_0057.png"; bbox 0 0 3267 5259; ppageno 0'>
   <div class='ocr_carea' id='block_1_1' title="bbox 1181 427 2729 494">
    <p class='ocr_par' dir='ltr' id='par_1_1' title="bbox 1181 427 2729 494">
     <span class='ocr_line' id='line_1_1' title="bbox 1181 427 2729 494; baseline -0.004 -10"><span class='ocrx_word' id='word_1_1' title='bbox 1181 441 1460 484; x_wconf 67' lang='lat' dir='ltr'><strong>chronotaxis</strong></span> <span class='ocrx_word' id='word_1_2' title='bbox 1489 442 1768 494; x_wconf 65' lang='lat' dir='ltr'><strong>Evangelica.</strong></span> <span class='ocrx_word' id='word_1_3' title='bbox 2604 427 2729 478; x_wconf 88' lang='lat' dir='ltr'><strong>XLI</strong></span> 
     </span>
    </p>
   </div>
   <div class='ocr_carea' id='block_1_2' title="bbox 210 620 2733 1224">
    <p class='ocr_par' dir='ltr' id='par_1_2' title="bbox 210 620 2733 1224">
     <span class='ocr_line' id='line_1_2' title="bbox 213 620 2724 702; baseline 0.001 -22"><span class='ocrx_word' id='word_1_4' title='bbox 213 622 384 682; x_wconf 83' lang='lat' dir='ltr'><strong>vitae</strong></span> <span class='ocrx_word' id='word_1_5' title='bbox 407 620 628 680; x_wconf 80' lang='lat' dir='ltr'><strong>Christi</strong></span> <span class='ocrx_word' id='word_1_6' title='bbox 650 623 1008 694; x_wconf 83' lang='lat' dir='ltr'><strong>oeconomia,</strong></span> <span class='ocrx_word' id='word_1_7' title='bbox 1044 629 1293 700; x_wconf 82' lang='lat' dir='ltr'><strong>tempus,</strong></span> <span class='ocrx_word' id='word_1_8' title='bbox 1325 643 1440 702; x_wconf 89' lang='lat' dir='ltr'><strong>quo</strong></span> <span class='ocrx_word' id='word_1_9' title='bbox 1471 622 1775 682; x_wconf 73' lang='lat' dir='ltr'><strong>lavacrum</strong></span> <span class='ocrx_word' id='word_1_10' title='bbox 1796 623 2070 682; x_wconf 66' lang='lat' dir='ltr'><strong>«Iordanis</strong></span> <span class='ocrx_word' id='word_1_11' title='bbox 2094 623 2285 695; x_wconf 78' lang='lat' dir='ltr'><strong>Filius</strong></span> <span class='ocrx_word' id='word_1_12' title='bbox 2310 624 2423 682; x_wconf 88' lang='lat' dir='ltr'><strong>Dei</strong></span> <span class='ocrx_word' id='word_1_13' title='bbox 2454 624 2724 697; x_wconf 88' lang='lat' dir='ltr'><strong>subierit,</strong></span> 
     </span>
     <span class='ocr_line' id='line_1_3' title="bbox 210 725 2727 806; baseline 0.002 -22"><span class='ocrx_word' id='word_1_14' title='bbox 210 728 444 803; x_wconf 88' lang='lat' dir='ltr'><strong>optime</strong></span> <span class='ocrx_word' id='word_1_15' title='bbox 487 725 700 785; x_wconf 83' lang='lat' dir='ltr'><strong>definit</strong></span> <span class='ocrx_word' id='word_1_16' title='bbox 744 746 938 786; x_wconf 86' lang='lat' dir='ltr'><strong>annus</strong></span> <span class='ocrx_word' id='word_1_17' title='bbox 967 726 1188 786; x_wconf 87' lang='lat' dir='ltr'><strong>Christi</strong></span> <span class='ocrx_word' id='word_1_18' title='bbox 1237 728 1564 788; x_wconf 83' lang='lat' dir='ltr'><strong>tricesimus</strong></span> <span class='ocrx_word' id='word_1_19' title='bbox 1577 774 1592 800; x_wconf 91' lang='lat'>‚</span> <span class='ocrx_word' id='word_1_20' title='bbox 1621 727 1701 785; x_wconf 87' lang='lat' dir='ltr'><strong>-in</strong></span> <span class='ocrx_word' id='word_1_21' title='bbox 1742 747 1917 806; x_wconf 89' lang='lat' dir='ltr'><strong>quem</strong></span> <span class='ocrx_word' id='word_1_22' title='bbox 1946 730 2295 787; x_wconf 85' lang='lat' dir='ltr'><strong>sumendum</strong></span> <span class='ocrx_word' id='word_1_23' title='bbox 2325 735 2385 788; x_wconf 88' lang='lat' dir='ltr'><strong>et</strong></span> <span class='ocrx_word' id='word_1_24' title='bbox 2412 731 2727 806; x_wconf 74' lang='lat' dir='ltr'><strong>scriptores</strong></span> 
     </span>
     <span class='ocr_line' id='line_1_4' title="bbox 213 811 2729 913; baseline 0 -21"><span class='ocrx_word' id='word_1_25' title='bbox 213 851 343 892; x_wconf 81' lang='lat' dir='ltr'><strong>non</strong></span> <span class='ocrx_word' id='word_1_26' title='bbox 376 831 666 906; x_wconf 76' lang='lat' dir='ltr'>ignobiles</span> <span class='ocrx_word' id='word_1_27' title='bbox 697 833 1057 910; x_wconf 85' lang='lat' dir='ltr'><strong>conspirant.</strong></span> <span class='ocrx_word' id='word_1_28' title='bbox 1109 833 1278 890; x_wconf 87' lang='lat' dir='ltr'><strong>Inter</strong></span> <span class='ocrx_word' id='word_1_29' title='bbox 1299 834 1402 892; x_wconf 87' lang='lat' dir='ltr'><strong>hos</strong></span> <span class='ocrx_word' id='word_1_30' title='bbox 1428 811 1655 909; x_wconf 74' lang='lat' dir='ltr'><strong>primus</strong></span> <span class='ocrx_word' id='word_1_31' title='bbox 1686 834 1893 892; x_wconf 84' lang='lat' dir='ltr'><strong>adduci</strong></span> <span class='ocrx_word' id='word_1_32' title='bbox 1926 839 2117 909; x_wconf 81' lang='lat' dir='ltr'><strong>posset</strong></span> <span class='ocrx_word' id='word_1_33' title='bbox 2152 855 2198 892; x_wconf 86' lang='lat' dir='ltr'><strong>s.</strong></span> <span class='ocrx_word' id='word_1_34' title='bbox 2224 834 2592 908; x_wconf 84' lang='lat' dir='ltr'><strong>Ignatius,</strong></span> <span class='ocrx_word' id='word_1_35' title='bbox 2626 835 2729 913; x_wconf 83' lang='lat' dir='ltr'><strong>qui</strong></span> 
     </span>
     <span class='ocr_line' id='line_1_5' title="bbox 213 935 2731 1015; baseline 0.001 -21"><span class='ocrx_word' id='word_1_36' title='bbox 213 935 436 994; x_wconf 75' lang='lat' dir='ltr'><strong>scribit</strong></span> <span class='ocrx_word' id='word_1_37' title='bbox 481 937 556 995; x_wconf 80' lang='lat' dir='ltr'><strong>ad</strong></span> <span class='ocrx_word' id='word_1_38' title='bbox 595 935 970 998; x_wconf 79' lang='lat' dir='ltr'><strong>Trallianos¹</strong></span> <span class='ocrx_word' id='word_1_39' title='bbox 1019 938 1328 1011; x_wconf 85' lang='lat' dir='ltr'><strong>,Christus,</strong></span> <span class='ocrx_word' id='word_1_40' title='bbox 1375 939 1624 1015; x_wconf 86' lang='lat' dir='ltr'><strong>expletis</strong></span> <span class='ocrx_word' id='word_1_41' title='bbox 1673 939 1867 997; x_wconf 87' lang='lat' dir='ltr'><strong>tribus</strong></span> <span class='ocrx_word' id='word_1_42' title='bbox 1911 958 2203 998; x_wconf 84' lang='lat' dir='ltr'><strong>annorum</strong></span> <span class='ocrx_word' id='word_1_43' title='bbox 2236 939 2549 998; x_wconf 83' lang='lat' dir='ltr'><strong>decadibus</strong></span> <span class='ocrx_word' id='word_1_44' title='bbox 2593 959 2731 1000; x_wconf 84' lang='lat' dir='ltr'><strong>vere</strong></span> 
     </span>
     <span class='ocr_line' id='line_1_6' title="bbox 215 1039 2732 1120; baseline 0.001 -20"><span class='ocrx_word' id='word_1_45' title='bbox 215 1042 564 1118; x_wconf 79' lang='lat' dir='ltr'><strong>baptizatus</strong></span> <span class='ocrx_word' id='word_1_46' title='bbox 603 1047 694 1100; x_wconf 87' lang='lat' dir='ltr'><strong>est</strong></span> <span class='ocrx_word' id='word_1_47' title='bbox 729 1063 766 1102; x_wconf 87' lang='lat' dir='ltr'><strong>a</strong></span> <span class='ocrx_word' id='word_1_48' title='bbox 797 1043 1066 1102; x_wconf 83' lang='lat' dir='ltr'><strong>Joanne.‘</strong></span> <span class='ocrx_word' id='word_1_49' title='bbox 1125 1044 1490 1103; x_wconf 79' lang='lat' dir='ltr'>Eusebius</span> <span class='ocrx_word' id='word_1_50' title='bbox 1508 1039 1534 1082; x_wconf 80' lang='lat'>²</span> <span class='ocrx_word' id='word_1_51' title='bbox 1563 1043 1959 1102; x_wconf 78' lang='lat' dir='ltr'><strong>caesareensis</strong></span> <span class='ocrx_word' id='word_1_52' title='bbox 1991 1046 2283 1120; x_wconf 84' lang='lat' dir='ltr'><strong>baptisma</strong></span> <span class='ocrx_word' id='word_1_53' title='bbox 2311 1043 2532 1103; x_wconf 77' lang='lat' dir='ltr'>Christi</span> <span class='ocrx_word' id='word_1_54' title='bbox 2562 1049 2732 1102; x_wconf 83' lang='lat' dir='ltr'><strong>notat</strong></span> 
     </span>
     <span class='ocr_line' id='line_1_7' title="bbox 215 1147 2733 1224; baseline 0.002 -20"><span class='ocrx_word' id='word_1_55' title='bbox 215 1147 298 1204; x_wconf 76' lang='lat' dir='ltr'><strong>ad</strong></span> <span class='ocrx_word' id='word_1_56' title='bbox 351 1153 580 1206; x_wconf 77' lang='lat' dir='ltr'><strong>annum</strong></span> <span class='ocrx_word' id='word_1_57' title='bbox 621 1148 1006 1207; x_wconf 86' lang='lat' dir='ltr'><strong>tricesimum.</strong></span> <span class='ocrx_word' id='word_1_58' title='bbox 1078 1149 1435 1208; x_wconf 83' lang='lat' dir='ltr'><strong>Testimonio</strong></span> <span class='ocrx_word' id='word_1_59' title='bbox 1493 1171 1540 1208; x_wconf 80' lang='lat' dir='ltr'><strong>s.</strong></span> <span class='ocrx_word' id='word_1_60' title='bbox 1573 1148 1917 1224; x_wconf 82' lang='lat' dir='ltr'>Gregorii</span> <span class='ocrx_word' id='word_1_61' title='bbox 1968 1149 2421 1208; x_wconf 84' lang='lat' dir='ltr'><strong>Nazianzeni</strong></span> <span class='ocrx_word' id='word_1_62' title='bbox 2462 1149 2733 1208; x_wconf 80' lang='lat' dir='ltr'><strong>Christus</strong></span> 
     </span>
    </p>
   </div>
   <div class='ocr_carea' id='block_1_3' title="bbox 222 1321 646 1328">
    <p class='ocr_par' dir='ltr' id='par_1_3' title="bbox 222 1321 646 1328">
     <span class='ocr_line' id='line_1_8' title="bbox 222 1321 646 1328; baseline 0 0"><span class='ocrx_word' id='word_1_63' title='bbox 222 1321 646 1328; x_wconf 95' lang='lat' dir='ltr'><strong> </strong></span> 
     </span>
    </p>
   </div>
   <div class='ocr_carea' id='block_1_4' title="bbox 217 1407 2739 4526">
    <p class='ocr_par' dir='ltr' id='par_1_4' title="bbox 217 1407 2739 4439">
     <span class='ocr_line' id='line_1_9' title="bbox 217 1407 2724 1473; baseline 0 -15"><span class='ocrx_word' id='word_1_64' title='bbox 217 1409 496 1458; x_wconf 77' lang='lat' dir='ltr'><strong>tricesimo</strong></span> <span class='ocrx_word' id='word_1_65' title='bbox 524 1409 713 1473; x_wconf 78' lang='lat' dir='ltr'><strong>primu,</strong></span> <span class='ocrx_word' id='word_1_66' title='bbox 752 1407 1005 1468; x_wconf 82' lang='lat' dir='ltr'><strong>secundo,</strong></span> <span class='ocrx_word' id='word_1_67' title='bbox 1043 1409 1218 1470; x_wconf 83' lang='lat' dir='ltr'><strong>tertio,</strong></span> <span class='ocrx_word' id='word_1_68' title='bbox 1259 1407 1546 1457; x_wconf 81' lang='lat' dir='ltr'><strong>Dominum</strong></span> <span class='ocrx_word' id='word_1_69' title='bbox 1583 1407 1773 1456; x_wconf 88' lang='lat' dir='ltr'><strong>Jesum</strong></span> <span class='ocrx_word' id='word_1_70' title='bbox 1812 1422 1845 1457; x_wconf 87' lang='lat' dir='ltr'><strong>a</strong></span> <span class='ocrx_word' id='word_1_71' title='bbox 1879 1407 2093 1457; x_wconf 83' lang='lat' dir='ltr'><strong>Joanne</strong></span> <span class='ocrx_word' id='word_1_72' title='bbox 2132 1409 2284 1472; x_wconf 84' lang='lat' dir='ltr'><strong>aquis</strong></span> <span class='ocrx_word' id='word_1_73' title='bbox 2329 1423 2448 1458; x_wconf 88' lang='lat' dir='ltr'><strong>esse</strong></span> <span class='ocrx_word' id='word_1_74' title='bbox 2483 1409 2724 1458; x_wconf 87' lang='lat' dir='ltr'><strong>tinctum.</strong></span> 
     </span>
     <span class='ocr_line' id='line_1_10' title="bbox 219 1493 2725 1560; baseline 0.001 -16"><span class='ocrx_word' id='word_1_75' title='bbox 219 1493 342 1544; x_wconf 90' lang='lat' dir='ltr'><strong>Imo</strong></span> <span class='ocrx_word' id='word_1_76' title='bbox 379 1493 591 1545; x_wconf 81' lang='lat' dir='ltr'><strong>Natalis</strong></span> <span class='ocrx_word' id='word_1_77' title='bbox 627 1493 956 1556; x_wconf 73' lang='lat' dir='ltr'>Alexander,</span> <span class='ocrx_word' id='word_1_78' title='bbox 1001 1493 1139 1544; x_wconf 84' lang='lat' dir='ltr'><strong>Hist.</strong></span> <span class='ocrx_word' id='word_1_79' title='bbox 1179 1494 1310 1544; x_wconf 87' lang='lat' dir='ltr'><strong>cccl.</strong></span> <span class='ocrx_word' id='word_1_80' title='bbox 1348 1493 1500 1544; x_wconf 81' lang='lat' dir='ltr'><strong>Saec.</strong></span> <span class='ocrx_word' id='word_1_81' title='bbox 1537 1494 1580 1544; x_wconf 93' lang='lat' dir='ltr'><strong>I.</strong></span> <span class='ocrx_word' id='word_1_82' title='bbox 1619 1493 1745 1546; x_wconf 82' lang='lat' dir='ltr'><strong>diss.</strong></span> <span class='ocrx_word' id='word_1_83' title='bbox 1782 1509 1890 1544; x_wconf 85' lang='lat' dir='ltr'><strong>sec.</strong></span> <span class='ocrx_word' id='word_1_84' title='bbox 1939 1493 2021 1544; x_wconf 87' lang='lat' dir='ltr'><strong>ed.</strong></span> <span class='ocrx_word' id='word_1_85' title='bbox 2056 1494 2179 1544; x_wconf 87' lang='lat' dir='ltr'><strong>Par.</strong></span> <span class='ocrx_word' id='word_1_86' title='bbox 2219 1496 2369 1545; x_wconf 84' lang='grc'><strong>1730.</strong></span> <span class='ocrx_word' id='word_1_87' title='bbox 2418 1495 2520 1560; x_wconf 89' lang='lat'><strong>111,</strong></span> <span class='ocrx_word' id='word_1_88' title='bbox 2559 1497 2641 1546; x_wconf 82' lang='grc'><strong>75.</strong></span> <span class='ocrx_word' id='word_1_89' title='bbox 2683 1513 2725 1546; x_wconf 90' lang='lat' dir='ltr'><strong>s.</strong></span> 
     </span>
     <span class='ocr_line' id='line_1_11' title="bbox 219 1580 2731 1649; baseline 0.001 -19"><span class='ocrx_word' id='word_1_90' title='bbox 219 1591 437 1648; x_wconf 69' lang='lat' dir='ltr'><strong>quaest.</strong></span> <span class='ocrx_word' id='word_1_91' title='bbox 485 1581 556 1632; x_wconf 91' lang='lat'><strong>11.</strong></span> <span class='ocrx_word' id='word_1_92' title='bbox 595 1581 676 1632; x_wconf 84' lang='lat' dir='ltr'><strong>ad</strong></span> <span class='ocrx_word' id='word_1_93' title='bbox 723 1582 1116 1632; x_wconf 82' lang='lat' dir='ltr'><strong>tricesimum</strong></span> <span class='ocrx_word' id='word_1_94' title='bbox 1161 1587 1462 1648; x_wconf 87' lang='lat' dir='ltr'><strong>quartum</strong></span> <span class='ocrx_word' id='word_1_95' title='bbox 1508 1583 1701 1632; x_wconf 79' lang='lat' dir='ltr'><strong>aetatis</strong></span> <span class='ocrx_word' id='word_1_96' title='bbox 1748 1580 1944 1631; x_wconf 80' lang='lat' dir='ltr'><strong>Christi</strong></span> <span class='ocrx_word' id='word_1_97' title='bbox 1992 1595 2191 1630; x_wconf 84' lang='lat' dir='ltr'><strong>annum</strong></span> <span class='ocrx_word' id='word_1_98' title='bbox 2242 1589 2527 1648; x_wconf 73' lang='lat' dir='ltr'><strong>evagatur-3</strong></span> <span class='ocrx_word' id='word_1_99' title='bbox 2586 1582 2731 1649; x_wconf 87' lang='lat' dir='ltr'><strong>qnod</strong></span> 
     </span>
     <span class='ocr_line' id='line_1_12' title="bbox 221 1667 2731 1736; baseline 0.001 -18"><span class='ocrx_word' id='word_1_100' title='bbox 221 1668 366 1718; x_wconf 85' lang='lat' dir='ltr'><strong>nulli</strong></span> <span class='ocrx_word' id='word_1_101' title='bbox 403 1669 620 1736; x_wconf 81' lang='lat' dir='ltr'><strong>probari</strong></span> <span class='ocrx_word' id='word_1_102' title='bbox 657 1669 914 1720; x_wconf 83' lang='lat' dir='ltr'><strong>videmus.</strong></span> <span class='ocrx_word' id='word_1_103' title='bbox 962 1668 1199 1720; x_wconf 80' lang='lat' dir='ltr'><strong>Aliorum</strong></span> <span class='ocrx_word' id='word_1_104' title='bbox 1237 1671 1700 1735; x_wconf 71' lang='lat' dir='ltr'><strong>interpretationes</strong></span> <span class='ocrx_word' id='word_1_105' title='bbox 1739 1667 1913 1719; x_wconf 85' lang='lat' dir='ltr'><strong>adhuc</strong></span> <span class='ocrx_word' id='word_1_106' title='bbox 1949 1668 2124 1718; x_wconf 84' lang='lat' dir='ltr'><strong>dabit:</strong></span> <span class='ocrx_word' id='word_1_107' title='bbox 2161 1669 2223 1718; x_wconf 81' lang='lat' dir='ltr'><strong>F.</strong></span> <span class='ocrx_word' id='word_1_108' title='bbox 2252 1670 2317 1720; x_wconf 89' lang='lat' dir='ltr'><strong>X.</strong></span> <span class='ocrx_word' id='word_1_109' title='bbox 2342 1670 2625 1733; x_wconf 76' lang='lat' dir='ltr'><strong>Patricius,</strong></span> <span class='ocrx_word' id='word_1_110' title='bbox 2664 1671 2731 1720; x_wconf 89' lang='lat' dir='ltr'><strong>de</strong></span> 
     </span>
     <span class='ocr_line' id='line_1_13' title="bbox 221 1755 2731 1823; baseline 0.001 -17"><span class='ocrx_word' id='word_1_111' title='bbox 221 1755 562 1822; x_wconf 77' lang='lat' dir='ltr'><strong>Evangeliis,</strong></span> <span class='ocrx_word' id='word_1_112' title='bbox 603 1755 637 1806; x_wconf 94' lang='lat' dir='ltr'><strong>l.</strong></span> <span class='ocrx_word' id='word_1_113' title='bbox 663 1755 764 1806; x_wconf 87' lang='grc' dir='ltr'><strong>ΠΙ.</strong></span> <span class='ocrx_word' id='word_1_114' title='bbox 789 1758 844 1805; x_wconf 87' lang='lat' dir='ltr'><strong>in</strong></span> <span class='ocrx_word' id='word_1_115' title='bbox 871 1756 996 1807; x_wconf 83' lang='lat' dir='ltr'><strong>diss.</strong></span> <span class='ocrx_word' id='word_1_116' title='bbox 1023 1757 1165 1806; x_wconf 86' lang='lat' dir='ltr'>XIX.</span> <span class='ocrx_word' id='word_1_117' title='bbox 1215 1757 1466 1807; x_wconf 85' lang='lat' dir='ltr'><strong>Veterum</strong></span> <span class='ocrx_word' id='word_1_118' title='bbox 1491 1756 1790 1806; x_wconf 85' lang='lat' dir='ltr'><strong>sententiae</strong></span> <span class='ocrx_word' id='word_1_119' title='bbox 1816 1755 1883 1805; x_wconf 91' lang='lat' dir='ltr'><strong>de</strong></span> <span class='ocrx_word' id='word_1_120' title='bbox 1908 1757 2233 1822; x_wconf 70' lang='lat' dir='ltr'><strong>temporibus</strong></span> <span class='ocrx_word' id='word_1_121' title='bbox 2267 1758 2461 1823; x_wconf 87' lang='lat' dir='ltr'><strong>quibus</strong></span> <span class='ocrx_word' id='word_1_122' title='bbox 2488 1757 2731 1808; x_wconf 86' lang='lat' dir='ltr'><strong>Christus</strong></span> 
     </span>
     <span class='ocr_line' id='line_1_14' title="bbox 222 1841 2731 1910; baseline 0.001 -18"><span class='ocrx_word' id='word_1_123' title='bbox 222 1845 362 1893; x_wconf 71' lang='lat' dir='ltr'><strong>vixit</strong></span> <span class='ocrx_word' id='word_1_124' title='bbox 401 1859 446 1893; x_wconf 87' lang='lat' dir='ltr'><strong>c.</strong></span> <span class='ocrx_word' id='word_1_125' title='bbox 485 1845 534 1893; x_wconf 94' lang='grc'><strong>2.</strong></span> <span class='ocrx_word' id='word_1_126' title='bbox 571 1859 624 1909; x_wconf 88' lang='lat' dir='ltr'><strong>p.</strong></span> <span class='ocrx_word' id='word_1_127' title='bbox 667 1845 784 1892; x_wconf 84' lang='lat'><strong>185.</strong></span> <span class='ocrx_word' id='word_1_128' title='bbox 821 1859 932 1908; x_wconf 85' lang='lat' dir='ltr'><strong>seq.</strong></span> <span class='ocrx_word' id='word_1_129' title='bbox 979 1843 1173 1909; x_wconf 78' lang='lat' dir='ltr'><strong>Anger,</strong></span> <span class='ocrx_word' id='word_1_130' title='bbox 1199 1842 1234 1892; x_wconf 89' lang='lat' dir='ltr'><strong>l.</strong></span> <span class='ocrx_word' id='word_1_131' title='bbox 1262 1859 1307 1892; x_wconf 91' lang='lat' dir='ltr'><strong>c.</strong></span> <span class='ocrx_word' id='word_1_132' title='bbox 1345 1860 1396 1910; x_wconf 88' lang='lat' dir='ltr'><strong>p.</strong></span> <span class='ocrx_word' id='word_1_133' title='bbox 1429 1846 1508 1893; x_wconf 89' lang='grc'><strong>19.</strong></span> <span class='ocrx_word' id='word_1_134' title='bbox 1559 1843 1627 1894; x_wconf 88' lang='lat' dir='ltr'><strong>H.</strong></span> <span class='ocrx_word' id='word_1_135' title='bbox 1653 1841 1717 1892; x_wconf 83' lang='lat' dir='ltr'><strong>A.</strong></span> <span class='ocrx_word' id='word_1_136' title='bbox 1744 1843 1828 1892; x_wconf 90' lang='lat' dir='ltr'><strong>W.</strong></span> <span class='ocrx_word' id='word_1_137' title='bbox 1854 1843 2053 1908; x_wconf 82' lang='lat' dir='ltr'><strong>Meyer,</strong></span> <span class='ocrx_word' id='word_1_138' title='bbox 2091 1843 2225 1892; x_wconf 89' lang='lat' dir='ltr'><strong>Krit.</strong></span> <span class='ocrx_word' id='word_1_139' title='bbox 2264 1860 2411 1910; x_wconf 84' lang='lat' dir='ltr'><strong>cxcg.</strong></span> <span class='ocrx_word' id='word_1_140' title='bbox 2449 1842 2651 1894; x_wconf 87' lang='lat' dir='ltr'><strong>Comm.</strong></span> <span class='ocrx_word' id='word_1_141' title='bbox 2678 1851 2731 1895; x_wconf 80' lang='lat' dir='ltr'><strong>ii.</strong></span> 
     </span>
     <span class='ocr_line' id='line_1_15' title="bbox 225 1929 2731 1996; baseline 0.001 -17"><span class='ocrx_word' id='word_1_142' title='bbox 225 1931 280 1980; x_wconf 79' lang='lat' dir='ltr'><strong>(l.</strong></span> <span class='ocrx_word' id='word_1_143' title='bbox 318 1929 387 1980; x_wconf 87' lang='lat' dir='ltr'><strong>N.</strong></span> <span class='ocrx_word' id='word_1_144' title='bbox 422 1930 486 1981; x_wconf 86' lang='grc' dir='ltr'><strong>Τ.</strong></span> <span class='ocrx_word' id='word_1_145' title='bbox 523 1929 568 1992; x_wconf 88' lang='grc' dir='ltr'><strong>Ι,</strong></span> <span class='ocrx_word' id='word_1_146' title='bbox 607 1932 654 1980; x_wconf 86' lang='grc'><strong>6.</strong></span> <span class='ocrx_word' id='word_1_147' title='bbox 712 1929 852 1980; x_wconf 77' lang='lat' dir='ltr'><strong>Gott.</strong></span> <span class='ocrx_word' id='word_1_148' title='bbox 894 1931 1042 1980; x_wconf 84' lang='grc'><strong>1860.</strong></span> <span class='ocrx_word' id='word_1_149' title='bbox 1081 1947 1132 1996; x_wconf 89' lang='lat' dir='ltr'><strong>p.</strong></span> <span class='ocrx_word' id='word_1_150' title='bbox 1173 1931 1290 1980; x_wconf 85' lang='lat'><strong>295.</strong></span> <span class='ocrx_word' id='word_1_151' title='bbox 1351 1931 1613 1980; x_wconf 79' lang='lat' dir='ltr'><strong>Postremi</strong></span> <span class='ocrx_word' id='word_1_152' title='bbox 1662 1935 1721 1978; x_wconf 90' lang='lat' dir='ltr'><strong>nt</strong></span> <span class='ocrx_word' id='word_1_153' title='bbox 1764 1931 2079 1980; x_wconf 87' lang='lat' dir='ltr'><strong>sententiam</strong></span> <span class='ocrx_word' id='word_1_154' title='bbox 2118 1945 2270 1980; x_wconf 86' lang='lat' dir='ltr'><strong>suam</strong></span> <span class='ocrx_word' id='word_1_155' title='bbox 2308 1937 2571 1993; x_wconf 84' lang='lat' dir='ltr'><strong>tueantur,</strong></span> <span class='ocrx_word' id='word_1_156' title='bbox 2611 1930 2644 1981; x_wconf 93' lang='lat' dir='ltr'><strong>l.</strong></span> <span class='ocrx_word' id='word_1_157' title='bbox 2684 1948 2731 1982; x_wconf 90' lang='lat' dir='ltr'><strong>c.</strong></span> 
     </span>
     <span class='ocr_line' id='line_1_16' title="bbox 223 2009 2735 2086; baseline 0.001 -20"><span class='ocrx_word' id='word_1_158' title='bbox 223 2017 420 2067; x_wconf 83' lang='lat' dir='ltr'><strong>Lucae</strong></span> <span class='ocrx_word' id='word_1_159' title='bbox 465 2009 522 2066; x_wconf 72' lang='grc' dir='ltr'><strong>τὸ</strong></span> <span class='ocrx_word' id='word_1_160' title='bbox 567 2012 864 2086; x_wconf 77' lang='grc' dir='ltr'>ἀρχόμενος,</span> <span class='ocrx_word' id='word_1_161' title='bbox 919 2018 1206 2082; x_wconf 82' lang='lat' dir='ltr'><strong>incipiens,</strong></span> <span class='ocrx_word' id='word_1_162' title='bbox 1263 2017 1693 2082; x_wconf 83' lang='lat' dir='ltr'><strong>distinguendum</strong></span> <span class='ocrx_word' id='word_1_163' title='bbox 1746 2017 1933 2068; x_wconf 75' lang='lat' dir='ltr'><strong>volunt</strong></span> <span class='ocrx_word' id='word_1_164' title='bbox 1978 2011 2432 2083; x_wconf 83' lang='lat' dir='ltr'><strong>interpunctione,</strong></span> <span class='ocrx_word' id='word_1_165' title='bbox 2473 2047 2537 2055; x_wconf 96' lang='lat'><strong>—-</strong></span> <span class='ocrx_word' id='word_1_166' title='bbox 2574 2025 2735 2084; x_wconf 85' lang='lat' dir='ltr'><strong>prout</strong></span> 
     </span>
     <span class='ocr_line' id='line_1_17' title="bbox 225 2103 2729 2171; baseline 0.001 -17"><span class='ocrx_word' id='word_1_167' title='bbox 225 2103 500 2170; x_wconf 76' lang='lat' dir='ltr'><strong>Origenes</strong></span> <span class='ocrx_word' id='word_1_168' title='bbox 533 2104 678 2166; x_wconf 78' lang='lat' dir='ltr'><strong>fecit,</strong></span> <span class='ocrx_word' id='word_1_169' title='bbox 717 2103 858 2154; x_wconf 88' lang='lat' dir='ltr'><strong>hom.</strong></span> <span class='ocrx_word' id='word_1_170' title='bbox 895 2103 1088 2154; x_wconf 84' lang='lat' dir='ltr'>XXIX.</span> <span class='ocrx_word' id='word_1_171' title='bbox 1127 2106 1181 2154; x_wconf 90' lang='lat' dir='ltr'><strong>in</strong></span> <span class='ocrx_word' id='word_1_172' title='bbox 1216 2105 1440 2154; x_wconf 86' lang='lat' dir='ltr'><strong>Lucam.</strong></span> <span class='ocrx_word' id='word_1_173' title='bbox 1479 2104 1580 2171; x_wconf 90' lang='lat' dir='ltr'><strong>Op.</strong></span> <span class='ocrx_word' id='word_1_174' title='bbox 1615 2104 1699 2154; x_wconf 87' lang='lat' dir='ltr'><strong>ed.</strong></span> <span class='ocrx_word' id='word_1_175' title='bbox 1726 2105 1785 2155; x_wconf 88' lang='lat' dir='ltr'><strong>C.</strong></span> <span class='ocrx_word' id='word_1_176' title='bbox 1811 2105 1881 2154; x_wconf 85' lang='lat' dir='ltr'><strong>H.</strong></span> <span class='ocrx_word' id='word_1_177' title='bbox 1908 2106 1972 2156; x_wconf 82' lang='lat' dir='ltr'><strong>E.</strong></span> <span class='ocrx_word' id='word_1_178' title='bbox 1998 2105 2390 2157; x_wconf 80' lang='lat' dir='ltr'><strong>Lommatzsch.</strong></span> <span class='ocrx_word' id='word_1_179' title='bbox 2426 2107 2492 2169; x_wconf 88' lang='lat' dir='ltr'><strong>V,</strong></span> <span class='ocrx_word' id='word_1_180' title='bbox 2523 2109 2637 2157; x_wconf 83' lang='lat'><strong>192.</strong></span> <span class='ocrx_word' id='word_1_181' title='bbox 2664 2135 2729 2145; x_wconf 88' lang='lat'><strong>--</strong></span> 
     </span>
     <span class='ocr_line' id='line_1_18' title="bbox 227 2187 2733 2258; baseline 0 -16"><span class='ocrx_word' id='word_1_182' title='bbox 227 2189 424 2258; x_wconf 69' lang='lat' dir='ltr'><strong>atque·</strong></span> <span class='ocrx_word' id='word_1_183' title='bbox 437 2206 546 2242; x_wconf 88' lang='lat' dir='ltr'><strong>non</strong></span> <span class='ocrx_word' id='word_1_184' title='bbox 583 2191 654 2241; x_wconf 84' lang='lat' dir='ltr'><strong>ad</strong></span> <span class='ocrx_word' id='word_1_185' title='bbox 689 2196 946 2252; x_wconf 87' lang='lat' dir='ltr'><strong>aetatem,</strong></span> <span class='ocrx_word' id='word_1_186' title='bbox 995 2191 1088 2242; x_wconf 77' lang='lat' dir='ltr'><strong>secl</strong></span> <span class='ocrx_word' id='word_1_187' title='bbox 1137 2192 1207 2242; x_wconf 84' lang='lat' dir='ltr'><strong>ad</strong></span> <span class='ocrx_word' id='word_1_188' title='bbox 1243 2192 1592 2243; x_wconf 81' lang='lat' dir='ltr'><strong>ministerium</strong></span> <span class='ocrx_word' id='word_1_189' title='bbox 1643 2192 2086 2258; x_wconf 85' lang='lat' dir='ltr'><strong>praedicationis3</strong></span> <span class='ocrx_word' id='word_1_190' title='bbox 2136 2193 2203 2244; x_wconf 86' lang='lat' dir='ltr'><strong>ad</strong></span> <span class='ocrx_word' id='word_1_191' title='bbox 2240 2187 2296 2244; x_wconf 81' lang='grc' dir='ltr'><strong>τὸ</strong></span> <span class='ocrx_word' id='word_1_192' title='bbox 2333 2190 2575 2244; x_wconf 76' lang='grc' dir='ltr'>διδάσκειν</span> <span class='ocrx_word' id='word_1_193' title='bbox 2612 2210 2733 2244; x_wconf 87' lang='lat' dir='ltr'><strong>eum</strong></span> 
     </span>
     <span class='ocr_line' id='line_1_19' title="bbox 226 2277 2729 2346; baseline 0.001 -17"><span class='ocrx_word' id='word_1_194' title='bbox 226 2279 358 2330; x_wconf 75' lang='lat' dir='ltr'><strong>divo</strong></span> <span class='ocrx_word' id='word_1_195' title='bbox 383 2279 616 2340; x_wconf 66' lang='lat' dir='ltr'><strong>hauno,</strong></span> <span class='ocrx_word' id='word_1_196' title='bbox 645 2278 770 2328; x_wconf 87' lang='lat' dir='ltr'><strong>dial.</strong></span> <span class='ocrx_word' id='word_1_197' title='bbox 801 2294 920 2327; x_wconf 87' lang='lat' dir='ltr'><strong>cum</strong></span> <span class='ocrx_word' id='word_1_198' title='bbox 943 2278 1140 2344; x_wconf 82' lang='lat' dir='ltr'><strong>Tryph.</strong></span> <span class='ocrx_word' id='word_1_199' title='bbox 1167 2295 1217 2327; x_wconf 92' lang='lat' dir='ltr'><strong>n.</strong></span> <span class='ocrx_word' id='word_1_200' title='bbox 1239 2279 1321 2328; x_wconf 90' lang='lat'><strong>88.</strong></span> <span class='ocrx_word' id='word_1_201' title='bbox 1349 2278 1430 2328; x_wconf 86' lang='lat' dir='ltr'><strong>ed.</strong></span> <span class='ocrx_word' id='word_1_202' title='bbox 1457 2277 1599 2328; x_wconf 81' lang='lat' dir='ltr'><strong>Otto.</strong></span> <span class='ocrx_word' id='word_1_203' title='bbox 1625 2295 1677 2344; x_wconf 88' lang='lat' dir='ltr'><strong>p.</strong></span> <span class='ocrx_word' id='word_1_204' title='bbox 1704 2281 1822 2328; x_wconf 86' lang='grc'><strong>306.</strong></span> <span class='ocrx_word' id='word_1_205' title='bbox 1849 2279 1969 2330; x_wconf 91' lang='lat' dir='ltr'><strong>coll.</strong></span> <span class='ocrx_word' id='word_1_206' title='bbox 1998 2280 2151 2346; x_wconf 82' lang='lat' dir='ltr'><strong>Apol.</strong></span> <span class='ocrx_word' id='word_1_207' title='bbox 2176 2280 2219 2344; x_wconf 92' lang='lat'><strong>1,</strong></span> <span class='ocrx_word' id='word_1_208' title='bbox 2246 2283 2329 2331; x_wconf 79' lang='lat'><strong>46.</strong></span> <span class='ocrx_word' id='word_1_209' title='bbox 2358 2281 2440 2333; x_wconf 87' lang='lat' dir='ltr'><strong>ed.</strong></span> <span class='ocrx_word' id='word_1_210' title='bbox 2468 2299 2513 2331; x_wconf 90' lang='lat' dir='ltr'><strong>c.</strong></span> <span class='ocrx_word' id='word_1_211' title='bbox 2539 2282 2581 2343; x_wconf 92' lang='lat' dir='ltr'><strong>I,</strong></span> <span class='ocrx_word' id='word_1_212' title='bbox 2610 2285 2729 2332; x_wconf 93' lang='lat'><strong>110.</strong></span> 
     </span>
     <span class='ocr_line' id='line_1_20' title="bbox 227 2364 2731 2431; baseline 0.001 -16"><span class='ocrx_word' id='word_1_213' title='bbox 227 2364 584 2428; x_wconf 79' lang='lat' dir='ltr'><strong>Tertulliano,</strong></span> <span class='ocrx_word' id='word_1_214' title='bbox 623 2366 743 2416; x_wconf 84' lang='lat' dir='ltr'><strong>adv.</strong></span> <span class='ocrx_word' id='word_1_215' title='bbox 780 2365 906 2416; x_wconf 79' lang='lat' dir='ltr'><strong>Jud.</strong></span> <span class='ocrx_word' id='word_1_216' title='bbox 934 2381 979 2414; x_wconf 91' lang='lat' dir='ltr'><strong>c.</strong></span> <span class='ocrx_word' id='word_1_217' title='bbox 1017 2367 1064 2415; x_wconf 88' lang='lat'><strong>8.</strong></span> <span class='ocrx_word' id='word_1_218' title='bbox 1104 2365 1186 2414; x_wconf 69' lang='lat' dir='ltr'><strong>etl.</strong></span> <span class='ocrx_word' id='word_1_219' title='bbox 1217 2365 1385 2430; x_wconf 79' lang='lat' dir='ltr'><strong>Leop.</strong></span> <span class='ocrx_word' id='word_1_220' title='bbox 1412 2365 1503 2428; x_wconf 90' lang='lat' dir='ltr'><strong>IV,</strong></span> <span class='ocrx_word' id='word_1_221' title='bbox 1531 2368 1650 2416; x_wconf 92' lang='grc'><strong>307.</strong></span> <span class='ocrx_word' id='word_1_222' title='bbox 1690 2372 1742 2414; x_wconf 81' lang='lat' dir='ltr'><strong>et</strong></span> <span class='ocrx_word' id='word_1_223' title='bbox 1767 2365 2041 2417; x_wconf 81' lang='lat' dir='ltr'><strong>Clemente</strong></span> <span class='ocrx_word' id='word_1_224' title='bbox 2065 2367 2444 2431; x_wconf 81' lang='lat' dir='ltr'><strong>Alexandrino,</strong></span> <span class='ocrx_word' id='word_1_225' title='bbox 2485 2367 2731 2419; x_wconf 85' lang='lat' dir='ltr'><strong>Stromat.</strong></span> 
     </span>
     <span class='ocr_line' id='line_1_21' title="bbox 231 2452 2731 2520; baseline 0.001 -18"><span class='ocrx_word' id='word_1_226' title='bbox 231 2454 276 2513; x_wconf 88' lang='lat'><strong>1,</strong></span> <span class='ocrx_word' id='word_1_227' title='bbox 305 2455 393 2503; x_wconf 91' lang='grc'><strong>21.</strong></span> <span class='ocrx_word' id='word_1_228' title='bbox 432 2453 514 2502; x_wconf 87' lang='lat' dir='ltr'><strong>ed.</strong></span> <span class='ocrx_word' id='word_1_229' title='bbox 540 2453 739 2503; x_wconf 84' lang='lat' dir='ltr'><strong>Potter.</strong></span> <span class='ocrx_word' id='word_1_230' title='bbox 765 2453 900 2502; x_wconf 88' lang='lat' dir='ltr'><strong>Ven.</strong></span> <span class='ocrx_word' id='word_1_231' title='bbox 927 2455 1076 2503; x_wconf 85' lang='grc'><strong>1757.</strong></span> <span class='ocrx_word' id='word_1_232' title='bbox 1115 2469 1166 2518; x_wconf 91' lang='lat' dir='ltr'><strong>p.</strong></span> <span class='ocrx_word' id='word_1_233' title='bbox 1192 2453 1311 2501; x_wconf 81' lang='lat'><strong>407.</strong></span> <span class='ocrx_word' id='word_1_234' title='bbox 1343 2480 1405 2489; x_wconf 89' lang='lat'>—</span> <span class='ocrx_word' id='word_1_235' title='bbox 1433 2452 1685 2502; x_wconf 80' lang='lat' dir='ltr'><strong>referunt.</strong></span> <span class='ocrx_word' id='word_1_236' title='bbox 1749 2453 1831 2503; x_wconf 85' lang='lat' dir='ltr'><strong>Ita</strong></span> <span class='ocrx_word' id='word_1_237' title='bbox 1867 2454 2017 2504; x_wconf 88' lang='lat' dir='ltr'><strong>aiunt</strong></span> <span class='ocrx_word' id='word_1_238' title='bbox 2052 2453 2196 2520; x_wconf 87' lang='lat' dir='ltr'><strong>apud</strong></span> <span class='ocrx_word' id='word_1_239' title='bbox 2240 2454 2467 2504; x_wconf 87' lang='lat' dir='ltr'><strong>eundem</strong></span> <span class='ocrx_word' id='word_1_240' title='bbox 2512 2453 2731 2505; x_wconf 86' lang='lat' dir='ltr'><strong>Sacrum</strong></span> 
     </span>
     <span class='ocr_line' id='line_1_22' title="bbox 229 2535 2733 2611; baseline 0.001 -21"><span class='ocrx_word' id='word_1_241' title='bbox 229 2539 560 2606; x_wconf 87' lang='lat' dir='ltr'><strong>Scriptorem</strong></span> <span class='ocrx_word' id='word_1_242' title='bbox 606 2541 880 2605; x_wconf 81' lang='lat' dir='ltr'><strong>accipitur.</strong></span> <span class='ocrx_word' id='word_1_243' title='bbox 930 2539 1044 2589; x_wconf 85' lang='lat' dir='ltr'><strong>Act.</strong></span> <span class='ocrx_word' id='word_1_244' title='bbox 1086 2541 1131 2602; x_wconf 89' lang='lat'><strong>1,</strong></span> <span class='ocrx_word' id='word_1_245' title='bbox 1171 2541 1253 2588; x_wconf 87' lang='grc'><strong>22.</strong></span> <span class='ocrx_word' id='word_1_246' title='bbox 1308 2541 1388 2603; x_wconf 89' lang='grc'><strong>10,</strong></span> <span class='ocrx_word' id='word_1_247' title='bbox 1427 2541 1512 2590; x_wconf 84' lang='grc'><strong>37.</strong></span> <span class='ocrx_word' id='word_1_248' title='bbox 1573 2537 1715 2589; x_wconf 82' lang='lat' dir='ltr'><strong>Sane</strong></span> <span class='ocrx_word' id='word_1_249' title='bbox 1754 2541 1835 2589; x_wconf 82' lang='lat' dir='ltr'><strong>vis</strong></span> <span class='ocrx_word' id='word_1_250' title='bbox 1872 2541 2042 2590; x_wconf 87' lang='lat' dir='ltr'><strong>omnis</strong></span> <span class='ocrx_word' id='word_1_251' title='bbox 2078 2541 2135 2590; x_wconf 88' lang='lat' dir='ltr'><strong>in</strong></span> <span class='ocrx_word' id='word_1_252' title='bbox 2172 2557 2303 2591; x_wconf 82' lang='lat' dir='ltr'><strong>voce</strong></span> <span class='ocrx_word' id='word_1_253' title='bbox 2342 2535 2612 2611; x_wconf 78' lang='grc' dir='ltr'>ἀρχόμενος</span> <span class='ocrx_word' id='word_1_254' title='bbox 2651 2547 2733 2592; x_wconf 83' lang='lat' dir='ltr'><strong>est</strong></span> 
     </span>
     <span class='ocr_line' id='line_1_23' title="bbox 227 2621 2733 2694; baseline 0.001 -16"><span class='ocrx_word' id='word_1_255' title='bbox 227 2629 428 2694; x_wconf 73' lang='lat' dir='ltr'><strong>posita,</strong></span> <span class='ocrx_word' id='word_1_256' title='bbox 465 2641 626 2692; x_wconf 82' lang='lat' dir='ltr'><strong>quam</strong></span> <span class='ocrx_word' id='word_1_257' title='bbox 665 2626 879 2692; x_wconf 85' lang='lat' dir='ltr'><strong>quidam</strong></span> <span class='ocrx_word' id='word_1_258' title='bbox 915 2643 1036 2677; x_wconf 87' lang='lat' dir='ltr'><strong>cum</strong></span> <span class='ocrx_word' id='word_1_259' title='bbox 1073 2625 1378 2678; x_wconf 81' lang='lat' dir='ltr'><strong>vocabulis:</strong></span> <span class='ocrx_word' id='word_1_260' title='bbox 1415 2623 1538 2677; x_wconf 82' lang='grc' dir='ltr'>ὡσεὶ</span> <span class='ocrx_word' id='word_1_261' title='bbox 1572 2621 1831 2694; x_wconf 75' lang='grc' dir='ltr'>τριάκοντα</span> <span class='ocrx_word' id='word_1_262' title='bbox 1866 2624 1989 2677; x_wconf 74' lang='grc' dir='ltr'>ἐτῶν</span> <span class='ocrx_word' id='word_1_263' title='bbox 2026 2629 2105 2677; x_wconf 79' lang='lat' dir='ltr'><strong>ita</strong></span> <span class='ocrx_word' id='word_1_264' title='bbox 2140 2629 2395 2694; x_wconf 80' lang='lat' dir='ltr'><strong>iungunt3</strong></span> <span class='ocrx_word' id='word_1_265' title='bbox 2431 2635 2493 2679; x_wconf 88' lang='lat' dir='ltr'><strong>ut</strong></span> <span class='ocrx_word' id='word_1_266' title='bbox 2514 2632 2733 2680; x_wconf 88' lang='lat' dir='ltr'><strong>ineunte</strong></span> 
     </span>
     <span class='ocr_line' id='line_1_24' title="bbox 230 2713 2733 2781; baseline 0.001 -16"><span class='ocrx_word' id='word_1_267' title='bbox 230 2729 380 2766; x_wconf 76' lang='lat' dir='ltr'><strong>anno</strong></span> <span class='ocrx_word' id='word_1_268' title='bbox 415 2714 687 2765; x_wconf 84' lang='lat' dir='ltr'><strong>tricesimo</strong></span> <span class='ocrx_word' id='word_1_269' title='bbox 721 2713 989 2764; x_wconf 79' lang='lat' dir='ltr'><strong>Christum</strong></span> <span class='ocrx_word' id='word_1_270' title='bbox 1024 2715 1352 2780; x_wconf 79' lang='lat' dir='ltr'><strong>baptizatum</strong></span> <span class='ocrx_word' id='word_1_271' title='bbox 1389 2729 1508 2766; x_wconf 81' lang='lat' dir='ltr'><strong>esse</strong></span> <span class='ocrx_word' id='word_1_272' title='bbox 1544 2714 1728 2765; x_wconf 85' lang='lat' dir='ltr'><strong>dicant</strong></span> <span class='ocrx_word' id='word_1_273' title='bbox 1763 2714 1813 2764; x_wconf 90' lang='lat' dir='ltr'><strong>h.</strong></span> <span class='ocrx_word' id='word_1_274' title='bbox 1841 2731 1913 2765; x_wconf 84' lang='lat' dir='ltr'><strong>s.:</strong></span> <span class='ocrx_word' id='word_1_275' title='bbox 1950 2716 2327 2781; x_wconf 83' lang='lat' dir='ltr'><strong>incipiebat</strong></span> <span class='ocrx_word' id='word_1_276' title='bbox 2361 2717 2559 2768; x_wconf 85' lang='lat' dir='ltr'><strong>Jesus</strong></span> <span class='ocrx_word' id='word_1_277' title='bbox 2596 2717 2733 2767; x_wconf 87' lang='lat' dir='ltr'><strong>fere</strong></span> 
     </span>
     <span class='ocr_line' id='line_1_25' title="bbox 233 2799 2735 2867; baseline 0.002 -15"><span class='ocrx_word' id='word_1_278' title='bbox 233 2817 476 2854; x_wconf 84' lang='lat' dir='ltr'><strong>annum</strong></span> <span class='ocrx_word' id='word_1_279' title='bbox 513 2802 935 2853; x_wconf 80' lang='lat' dir='ltr'><strong>tricesimum.</strong></span> <span class='ocrx_word' id='word_1_280' title='bbox 987 2799 1094 2852; x_wconf 86' lang='lat' dir='ltr'><strong>Sed</strong></span> <span class='ocrx_word' id='word_1_281' title='bbox 1130 2801 1264 2852; x_wconf 85' lang='lat' dir='ltr'><strong>haec</strong></span> <span class='ocrx_word' id='word_1_282' title='bbox 1301 2801 1406 2852; x_wconf 85' lang='lat' dir='ltr'><strong>loci</strong></span> <span class='ocrx_word' id='word_1_283' title='bbox 1441 2801 1586 2852; x_wconf 90' lang='lat' dir='ltr'><strong>illius</strong></span> <span class='ocrx_word' id='word_1_284' title='bbox 1625 2802 1887 2867; x_wconf 82' lang='lat' dir='ltr'><strong>expositio</strong></span> <span class='ocrx_word' id='word_1_285' title='bbox 1918 2802 2149 2852; x_wconf 85' lang='lat' dir='ltr'><strong>barbara</strong></span> <span class='ocrx_word' id='word_1_286' title='bbox 2185 2807 2281 2853; x_wconf 87' lang='lat' dir='ltr'><strong>est.</strong></span> <span class='ocrx_word' id='word_1_287' title='bbox 2336 2803 2468 2866; x_wconf 83' lang='lat' dir='ltr'><strong>Quis</strong></span> <span class='ocrx_word' id='word_1_288' title='bbox 2494 2805 2634 2854; x_wconf 89' lang='lat' dir='ltr'><strong>enim</strong></span> <span class='ocrx_word' id='word_1_289' title='bbox 2659 2806 2735 2856; x_wconf 79' lang='lat' dir='ltr'><strong>ita</strong></span> 
     </span>
     <span class='ocr_line' id='line_1_26' title="bbox 231 2881 2732 2961; baseline 0 -21"><span class='ocrx_word' id='word_1_290' title='bbox 231 2904 430 2955; x_wconf 80' lang='lat' dir='ltr'><strong>graece</strong></span> <span class='ocrx_word' id='word_1_291' title='bbox 469 2888 776 2954; x_wconf 88' lang='lat' dir='ltr'><strong>loquentem</strong></span> <span class='ocrx_word' id='word_1_292' title='bbox 812 2889 975 2940; x_wconf 84' lang='lat' dir='ltr'><strong>serat:</strong></span> <span class='ocrx_word' id='word_1_293' title='bbox 1013 2885 1201 2954; x_wconf 77' lang='grc' dir='ltr'>Ἰησοῦς</span> <span class='ocrx_word' id='word_1_294' title='bbox 1235 2881 1294 2953; x_wconf 76' lang='grc' dir='ltr'><strong>ἦν</strong></span> <span class='ocrx_word' id='word_1_295' title='bbox 1331 2888 1401 2938; x_wconf 83' lang='grc' dir='ltr'><strong>ὢν</strong></span> <span class='ocrx_word' id='word_1_296' title='bbox 1439 2883 1739 2957; x_wconf 78' lang='grc' dir='ltr'>ἀρχόμενος;</span> <span class='ocrx_word' id='word_1_297' title='bbox 1786 2904 1883 2955; x_wconf 90' lang='lat' dir='ltr'><strong>pro</strong></span> <span class='ocrx_word' id='word_1_298' title='bbox 1922 2905 1985 2938; x_wconf 91' lang='lat' dir='ltr'><strong>eo</strong></span> <span class='ocrx_word' id='word_1_299' title='bbox 2024 2890 2167 2956; x_wconf 89' lang='lat' dir='ltr'><strong>quod</strong></span> <span class='ocrx_word' id='word_1_300' title='bbox 2211 2890 2404 2941; x_wconf 88' lang='lat' dir='ltr'><strong>dicitur</strong></span> <span class='ocrx_word' id='word_1_301' title='bbox 2440 2887 2609 2961; x_wconf 77' lang='grc' dir='ltr'>ἔρχετο</span> <span class='ocrx_word' id='word_1_302' title='bbox 2646 2883 2732 2940; x_wconf 80' lang='grc' dir='ltr'><strong>ὧν.</strong></span> 
     </span>
     <span class='ocr_line' id='line_1_27' title="bbox 233 2973 2733 3044; baseline 0.001 -19"><span class='ocrx_word' id='word_1_303' title='bbox 233 2976 418 3037; x_wconf 80' lang='lat' dir='ltr'><strong>Quare</strong></span> <span class='ocrx_word' id='word_1_304' title='bbox 457 2974 624 3026; x_wconf 90' lang='lat' dir='ltr'><strong>multo</strong></span> <span class='ocrx_word' id='word_1_305' title='bbox 661 2977 834 3043; x_wconf 88' lang='lat' dir='ltr'><strong>aptior</strong></span> <span class='ocrx_word' id='word_1_306' title='bbox 870 2977 1074 3027; x_wconf 84' lang='lat' dir='ltr'><strong>censeri</strong></span> <span class='ocrx_word' id='word_1_307' title='bbox 1111 2976 1271 3026; x_wconf 88' lang='lat' dir='ltr'><strong>debet</strong></span> <span class='ocrx_word' id='word_1_308' title='bbox 1305 2975 1399 3026; x_wconf 83' lang='lat' dir='ltr'><strong>illa</strong></span> <span class='ocrx_word' id='word_1_309' title='bbox 1422 2977 1804 3042; x_wconf 77' lang='lat' dir='ltr'><strong>interpretatio,</strong></span> <span class='ocrx_word' id='word_1_310' title='bbox 1844 2991 1983 3042; x_wconf 86' lang='lat' dir='ltr'><strong>quae</strong></span> <span class='ocrx_word' id='word_1_311' title='bbox 2014 2973 2085 3026; x_wconf 81' lang='grc' dir='ltr'><strong>ὧν</strong></span> <span class='ocrx_word' id='word_1_312' title='bbox 2122 2977 2190 3027; x_wconf 86' lang='lat' dir='ltr'><strong>ad</strong></span> <span class='ocrx_word' id='word_1_313' title='bbox 2227 2979 2523 3044; x_wconf 82' lang='lat' dir='ltr'><strong>posteriora</strong></span> <span class='ocrx_word' id='word_1_314' title='bbox 2557 2979 2733 3041; x_wconf 87' lang='lat' dir='ltr'><strong>refert,</strong></span> 
     </span>
     <span class='ocr_line' id='line_1_28' title="bbox 235 3055 2733 3134; baseline 0 -22"><span class='ocrx_word' id='word_1_315' title='bbox 235 3057 514 3132; x_wconf 72' lang='grc' dir='ltr'>ἀρχόμενος</span> <span class='ocrx_word' id='word_1_316' title='bbox 551 3061 618 3112; x_wconf 81' lang='lat' dir='ltr'><strong>ad</strong></span> <span class='ocrx_word' id='word_1_317' title='bbox 655 3063 959 3130; x_wconf 76' lang='lat' dir='ltr'><strong>superiora:</strong></span> <span class='ocrx_word' id='word_1_318' title='bbox 1001 3055 1061 3127; x_wconf 77' lang='grc' dir='ltr'><strong>ἧν</strong></span> <span class='ocrx_word' id='word_1_319' title='bbox 1096 3057 1124 3112; x_wconf 86' lang='grc' dir='ltr'><strong>ὃ</strong></span> <span class='ocrx_word' id='word_1_320' title='bbox 1159 3059 1349 3126; x_wconf 78' lang='grc' dir='ltr'>Ἰησοῦς</span> <span class='ocrx_word' id='word_1_321' title='bbox 1387 3057 1659 3131; x_wconf 79' lang='grc' dir='ltr'>ἀρχόμενος</span> <span class='ocrx_word' id='word_1_322' title='bbox 1699 3059 1819 3112; x_wconf 81' lang='grc' dir='ltr'>ὡσεὶ</span> <span class='ocrx_word' id='word_1_323' title='bbox 1865 3059 1984 3112; x_wconf 80' lang='grc' dir='ltr'>ἐτῶν</span> <span class='ocrx_word' id='word_1_324' title='bbox 2018 3060 2299 3131; x_wconf 77' lang='grc' dir='ltr'>τριάκοντα,</span> <span class='ocrx_word' id='word_1_325' title='bbox 2345 3061 2433 3126; x_wconf 79' lang='grc' dir='ltr'><strong>ὤν,</strong></span> <span class='ocrx_word' id='word_1_326' title='bbox 2470 3060 2539 3123; x_wconf 83' lang='grc' dir='ltr'><strong>ὡς</strong></span> <span class='ocrx_word' id='word_1_327' title='bbox 2576 3061 2733 3134; x_wconf 71' lang='grc' dir='ltr'>ἐνομί-</span> 
     </span>
     <span class='ocr_line' id='line_1_29' title="bbox 231 3144 2733 3218; baseline 0.001 -18"><span class='ocrx_word' id='word_1_328' title='bbox 231 3150 362 3212; x_wconf 76' lang='grc' dir='ltr'>ζετο,</span> <span class='ocrx_word' id='word_1_329' title='bbox 399 3144 506 3208; x_wconf 71' lang='grc' dir='ltr'><strong>υἱὸς</strong></span> <span class='ocrx_word' id='word_1_330' title='bbox 544 3147 744 3218; x_wconf 79' lang='grc' dir='ltr'><strong>Ἰωσήφ.</strong></span> <span class='ocrx_word' id='word_1_331' title='bbox 805 3151 986 3201; x_wconf 86' lang='lat' dir='ltr'><strong>Verba</strong></span> <span class='ocrx_word' id='word_1_332' title='bbox 1019 3149 1400 3216; x_wconf 76' lang='lat' dir='ltr'><strong>Evangelistae</strong></span> <span class='ocrx_word' id='word_1_333' title='bbox 1437 3149 1621 3200; x_wconf 88' lang='lat' dir='ltr'><strong>Lucae</strong></span> <span class='ocrx_word' id='word_1_334' title='bbox 1659 3150 1713 3200; x_wconf 89' lang='lat' dir='ltr'><strong>id</strong></span> <span class='ocrx_word' id='word_1_335' title='bbox 1750 3152 1853 3202; x_wconf 84' lang='lat' dir='ltr'><strong>sibi</strong></span> <span class='ocrx_word' id='word_1_336' title='bbox 1888 3150 2091 3213; x_wconf 81' lang='lat' dir='ltr'><strong>volunt,</strong></span> <span class='ocrx_word' id='word_1_337' title='bbox 2138 3157 2199 3201; x_wconf 85' lang='lat' dir='ltr'><strong>ut</strong></span> <span class='ocrx_word' id='word_1_338' title='bbox 2233 3151 2489 3202; x_wconf 86' lang='lat' dir='ltr'><strong>decadem</strong></span> <span class='ocrx_word' id='word_1_339' title='bbox 2522 3153 2733 3203; x_wconf 77' lang='lat' dir='ltr'><strong>tertiam</strong></span> 
     </span>
     <span class='ocr_line' id='line_1_30' title="bbox 233 3235 2733 3304; baseline 0.001 -16"><span class='ocrx_word' id='word_1_340' title='bbox 233 3239 416 3304; x_wconf 80' lang='lat' dir='ltr'><strong>potius</strong></span> <span class='ocrx_word' id='word_1_341' title='bbox 469 3237 736 3301; x_wconf 81' lang='lat' dir='ltr'><strong>indicent,</strong></span> <span class='ocrx_word' id='word_1_342' title='bbox 792 3251 952 3303; x_wconf 84' lang='lat' dir='ltr'><strong>quam</strong></span> <span class='ocrx_word' id='word_1_343' title='bbox 1005 3239 1196 3288; x_wconf 80' lang='lat' dir='ltr'><strong>aetatis</strong></span> <span class='ocrx_word' id='word_1_344' title='bbox 1251 3252 1451 3288; x_wconf 88' lang='lat' dir='ltr'><strong>annum</strong></span> <span class='ocrx_word' id='word_1_345' title='bbox 1505 3235 1777 3288; x_wconf 85' lang='lat' dir='ltr'><strong>definiant.</strong></span> <span class='ocrx_word' id='word_1_346' title='bbox 1848 3237 2121 3288; x_wconf 86' lang='lat' dir='ltr'><strong>Particula</strong></span> <span class='ocrx_word' id='word_1_347' title='bbox 2174 3235 2295 3287; x_wconf 80' lang='grc' dir='ltr'>ὡσεὶ</span> <span class='ocrx_word' id='word_1_348' title='bbox 2342 3245 2403 3288; x_wconf 87' lang='lat' dir='ltr'><strong>ut</strong></span> <span class='ocrx_word' id='word_1_349' title='bbox 2448 3238 2733 3304; x_wconf 87' lang='lat' dir='ltr'><strong>plurimum</strong></span> 
     </span>
     <span class='ocr_line' id='line_1_31' title="bbox 235 3317 2733 3392; baseline 0.001 -18"><span class='ocrx_word' id='word_1_350' title='bbox 235 3317 564 3392; x_wconf 72' lang='grc' dir='ltr'>ἀποῤῥητυιὸν</span> <span class='ocrx_word' id='word_1_351' title='bbox 606 3339 724 3375; x_wconf 81' lang='lat' dir='ltr'><strong>esse</strong></span> <span class='ocrx_word' id='word_1_352' title='bbox 763 3324 922 3388; x_wconf 87' lang='lat' dir='ltr'><strong>solet,</strong></span> <span class='ocrx_word' id='word_1_353' title='bbox 971 3331 1026 3375; x_wconf 88' lang='lat' dir='ltr'><strong>et</strong></span> <span class='ocrx_word' id='word_1_354' title='bbox 1072 3324 1138 3374; x_wconf 88' lang='lat' dir='ltr'><strong>dc</strong></span> <span class='ocrx_word' id='word_1_355' title='bbox 1185 3325 1424 3390; x_wconf 86' lang='lat' dir='ltr'><strong>perfecto</strong></span> <span class='ocrx_word' id='word_1_356' title='bbox 1473 3323 1828 3390; x_wconf 84' lang='lat' dir='ltr'><strong>absolutoque</strong></span> <span class='ocrx_word' id='word_1_357' title='bbox 1879 3325 1959 3375; x_wconf 88' lang='lat' dir='ltr'><strong>rei</strong></span> <span class='ocrx_word' id='word_1_358' title='bbox 2007 3331 2148 3376; x_wconf 77' lang='lat' dir='ltr'><strong>sta-tu</strong></span> <span class='ocrx_word' id='word_1_359' title='bbox 2196 3325 2437 3377; x_wconf 88' lang='lat' dir='ltr'><strong>nonnihil</strong></span> <span class='ocrx_word' id='word_1_360' title='bbox 2478 3325 2733 3392; x_wconf 82' lang='lat' dir='ltr'><strong>detrahit3</strong></span> 
     </span>
     <span class='ocr_line' id='line_1_32' title="bbox 236 3409 2733 3478; baseline 0.001 -16"><span class='ocrx_word' id='word_1_361' title='bbox 236 3411 384 3478; x_wconf 84' lang='lat' dir='ltr'><strong>qnod</strong></span> <span class='ocrx_word' id='word_1_362' title='bbox 417 3413 600 3477; x_wconf 81' lang='lat' dir='ltr'><strong>ipsum</strong></span> <span class='ocrx_word' id='word_1_363' title='bbox 635 3411 794 3462; x_wconf 87' lang='lat' dir='ltr'><strong>docet</strong></span> <span class='ocrx_word' id='word_1_364' title='bbox 828 3409 1042 3462; x_wconf 75' lang='lat' dir='ltr'><strong>collatio</strong></span> <span class='ocrx_word' id='word_1_365' title='bbox 1077 3410 1265 3462; x_wconf 83' lang='lat' dir='ltr'><strong>Mattb.</strong></span> <span class='ocrx_word' id='word_1_366' title='bbox 1294 3413 1376 3472; x_wconf 91' lang='grc'><strong>17,</strong></span> <span class='ocrx_word' id='word_1_367' title='bbox 1405 3414 1451 3461; x_wconf 91' lang='grc'><strong>1.</strong></span> <span class='ocrx_word' id='word_1_368' title='bbox 1489 3427 1611 3460; x_wconf 90' lang='lat' dir='ltr'><strong>cum</strong></span> <span class='ocrx_word' id='word_1_369' title='bbox 1646 3411 1780 3461; x_wconf 90' lang='lat' dir='ltr'><strong>Luc.</strong></span> <span class='ocrx_word' id='word_1_370' title='bbox 1806 3414 1855 3472; x_wconf 89' lang='grc'><strong>9,</strong></span> <span class='ocrx_word' id='word_1_371' title='bbox 1882 3413 1993 3475; x_wconf 82' lang='grc'><strong>28.;</strong></span> <span class='ocrx_word' id='word_1_372' title='bbox 2032 3413 2157 3462; x_wconf 89' lang='lat' dir='ltr'><strong>item</strong></span> <span class='ocrx_word' id='word_1_373' title='bbox 2193 3413 2265 3462; x_wconf 89' lang='lat' dir='ltr'><strong>ib.</strong></span> <span class='ocrx_word' id='word_1_374' title='bbox 2300 3415 2350 3475; x_wconf 90' lang='grc'><strong>2,</strong></span> <span class='ocrx_word' id='word_1_375' title='bbox 2387 3414 2472 3462; x_wconf 93' lang='grc'><strong>21.</strong></span> <span class='ocrx_word' id='word_1_376' title='bbox 2521 3411 2573 3464; x_wconf 82' lang='lat' dir='ltr'><strong>S.</strong></span> <span class='ocrx_word' id='word_1_377' title='bbox 2600 3412 2733 3464; x_wconf 80' lang='lat' dir='ltr'><strong>Mat-</strong></span> 
     </span>
     <span class='ocr_line' id='line_1_33' title="bbox 235 3497 2733 3566; baseline 0 -16"><span class='ocrx_word' id='word_1_378' title='bbox 235 3499 430 3550; x_wconf 81' lang='lat' dir='ltr'><strong>thaeus</strong></span> <span class='ocrx_word' id='word_1_379' title='bbox 467 3499 504 3550; x_wconf 93' lang='lat' dir='ltr'><strong>l.</strong></span> <span class='ocrx_word' id='word_1_380' title='bbox 542 3498 577 3549; x_wconf 90' lang='lat'><strong>1.</strong></span> <span class='ocrx_word' id='word_1_381' title='bbox 627 3501 702 3550; x_wconf 87' lang='lat' dir='ltr'><strong>ait</strong></span> <span class='ocrx_word' id='word_1_382' title='bbox 745 3498 1010 3550; x_wconf 75' lang='lat' dir='ltr'><strong>Christum</strong></span> <span class='ocrx_word' id='word_1_383' title='bbox 1057 3499 1574 3566; x_wconf 80' lang='lat' dir='ltr'><strong>transfigurationem</strong></span> <span class='ocrx_word' id='word_1_384' title='bbox 1621 3513 1773 3549; x_wconf 87' lang='lat' dir='ltr'><strong>suam</strong></span> <span class='ocrx_word' id='word_1_385' title='bbox 1818 3497 2147 3565; x_wconf 80' lang='lat' dir='ltr'><strong>praedixisse</strong></span> <span class='ocrx_word' id='word_1_386' title='bbox 2192 3499 2423 3550; x_wconf 84' lang='lat' dir='ltr'><strong>futuram</strong></span> <span class='ocrx_word' id='word_1_387' title='bbox 2472 3506 2595 3565; x_wconf 85' lang='lat' dir='ltr'><strong>post</strong></span> <span class='ocrx_word' id='word_1_388' title='bbox 2640 3515 2733 3552; x_wconf 87' lang='lat' dir='ltr'><strong>sex</strong></span> 
     </span>
     <span class='ocr_line' id='line_1_34' title="bbox 239 3583 2737 3656; baseline 0 -20"><span class='ocrx_word' id='word_1_389' title='bbox 239 3587 384 3650; x_wconf 65' lang='grc' dir='ltr'><strong>ἀίεις</strong></span> <span class='ocrx_word' id='word_1_390' title='bbox 423 3602 548 3638; x_wconf 86' lang='lat' dir='ltr'><strong>cum</strong></span> <span class='ocrx_word' id='word_1_391' title='bbox 595 3591 776 3638; x_wconf 85' lang='lat' dir='ltr'><strong>tamen</strong></span> <span class='ocrx_word' id='word_1_392' title='bbox 813 3586 1036 3637; x_wconf 81' lang='lat' dir='ltr'><strong>eandem</strong></span> <span class='ocrx_word' id='word_1_393' title='bbox 1081 3602 1192 3636; x_wconf 90' lang='lat' dir='ltr'><strong>rem</strong></span> <span class='ocrx_word' id='word_1_394' title='bbox 1229 3600 1451 3638; x_wconf 82' lang='lat' dir='ltr'><strong>narrans</strong></span> <span class='ocrx_word' id='word_1_395' title='bbox 1488 3604 1528 3637; x_wconf 86' lang='lat' dir='ltr'><strong>s.</strong></span> <span class='ocrx_word' id='word_1_396' title='bbox 1554 3587 1735 3638; x_wconf 84' lang='lat' dir='ltr'><strong>Lucas</strong></span> <span class='ocrx_word' id='word_1_397' title='bbox 1772 3585 1826 3636; x_wconf 87' lang='lat' dir='ltr'><strong>id</strong></span> <span class='ocrx_word' id='word_1_398' title='bbox 1863 3587 2151 3652; x_wconf 77' lang='lat' dir='ltr'><strong>contigisse</strong></span> <span class='ocrx_word' id='word_1_399' title='bbox 2188 3587 2333 3636; x_wconf 85' lang='lat' dir='ltr'><strong>dicat</strong></span> <span class='ocrx_word' id='word_1_400' title='bbox 2366 3583 2525 3649; x_wconf 68' lang='lat' dir='ltr'><strong>„cbo-si</strong></span> <span class='ocrx_word' id='word_1_401' title='bbox 2558 3585 2737 3656; x_wconf 76' lang='grc' dir='ltr'>ἡμέραι</span> 
     </span>
     <span class='ocr_line' id='line_1_35' title="bbox 237 3669 2733 3741; baseline 0 -16"><span class='ocrx_word' id='word_1_402' title='bbox 237 3669 434 3736; x_wconf 71' lang='grc' dir='ltr'><strong>ὂκτὼ“;</strong></span> <span class='ocrx_word' id='word_1_403' title='bbox 473 3681 598 3741; x_wconf 81' lang='lat' dir='ltr'><strong>post</strong></span> <span class='ocrx_word' id='word_1_404' title='bbox 629 3674 730 3726; x_wconf 84' lang='lat' dir='ltr'><strong>bos</strong></span> <span class='ocrx_word' id='word_1_405' title='bbox 765 3689 1038 3726; x_wconf 73' lang='lat' dir='ltr'><strong>sermones</strong></span> <span class='ocrx_word' id='word_1_406' title='bbox 1060 3675 1126 3724; x_wconf 89' lang='lat' dir='ltr'><strong>V.</strong></span> <span class='ocrx_word' id='word_1_407' title='bbox 1163 3679 1288 3740; x_wconf 81' lang='lat' dir='ltr'><strong>post</strong></span> <span class='ocrx_word' id='word_1_408' title='bbox 1321 3674 1454 3725; x_wconf 86' lang='lat' dir='ltr'><strong>haec</strong></span> <span class='ocrx_word' id='word_1_409' title='bbox 1491 3675 1658 3724; x_wconf 81' lang='lat' dir='ltr'><strong>verba</strong></span> <span class='ocrx_word' id='word_1_410' title='bbox 1696 3674 1839 3736; x_wconf 84' lang='lat' dir='ltr'><strong>„fere</strong></span> <span class='ocrx_word' id='word_1_411' title='bbox 1876 3673 1992 3724; x_wconf 84' lang='lat' dir='ltr'><strong>dies</strong></span> <span class='ocrx_word' id='word_1_412' title='bbox 2028 3677 2197 3724; x_wconf 77' lang='lat' dir='ltr'><strong>octo-‘⁶</strong></span> <span class='ocrx_word' id='word_1_413' title='bbox 2256 3673 2410 3724; x_wconf 84' lang='lat' dir='ltr'><strong>Haec</strong></span> <span class='ocrx_word' id='word_1_414' title='bbox 2434 3675 2529 3740; x_wconf 85' lang='lat' dir='ltr'><strong>qui</strong></span> <span class='ocrx_word' id='word_1_415' title='bbox 2564 3675 2733 3739; x_wconf 89' lang='lat' dir='ltr'><strong>probe</strong></span> 
     </span>
     <span class='ocr_line' id='line_1_36' title="bbox 238 3758 2733 3828; baseline 0 -15"><span class='ocrx_word' id='word_1_416' title='bbox 238 3761 588 3828; x_wconf 84' lang='lat' dir='ltr'><strong>perpenderit</strong></span> <span class='ocrx_word' id='word_1_417' title='bbox 621 3762 748 3812; x_wconf 84' lang='lat' dir='ltr'><strong>hnic</strong></span> <span class='ocrx_word' id='word_1_418' title='bbox 771 3762 1180 3828; x_wconf 68' lang='lat' dir='ltr'><strong>persuadebitur</strong></span> <span class='ocrx_word' id='word_1_419' title='bbox 1207 3761 1523 3826; x_wconf 79' lang='lat' dir='ltr'><strong>particulam</strong></span> <span class='ocrx_word' id='word_1_420' title='bbox 1547 3758 1671 3812; x_wconf 79' lang='grc' dir='ltr'><strong>ὡσεὶ</strong></span> <span class='ocrx_word' id='word_1_421' title='bbox 1691 3777 1801 3812; x_wconf 87' lang='lat' dir='ltr'><strong>uon</strong></span> <span class='ocrx_word' id='word_1_422' title='bbox 1824 3761 1895 3812; x_wconf 87' lang='lat' dir='ltr'><strong>ad</strong></span> <span class='ocrx_word' id='word_1_423' title='bbox 1919 3767 2263 3826; x_wconf 76' lang='lat' dir='ltr'><strong>augmentum</strong></span> <span class='ocrx_word' id='word_1_424' title='bbox 2298 3761 2445 3827; x_wconf 81' lang='lat' dir='ltr'><strong>apud</strong></span> <span class='ocrx_word' id='word_1_425' title='bbox 2466 3777 2509 3812; x_wconf 87' lang='lat' dir='ltr'><strong>s.</strong></span> <span class='ocrx_word' id='word_1_426' title='bbox 2527 3761 2733 3812; x_wconf 86' lang='lat' dir='ltr'><strong>Lucam</strong></span> 
     </span>
     <span class='ocr_line' id='line_1_37' title="bbox 239 3847 2729 3916; baseline 0 -16"><span class='ocrx_word' id='word_1_427' title='bbox 239 3849 436 3912; x_wconf 82' lang='lat' dir='ltr'><strong>valere,</strong></span> <span class='ocrx_word' id='word_1_428' title='bbox 473 3849 640 3916; x_wconf 88' lang='lat' dir='ltr'><strong>idque</strong></span> <span class='ocrx_word' id='word_1_429' title='bbox 669 3851 980 3902; x_wconf 82' lang='lat' dir='ltr'><strong>innuentem</strong></span> <span class='ocrx_word' id='word_1_430' title='bbox 1003 3848 1270 3914; x_wconf 77' lang='lat' dir='ltr'><strong>Vulgatae</strong></span> <span class='ocrx_word' id='word_1_431' title='bbox 1305 3853 1576 3900; x_wconf 84' lang='lat' dir='ltr'><strong>auctorem</strong></span> <span class='ocrx_word' id='word_1_432' title='bbox 1615 3865 1725 3899; x_wconf 87' lang='lat' dir='ltr'><strong>non</strong></span> <span class='ocrx_word' id='word_1_433' title='bbox 1762 3850 1933 3914; x_wconf 87' lang='lat' dir='ltr'><strong>quasi,</strong></span> <span class='ocrx_word' id='word_1_434' title='bbox 1971 3847 2067 3900; x_wconf 86' lang='lat' dir='ltr'><strong>sed</strong></span> <span class='ocrx_word' id='word_1_435' title='bbox 2106 3848 2281 3911; x_wconf 81' lang='lat' dir='ltr'><strong>„fere“</strong></span> <span class='ocrx_word' id='word_1_436' title='bbox 2320 3850 2397 3901; x_wconf 90' lang='lat' dir='ltr'><strong>ibi</strong></span> <span class='ocrx_word' id='word_1_437' title='bbox 2426 3848 2535 3900; x_wconf 86' lang='lat' dir='ltr'><strong>loci</strong></span> <span class='ocrx_word' id='word_1_438' title='bbox 2568 3865 2729 3916; x_wconf 85' lang='lat' dir='ltr'><strong>posn-</strong></span> 
     </span>
     <span class='ocr_line' id='line_1_38' title="bbox 237 3931 2735 4002; baseline 0 -17"><span class='ocrx_word' id='word_1_439' title='bbox 237 3938 362 3988; x_wconf 81' lang='lat' dir='ltr'><strong>isse.</strong></span> <span class='ocrx_word' id='word_1_440' title='bbox 429 3937 568 3999; x_wconf 75' lang='lat' dir='ltr'><strong>Quis</strong></span> <span class='ocrx_word' id='word_1_441' title='bbox 613 3938 756 3988; x_wconf 88' lang='lat' dir='ltr'><strong>enim</strong></span> <span class='ocrx_word' id='word_1_442' title='bbox 803 3953 912 3988; x_wconf 88' lang='lat' dir='ltr'><strong>non</strong></span> <span class='ocrx_word' id='word_1_443' title='bbox 959 3937 1104 3987; x_wconf 83' lang='lat' dir='ltr'><strong>videt</strong></span> <span class='ocrx_word' id='word_1_444' title='bbox 1147 3936 1262 3986; x_wconf 78' lang='lat' dir='ltr'><strong>fore</strong></span> <span class='ocrx_word' id='word_1_445' title='bbox 1307 3941 1368 3986; x_wconf 88' lang='lat' dir='ltr'><strong>ut</strong></span> <span class='ocrx_word' id='word_1_446' title='bbox 1410 3935 1557 3987; x_wconf 87' lang='lat' dir='ltr'><strong>haud</strong></span> <span class='ocrx_word' id='word_1_447' title='bbox 1599 3942 1785 4002; x_wconf 87' lang='lat' dir='ltr'><strong>posset</strong></span> <span class='ocrx_word' id='word_1_448' title='bbox 1828 3952 1871 3986; x_wconf 87' lang='lat' dir='ltr'><strong>s.</strong></span> <span class='ocrx_word' id='word_1_449' title='bbox 1898 3936 2079 3987; x_wconf 80' lang='lat' dir='ltr'><strong>Lucas</strong></span> <span class='ocrx_word' id='word_1_450' title='bbox 2127 3935 2391 3988; x_wconf 85' lang='lat' dir='ltr'><strong>affirmare</strong></span> <span class='ocrx_word' id='word_1_451' title='bbox 2439 3932 2561 3987; x_wconf 82' lang='grc' dir='ltr'><strong>ὡσεὶ</strong></span> <span class='ocrx_word' id='word_1_452' title='bbox 2604 3931 2735 3986; x_wconf 81' lang='grc' dir='ltr'>ὀκτὼ</span> 
     </span>
     <span class='ocr_line' id='line_1_39' title="bbox 237 4021 2737 4092; baseline 0 -17"><span class='ocrx_word' id='word_1_453' title='bbox 237 4021 422 4092; x_wconf 73' lang='grc' dir='ltr'>ἡμέρας</span> <span class='ocrx_word' id='word_1_454' title='bbox 457 4025 768 4076; x_wconf 82' lang='lat' dir='ltr'><strong>interiectos</strong></span> <span class='ocrx_word' id='word_1_455' title='bbox 802 4025 968 4076; x_wconf 82' lang='lat' dir='ltr'><strong>fuisse</strong></span> <span class='ocrx_word' id='word_1_456' title='bbox 1003 4025 1142 4075; x_wconf 86' lang='lat' dir='ltr'><strong>inter</strong></span> <span class='ocrx_word' id='word_1_457' title='bbox 1167 4023 1364 4074; x_wconf 73' lang='lat' dir='ltr'><strong>Christi</strong></span> <span class='ocrx_word' id='word_1_458' title='bbox 1387 4037 1661 4074; x_wconf 85' lang='lat' dir='ltr'><strong>sermones</strong></span> <span class='ocrx_word' id='word_1_459' title='bbox 1696 4029 1859 4090; x_wconf 85' lang='lat' dir='ltr'><strong>atque</strong></span> <span class='ocrx_word' id='word_1_460' title='bbox 1892 4022 2429 4089; x_wconf 73' lang='lat' dir='ltr'><strong>transfigurationem,</strong></span> <span class='ocrx_word' id='word_1_461' title='bbox 2468 4025 2515 4074; x_wconf 88' lang='lat' dir='ltr'><strong>si</strong></span> <span class='ocrx_word' id='word_1_462' title='bbox 2548 4038 2737 4075; x_wconf 80' lang='lat' dir='ltr'><strong>revera</strong></span> 
     </span>
     <span class='ocr_line' id='line_1_40' title="bbox 237 4105 2735 4179; baseline -0.002 -15"><span class='ocrx_word' id='word_1_463' title='bbox 237 4115 288 4164; x_wconf 85' lang='grc'><strong>3.</strong></span> <span class='ocrx_word' id='word_1_464' title='bbox 323 4111 414 4162; x_wconf 82' lang='lat' dir='ltr'><strong>vel</strong></span> <span class='ocrx_word' id='word_1_465' title='bbox 437 4114 492 4162; x_wconf 78' lang='lat'><strong>4.</strong></span> <span class='ocrx_word' id='word_1_466' title='bbox 517 4113 767 4178; x_wconf 72' lang='lat' dir='ltr'><strong>insuper-3</strong></span> <span class='ocrx_word' id='word_1_467' title='bbox 803 4113 840 4161; x_wconf 84' lang='lat' dir='ltr'><strong>i.</strong></span> <span class='ocrx_word' id='word_1_468' title='bbox 865 4127 914 4162; x_wconf 86' lang='lat' dir='ltr'><strong>e.</strong></span> <span class='ocrx_word' id='word_1_469' title='bbox 954 4113 1035 4161; x_wconf 87' lang='lat'><strong>11.</strong></span> <span class='ocrx_word' id='word_1_470' title='bbox 1073 4116 1168 4162; x_wconf 85' lang='lat' dir='ltr'><strong>aut</strong></span> <span class='ocrx_word' id='word_1_471' title='bbox 1204 4113 1286 4162; x_wconf 91' lang='grc'><strong>12.</strong></span> <span class='ocrx_word' id='word_1_472' title='bbox 1321 4111 1755 4163; x_wconf 79' lang='lat' dir='ltr'><strong>interfluxissent.</strong></span> <span class='ocrx_word' id='word_1_473' title='bbox 1826 4110 2057 4162; x_wconf 88' lang='lat' dir='ltr'><strong>Proinde</strong></span> <span class='ocrx_word' id='word_1_474' title='bbox 2092 4112 2431 4176; x_wconf 81' lang='lat' dir='ltr'><strong>participium</strong></span> <span class='ocrx_word' id='word_1_475' title='bbox 2464 4105 2735 4179; x_wconf 57' lang='grc' dir='ltr'>ἀρχόμενος</span> 
     </span>
     <span class='ocr_line' id='line_1_41' title="bbox 237 4197 2733 4264; baseline -0.001 -14"><span class='ocrx_word' id='word_1_476' title='bbox 237 4201 452 4250; x_wconf 85' lang='lat' dir='ltr'><strong>minime</strong></span> <span class='ocrx_word' id='word_1_477' title='bbox 491 4198 766 4264; x_wconf 85' lang='lat' dir='ltr'><strong>expletum</strong></span> <span class='ocrx_word' id='word_1_478' title='bbox 801 4203 894 4250; x_wconf 88' lang='lat' dir='ltr'><strong>aut</strong></span> <span class='ocrx_word' id='word_1_479' title='bbox 925 4197 1234 4249; x_wconf 85' lang='lat' dir='ltr'><strong>inchoatum</strong></span> <span class='ocrx_word' id='word_1_480' title='bbox 1273 4198 1609 4248; x_wconf 87' lang='lat' dir='ltr'><strong>tricenarium</strong></span> <span class='ocrx_word' id='word_1_481' title='bbox 1648 4198 2001 4262; x_wconf 56' lang='lat' dir='ltr'><strong>demonstran</strong></span> <span class='ocrx_word' id='word_1_482' title='bbox 2044 4197 2142 4248; x_wconf 88' lang='lat' dir='ltr'><strong>sed</strong></span> <span class='ocrx_word' id='word_1_483' title='bbox 2178 4197 2246 4248; x_wconf 83' lang='lat' dir='ltr'><strong>ad</strong></span> <span class='ocrx_word' id='word_1_484' title='bbox 2284 4197 2491 4248; x_wconf 87' lang='lat' dir='ltr'><strong>initium</strong></span> <span class='ocrx_word' id='word_1_485' title='bbox 2527 4197 2733 4263; x_wconf 87' lang='lat' dir='ltr'><strong>praedi-</strong></span> 
     </span>
     <span class='ocr_line' id='line_1_42' title="bbox 237 4281 2739 4354; baseline -0.001 -16"><span class='ocrx_word' id='word_1_486' title='bbox 237 4287 468 4338; x_wconf 77' lang='lat' dir='ltr'><strong>cationis</strong></span> <span class='ocrx_word' id='word_1_487' title='bbox 503 4287 622 4337; x_wconf 81' lang='lat' dir='ltr'><strong>sive</strong></span> <span class='ocrx_word' id='word_1_488' title='bbox 659 4287 747 4348; x_wconf 81' lang='grc' dir='ltr'><strong>τῆς</strong></span> <span class='ocrx_word' id='word_1_489' title='bbox 777 4281 1050 4354; x_wconf 73' lang='grc' dir='ltr'>’ἐπιφανείας</span> <span class='ocrx_word' id='word_1_490' title='bbox 1085 4286 1348 4351; x_wconf 78' lang='lat' dir='ltr'><strong>pertinet3</strong></span> <span class='ocrx_word' id='word_1_491' title='bbox 1387 4285 1515 4352; x_wconf 91' lang='lat' dir='ltr'><strong>quia</strong></span> <span class='ocrx_word' id='word_1_492' title='bbox 1537 4291 1659 4351; x_wconf 88' lang='lat' dir='ltr'><strong>post</strong></span> <span class='ocrx_word' id='word_1_493' title='bbox 1682 4285 2017 4350; x_wconf 83' lang='lat' dir='ltr'><strong>baptismum,</strong></span> <span class='ocrx_word' id='word_1_494' title='bbox 2056 4285 2147 4350; x_wconf 89' lang='lat' dir='ltr'><strong>qui</strong></span> <span class='ocrx_word' id='word_1_495' title='bbox 2171 4284 2431 4334; x_wconf 81' lang='lat' dir='ltr'><strong>hactenus</strong></span> <span class='ocrx_word' id='word_1_496' title='bbox 2456 4283 2739 4336; x_wconf 85' lang='lat' dir='ltr'><strong>delituerat</strong></span> 
     </span>
     <span class='ocr_line' id='line_1_43' title="bbox 237 4371 1639 4439; baseline -0.001 -15"><span class='ocrx_word' id='word_1_497' title='bbox 237 4371 502 4435; x_wconf 81' lang='lat' dir='ltr'><strong>Salvator,</strong></span> <span class='ocrx_word' id='word_1_498' title='bbox 540 4374 598 4423; x_wconf 89' lang='lat' dir='ltr'><strong>in</strong></span> <span class='ocrx_word' id='word_1_499' title='bbox 637 4377 878 4438; x_wconf 86' lang='lat' dir='ltr'><strong>apertum</strong></span> <span class='ocrx_word' id='word_1_500' title='bbox 913 4371 1195 4438; x_wconf 86' lang='lat' dir='ltr'><strong>lucemque</strong></span> <span class='ocrx_word' id='word_1_501' title='bbox 1229 4373 1441 4438; x_wconf 89' lang='lat' dir='ltr'><strong>prodire</strong></span> <span class='ocrx_word' id='word_1_502' title='bbox 1478 4373 1639 4439; x_wconf 89' lang='lat' dir='ltr'><strong>cepit.</strong></span> 
     </span>
    </p>

    <p class='ocr_par' dir='ltr' id='par_1_5' title="bbox 451 4457 2736 4526">
     <span class='ocr_line' id='line_1_44' title="bbox 451 4457 2736 4526; baseline 0 -16"><span class='ocrx_word' id='word_1_503' title='bbox 451 4461 490 4525; x_wconf 89' lang='lat'><strong>¹)</strong></span> <span class='ocrx_word' id='word_1_504' title='bbox 528 4461 676 4510; x_wconf 83' lang='lat' dir='ltr'><strong>Patr.</strong></span> <span class='ocrx_word' id='word_1_505' title='bbox 696 4459 878 4525; x_wconf 78' lang='lat' dir='ltr'><strong>Apost.</strong></span> <span class='ocrx_word' id='word_1_506' title='bbox 905 4459 988 4510; x_wconf 89' lang='lat' dir='ltr'><strong>ed.</strong></span> <span class='ocrx_word' id='word_1_507' title='bbox 1012 4458 1064 4510; x_wconf 86' lang='lat' dir='ltr'><strong>J.</strong></span> <span class='ocrx_word' id='word_1_508' title='bbox 1091 4457 1286 4510; x_wconf 86' lang='lat' dir='ltr'><strong>Clerici</strong></span> <span class='ocrx_word' id='word_1_509' title='bbox 1311 4459 1403 4510; x_wconf 84' lang='lat' dir='ltr'><strong>alt.</strong></span> <span class='ocrx_word' id='word_1_510' title='bbox 1427 4458 1647 4510; x_wconf 80' lang='lat' dir='ltr'><strong>Amstel.</strong></span> <span class='ocrx_word' id='word_1_511' title='bbox 1675 4460 1825 4510; x_wconf 81' lang='grc'><strong>1724.</strong></span> <span class='ocrx_word' id='word_1_512' title='bbox 1864 4459 1933 4520; x_wconf 91' lang='lat'><strong>11,</strong></span> <span class='ocrx_word' id='word_1_513' title='bbox 1962 4460 2045 4510; x_wconf 81' lang='lat'><strong>65.</strong></span> <span class='ocrx_word' id='word_1_514' title='bbox 2094 4458 2201 4509; x_wconf 87' lang='lat' dir='ltr'><strong>Sed</strong></span> <span class='ocrx_word' id='word_1_515' title='bbox 2238 4465 2557 4526; x_wconf 83' lang='lat' dir='ltr'><strong>expunctum</strong></span> <span class='ocrx_word' id='word_1_516' title='bbox 2594 4459 2736 4510; x_wconf 88' lang='lat' dir='ltr'><strong>bunc</strong></span> 
     </span>
    </p>
   </div>
   <div class='ocr_carea' id='block_1_5' title="bbox 239 4545 2733 4704">
    <p class='ocr_par' dir='ltr' id='par_1_6' title="bbox 239 4545 2733 4704">
     <span class='ocr_line' id='line_1_45' title="bbox 239 4545 2733 4614; baseline 0 -18"><span class='ocrx_word' id='word_1_517' title='bbox 239 4546 412 4598; x_wconf 86' lang='lat' dir='ltr'><strong>locum</strong></span> <span class='ocrx_word' id='word_1_518' title='bbox 450 4547 646 4598; x_wconf 80' lang='lat' dir='ltr'><strong>volunt</strong></span> <span class='ocrx_word' id='word_1_519' title='bbox 679 4548 846 4597; x_wconf 83' lang='lat' dir='ltr'><strong>nostri</strong></span> <span class='ocrx_word' id='word_1_520' title='bbox 889 4547 1144 4612; x_wconf 83' lang='lat' dir='ltr'><strong>temporis</strong></span> <span class='ocrx_word' id='word_1_521' title='bbox 1181 4545 1391 4597; x_wconf 79' lang='lat' dir='ltr'><strong>critici!</strong></span> <span class='ocrx_word' id='word_1_522' title='bbox 1467 4545 1507 4604; x_wconf 77' lang='lat'><strong>²)</strong></span> <span class='ocrx_word' id='word_1_523' title='bbox 1554 4546 1618 4598; x_wconf 90' lang='lat' dir='ltr'><strong>In</strong></span> <span class='ocrx_word' id='word_1_524' title='bbox 1658 4545 1945 4610; x_wconf 84' lang='lat' dir='ltr'><strong>Chronico,</strong></span> <span class='ocrx_word' id='word_1_525' title='bbox 1996 4547 2283 4614; x_wconf 83' lang='lat' dir='ltr'><strong>interprete</strong></span> <span class='ocrx_word' id='word_1_526' title='bbox 2318 4560 2363 4598; x_wconf 82' lang='lat' dir='ltr'><strong>s.</strong></span> <span class='ocrx_word' id='word_1_527' title='bbox 2387 4546 2733 4612; x_wconf 81' lang='lat' dir='ltr'><strong>Hieronymo.</strong></span> 
     </span>
     <span class='ocr_line' id='line_1_46' title="bbox 239 4633 1189 4704; baseline 0.001 -20"><span class='ocrx_word' id='word_1_528' title='bbox 239 4634 340 4704; x_wconf 84' lang='lat' dir='ltr'><strong>Op.</strong></span> <span class='ocrx_word' id='word_1_529' title='bbox 376 4635 460 4686; x_wconf 85' lang='lat' dir='ltr'><strong>ed.</strong></span> <span class='ocrx_word' id='word_1_530' title='bbox 501 4633 758 4686; x_wconf 70' lang='lat' dir='ltr'><strong>vallarsii</strong></span> <span class='ocrx_word' id='word_1_531' title='bbox 795 4633 941 4697; x_wconf 86' lang='lat' dir='ltr'><strong>VIII,</strong></span> <span class='ocrx_word' id='word_1_532' title='bbox 979 4649 1028 4685; x_wconf 87' lang='lat' dir='ltr'><strong>a.</strong></span> <span class='ocrx_word' id='word_1_533' title='bbox 1069 4635 1189 4686; x_wconf 78' lang='lat'><strong>646.</strong></span> 
     </span>
    </p>
   </div>
  </div>
 </body>
</html>
