3267 5259
542 370 670 436 104
1220 380 1337 423 nint.
1364 380 1471 421 nov.
1501 379 1593 423 aiv.
1618 380 1674 422 n.
1693 380 1743 420 r.
1771 378 1940 421 sorios.
1969 379 2006 420 1.
2025 390 2121 429 οη.
2149 378 2350 420 alierum.

538 558 849 623 lotionem
892 556 1018 621 hac
1062 556 1207 620 vice
1252 556 1543 641 requiro,
1592 576 1758 640 quos
1806 554 2004 619 etiam
2055 552 2517 617 mundissimus
2573 553 2847 637 quisque
2895 573 3021 615 sor-

542 669 727 735 didos
788 667 989 733 habet
1013 672 1051 733 ¹.
1126 668 1231 733 Ea
1289 678 1507 733 autem
1570 666 1844 732 lotione·
1875 676 2182 753 peracta,
2247 665 2445 731 Jesus
2507 666 2734 729 sumtis
2791 666 3022 730 iterum

538 780 829 847 vestibus
876 781 1193 863 externis,
1241 802 1403 865 quas
1450 788 1601 843 ante
1647 777 1960 844 lotionem
2005 776 2430 865 deposuerat,
2485 799 2754 842 mensae
2807 800 3024 841 rursus

542 893 876 977 accubuit,
938 902 1135 979 atque
1192 914 1458 957 causam
1524 891 1813 977 aperuit,
1876 914 1994 955 cur
2057 890 2144 955 ad
2196 890 2402 978 pedes
2465 912 2674 975 usque
2741 892 3024 977 ipsorum

537 1006 888 1089 lavandos,
920 1028 1065 1071 sese
1098 1004 1480 1069 demisisset.
1534 1004 1848 1087 ,Vestros,
1880 1005 2123 1089 inquit,
2159 1026 2282 1088 ego
2315 1002 2445 1067 lavi
2475 1002 2685 1089 pedes
2709 1003 3026 1067 Dominus

542 1132 608 1187 et
648 1120 1017 1205 Magister‘:
1076 1117 1253 1205 quod
1304 1117 1619 1203 Magister
1675 1126 1744 1181 et
1797 1116 2123 1181 Dominus
2177 1118 2383 1181 servis
2437 1118 2570 1179 suis
2629 1116 2820 1198 fecit,
2873 1113 3026 1179 illud

542 1232 839 1320 discipuli
870 1243 935 1296 et
966 1233 1135 1296 servi
1167 1229 1367 1295 multo
1398 1232 1607 1315 magis
1639 1230 1922 1293 invicem
1967 1228 2190 1293 facere
2239 1227 2485 1293 debent
2501 1230 2546 1293 2.
2611 1228 2782 1293 Cum
2811 1238 3025 1292 autem

539 1355 767 1411 notum
828 1344 1025 1409 fuerit
1079 1342 1421 1425 Salvatori,
1452 1343 1950 1429 promissionem
2009 1342 2284 1428 praemii
2342 1363 2486 1406 esse
2541 1343 2900 1405 maximum
2945 1340 3027 1404 ad

542 1459 867 1522 actionem
902 1456 1183 1543 aliquam
1217 1454 1700 1543 suscipiendam
1733 1464 2190 1541 argumentum
2217 1464 2283 1519 et
2303 1456 2820 1537 incitamentum,
2844 1453 3028 1519 ide0³

544 1572 853 1635 certiores
897 1568 1253 1656 Apostolos
1297 1569 1475 1651 facit,
1510 1568 1690 1655 quod
1717 1570 1783 1631 in
1829 1570 2194 1655 praemium
2239 1569 2478 1633 amoris
2525 1578 2591 1632 et
2636 1566 3027 1647 humilitatis,

539 1684 873 1767 regnaturi
920 1691 1141 1747 essent
1186 1704 1336 1746 cum
1380 1681 1487 1745 illo
1510 1686 1554 1746 ⁴.

540 1964 599 2043 ξ.
632 1964 736 2028 24.
782 1960 1016 2025 Jesus
1064 1958 1425 2023 Christus
1473 1956 2065 2023 Sacramentum
2114 1959 2468 2044 corporis
2511 1966 2586 2021 et
2621 1959 3032 2045 sanguinis

1538 2071 1653 2135 sui
1700 2070 2073 2135 instituit.

748 2262 841 2326 Ut
886 2262 1177 2327 Christus
1220 2270 1497 2327 mortem
1544 2282 1748 2343 suam,
1797 2282 1966 2345 quae
2020 2260 2310 2325 fidelium
2354 2262 2491 2325 vita
2537 2273 2656 2343 est,
2705 2261 3034 2348 discipulis

542 2379 673 2441 suis
719 2398 917 2463 saepe
961 2375 1309 2461 praedixit,
1340 2376 1432 2439 ita
1476 2372 1666 2439 simul
1713 2376 1904 2457 cavit,
1935 2398 2020 2439 ne
2053 2378 2191 2439 eius
2232 2376 2551 2439 memoria
2593 2384 2746 2461 post
2789 2374 3035 2439 abitum

542 2514 732 2555 suum
782 2490 1168 2555 elaberetur.
1244 2489 1420 2553 Hinc
1464 2492 1533 2553 in
1579 2498 1876 2553 extrema
1923 2511 2158 2570 coena,
2209 2510 2404 2573 quam
2467 2510 2616 2551 cum
2660 2486 2783 2551 illis
2829 2486 2930 2551 his
2973 2488 3036 2549 in

542 2606 728 2669 terris
810 2605 969 2688 egit,
1046 2602 1201 2667 illud
1260 2601 1758 2667 Sacramentum
1835 2601 2166 2667 ineffabile
2237 2603 2540 2683 instituit,
2607 2603 2677 2664 in
2733 2622 2863 2685 quo
2921 2622 3038 2685 per

543 2714 1333 2780 transsubstantiationem
1376 2718 1564 2801 panis
1610 2726 1678 2779 et
1721 2718 1943 2780 vinum
1987 2715 2061 2779 fit
2105 2737 2258 2779 caro
2319 2724 2386 2778 et
2439 2714 2704 2798 sanguis
2747 2712 3036 2793 Domini,

542 2830 755 2913 ipsum
801 2827 963 2893 Jesu
1010 2827 1247 2891 Christi
1280 2850 1517 2914 corpus
1564 2827 1683 2892 sub
1728 2836 2004 2914 utraque
2053 2830 2273 2914 specie
2320 2830 2666 2911 integrum.
2737 2822 2930 2888 Tunc
2977 2834 3040 2887 et

544 2938 865 3027 Apostoli,
899 2963 1047 3004 cum
1076 2942 1229 3027 ipsis
1263 2939 1564 3005 Salvator
1592 2943 1952 3027 praecepit,
1985 2940 2270 3027 idipsum
2307 2939 2530 3005 facere
2561 2941 2630 3003 in
2662 2940 2760 3003 sui
2792 2960 3038 3002 memo-

545 3055 728 3134 riam,
776 3051 1151 3117 sacerdotes
1206 3062 1357 3117 sunt
1400 3052 1557 3117 facti
1602 3053 1682 3117 N.
1726 3052 1825 3135 Τ.,
1873 3064 2070 3138 atque
2117 3055 2331 3139 ipsum
2391 3052 2812 3134 sacrificium,
2863 3048 3041 3137 quod

548 3166 892 3247 offerrent,
964 3174 1062 3228 est
1138 3164 1525 3229 ordinatum.
1630 3164 1711 3228 Id
1788 3164 2124 3251 Apostoli,
2194 3164 2262 3229 id
2323 3164 2590 3228 Patres.
2633 3186 2898 3246 omnes,
2976 3162 3043 3225 id

543 3277 803 3342 traditio
852 3275 1313 3359 ecclesiastica,
1350 3287 1414 3341 et
1442 3275 1607 3341 fides
1641 3275 1723 3340 ab
1773 3276 2044 3342 exordio
2086 3280 2416 3342 nascentis
2461 3276 2804 3342 Ecclesiae
2853 3298 3042 3362 prae-

546 3390 807 3473 dicavit,
858 3400 923 3454 et
966 3388 1283 3454 hactenus
1329 3389 1619 3475 profiteri
1665 3412 1798 3454 non
1845 3389 2079 3455 desinit
2099 3394 2140 3453 ⁵.

759 3590 796 3655 ¹)
833 3590 919 3639 Ex
942 3590 1026 3640 his
1059 3592 1189 3656 ipsis
1224 3590 1402 3641 verbis
1440 3592 1577 3640 inter
1603 3589 1657 3640 S.
1685 3590 1738 3639 S.
1765 3596 2206 3641 commentatores
2233 3596 2349 3641 orta
2373 3594 2458 3641 est
2482 3592 2742 3657 quaestio,
2771 3591 3042 3656 quomodo

545 3682 688 3728 totus
726 3677 956 3726 mundus
993 3681 1088 3740 est,
1117 3678 1208 3742 qui
1232 3677 1450 3742 indiget,
1487 3682 1548 3726 ut
1584 3678 1749 3743 pedes
1785 3678 1966 3727 lavet?
2017 3677 2219 3743 Mag-na
2251 3692 2379 3743 pars
2415 3678 2668 3727 Veterum
2703 3679 3042 3744 scriptorum,

544 3780 640 3830 per
676 3778 793 3813 eam
828 3762 1105 3824 lotionem,
1146 3778 1255 3828 qua
1292 3762 1531 3813 Christus
1569 3763 1856 3829 Apostolos
1893 3764 2032 3814 lotos
2071 3780 2190 3815 esse
2226 3764 2380 3826 dicit,
2427 3764 2839 3829 Baptismum
2885 3765 3044 3813 intel-

544 3852 815 3913 lexerunt3
856 3865 961 3915 quo
1009 3850 1101 3916 qui
1148 3849 1313 3900 semel
1356 3850 1571 3901 ablutus
1617 3855 1780 3913 esset,
1819 3866 1942 3900 eum
1985 3865 2094 3900 non
2143 3850 2338 3901 debere
2384 3852 2576 3901 iterum
2611 3851 2909 3917 baptizari,
2949 3852 3048 3901 sed

544 3938 799 3988 mundum
836 3951 955 3986 esse
993 3940 1175 3999 totum,
1214 3937 1317 3987 nisi
1354 3936 1489 3986 forte
1526 3935 1732 4002 aliquid
1769 3936 2002 3987 sordium
2039 3936 2268 4002 pedibus
2306 3940 2638 3987 accessisset.
2688 3938 2884 4003 Itaque
2919 3938 3049 3987 hinc

544 4024 805 4091 colligunt
822 4023 1107 4089 Apostolos
1136 4024 1283 4089 prius
1310 4022 1503 4072 Christi
1540 4023 1860 4089 baptismum
1895 4024 2178 4089 recepisse.
2205 4024 2284 4073 Of.
2311 4026 2406 4073 int.
2433 4024 2650 4089 disquis.
2680 4025 2738 4073 in
2763 4038 2889 4089 app.
2915 4024 2969 4073 h.
2999 4040 3046 4075 c.

546 4112 586 4176 ²)
624 4112 667 4161 Ι.
704 4128 753 4162 e.
788 4110 1049 4161 vilissima
1090 4114 1145 4159 et
1189 4110 1603 4159 contemtissima
1649 4108 1828 4160 officia
1871 4111 2124 4175 proximis
2171 4115 2462 4176 praestare.
2523 4111 2666 4171 Quia
2707 4126 2900 4161 servus
2935 4126 3046 4161 non

547 4202 629 4247 est
674 4199 843 4247 maior
887 4197 1147 4259 Domino,
1198 4210 1262 4245 ac
1310 4196 1535 4261 proinde
1582 4196 1727 4262 quod
1773 4197 2036 4247 Dominus
2082 4196 2237 4259 facit,
2285 4197 2340 4245 id
2387 4212 2422 4247 a
2465 4212 2523 4247 se
2568 4197 2802 4247 alienum
2857 4212 3048 4247 servus

548 4298 892 4349 nequaquam
937 4287 1131 4349 putare
1179 4282 1355 4333 (lebet.
1416 4282 1458 4347 ³)
1498 4282 1956 4343 Quemadmodum
2001 4288 2057 4333 et
2099 4283 2253 4334 alias.
2315 4284 2380 4333 V.
2413 4283 2603 4333 Matth.
2646 4287 2706 4334 11
2723 4321 2736 4347 ,
2773 4286 2860 4333 28.
2909 4284 3044 4335 Luc.

546 4371 597 4431 6,
623 4372 705 4420 35.
768 4370 811 4434 ⁴)
848 4369 1046 4419 Joann.
1077 4373 1156 4433 13,
1186 4372 1267 4421 16.
1296 4386 1339 4420 s.
1400 4368 1442 4433 ⁵)
1479 4370 1656 4435 Atque
1693 4375 1754 4419 ut
1783 4369 1850 4419 de
1875 4368 1957 4419 his
1993 4369 2234 4435 singulis,
2272 4371 2421 4420 iuxta
2459 4370 2602 4435 quod
2635 4371 2870 4421 instituti
2905 4372 3047 4421 ratio

544 4456 783 4522 postulat
818 4457 1050 4507 breviter
1088 4471 1307 4523 agamus
1320 4493 1333 4519 ,
1373 4454 1479 4505 duo
1517 4456 1603 4505 hic
1639 4456 1727 4505 vel
1763 4456 1990 4505 maxime
2027 4460 2152 4506 sunt
2188 4456 2516 4507 attendenda
2529 4493 2542 4518 ,
2581 4458 2777 4522 quibus
2825 4460 3048 4507 attentis

546 4542 757 4594 demum
792 4546 942 4592 recta
977 4544 1067 4592 via
1102 4542 1172 4592 ad
1207 4536 1262 4592 τὸ
1300 4536 1499 4605 ἀληθές,
1538 4546 1591 4591 et
1635 4542 1924 4609 genuinum
1969 4556 2184 4593 sensum
2219 4541 2377 4593 huius
2425 4543 2758 4594 sacrosancti
2805 4546 3050 4611 mysterii
