3267 5259
597 443 727 508 244
1356 457 1549 499 nodeca
1572 456 1934 508 quulsitiouum
1961 458 2311 509 theologicarum.

598 635 837 712 profert,
872 636 973 713 qui
1007 636 1223 710 Legem
1252 637 1694 695 Deuteronomii
1727 638 1795 694 ad
1828 638 1933 695 has
1963 638 2186 695 hostias
2215 638 2589 714 applicuerit:
2624 657 2656 695 e
2686 639 2925 696 cuiusvis
2947 639 3035 696 hae

596 741 930 815 pendebant
974 742 1221 798 arbitrio
1269 741 1465 817 prouti
1514 762 1589 799 ex
1636 742 1677 800 l.
1721 760 1769 799 c.
1817 746 1915 813 25,
1966 748 2024 799 8.
2081 744 2384 801 evidenter
2429 748 2622 819 patet,
2685 744 2786 800 ubi
2827 744 3037 799 habetur

598 850 825 920 ,sponte
880 846 1033 923 quod
1078 852 1365 903 voverant
1412 846 1808 916 obtulerunt‘3
1862 848 2132 904 omittere
2175 848 2362 921 igitur
2405 852 2694 923 poterant.
2765 846 2921 904 Unde
2961 847 3036 903 lex

598 949 765 1006 nulla
794 956 921 1007 erat
948 950 1284 1007 comedendi
1314 964 1477 1021 :7³³2fl3
1525 956 1701 1028 atque
1731 952 1882 1029 quod
1913 952 2211 1029 sequitur:
2255 952 2294 1009 J
2295 952 2465 1009 udaei
2510 952 2669 1009 ultro
2707 952 2955 1009 carnibus
2979 970 3038 1007 ex

596 1052 897 1111 sacrificiis
927 1054 1283 1112 salutaribus
1314 1072 1509 1112 carere
1540 1055 1902 1113 maluissent.
1923 1055 2332 1132 ——Suppetias
2362 1057 2682 1114 advocatur
2702 1057 2870 1114 Dent.
2895 1062 2972 1126 16,
2991 1060 3036 1112 3.

598 1158 752 1214 unde
798 1160 1187 1215 certissimum
1233 1162 1607 1234 praeceptum
1653 1160 1724 1216 de
1769 1160 2117 1218 comedendo
2155 1172 2287 1212 mun
2315 1161 2430 1219 sibi
2459 1161 2754 1219 invenisse
2781 1160 3036 1217 videntur.

596 1260 708 1318 Sed
739 1281 949 1337 parum
980 1262 1291 1319 commode.
1354 1264 1443 1319 Ac
1473 1262 1918 1322 Deuteronomii
1949 1266 2187 1342 quidem
2231 1264 2388 1323 locus
2432 1267 2518 1323 ita
2561 1265 2917 1341 accipiendus
2943 1270 3036 1320 est:

596 1366 943 1440 prohibetur
979 1386 1054 1423 ne
1091 1368 1260 1442 panis
1298 1367 1684 1424 fermentatus
1715 1370 1970 1450 ,κς-νοητὴν(
2002 1388 2134 1427 cum
2172 1369 2293 1441 illo,
2327 1370 2369 1427 i.
2409 1390 2459 1427 e.
2507 1382 2612 1440 ¹¹¹9?
2656 1370 2726 1427 de
2769 1388 2876 1447 quo
2907 1388 2956 1426 v.
2993 1372 3036 1424 2.

596 1472 837 1540 mentio,
872 1490 976 1546 per
1006 1476 1226 1546 septem
1257 1472 1379 1528 dies
1410 1473 1763 1529 comedatur.
1819 1473 2046 1551 Nequit.
2073 1491 2176 1529 noe
2205 1474 2266 1531 h.
2299 1474 2338 1531 l.
2373 1494 2477 1549 pro
2507 1493 2658 1548 agno
2689 1492 2914 1549 vespere
2939 1490 3040 1528 asso

596 1575 813 1649 accipi;
860 1580 1063 1651 utpote
1108 1576 1181 1633 ad
1225 1596 1399 1654 quem
1444 1577 1916 1634 manducandum
1957 1582 2044 1634 tot
2074 1578 2403 1635 assumendi
2451 1584 2639 1649 erant,
2673 1582 2814 1655 quot
2839 1577 2902 1634 ad
2930 1596 3039 1633 con·

595 1680 947 1735 sumtionem
998 1681 1325 1737 necessarii.
1408 1680 1519 1737 Sed
1566 1681 1708 1739 hinc
1758 1700 2065 1756 perperam
2123 1682 2388 1739 inferunt
2443 1700 2644 1739 carnes
2699 1700 2772 1738 ex
2819 1681 3040 1738 victimis

595 1782 951 1857 significari,
1007 1804 1155 1861 quae
1208 1804 1312 1860 per
1366 1790 1631 1860 septenos
1685 1786 1808 1842 dies
1859 1805 2201 1861 azymorum
2244 1788 2308 1843 in
2361 1786 2602 1861 Templo
2653 1788 3039 1843 mactabantur.

596 1887 913 1945 Enimvero
958 1890 1215 1946 vidimus
1264 1906 1313 1943 α.
1360 1888 1592 1947 nullum
1640 1908 1758 1945 esse
1808 1890 1866 1946 S.
1899 1888 2237 1965 Scripturae
2281 1890 2489 1961 locum,
2531 1892 2596 1947 in
2643 1909 2756 1968 quo
2799 1908 2926 1947 voce
2959 1901 3040 1949 ῆὶῑῖὶ

596 1998 943 2050 notarentur
984 1992 1269 2051 sacrificia
1308 1998 1601 2069 praeter
1646 2014 1902 2067 agnum
1943 1994 2273 2070 paschalem
2313 1995 2650 2063 immolata;
2697 2000 2766 2051 ut·
2802 1993 2876 2050 sit
2915 1993 3042 2050 idem

594 2096 921 2155 sacrificare
952 2097 1190 2169 Pascha,
1223 2098 1374 2174 quod
1400 2118 1474 2154 ex
1499 2098 1759 2155 victimis
1789 2098 2144 2156 salutaribus
2175 2100 2545 2156 manducare.
2589 2098 2678 2155 Cf.
2701 2096 3042 2167 Moveralc

596 2220 651 2276 p.
680 2206 776 2258 70.
796 2222 841 2258 s.
884 2199 1043 2263 Quin
1074 2204 1267 2277 potius
1299 2202 1523 2259 Pascha
1552 2204 1759 2259 ceteris
1791 2222 1826 2261 a
1857 2201 2155 2261 sacrificiis
2185 2204 2492 2260 manifeste
2523 2203 2885 2259 discernitur.
2921 2199 2980 2256 E.
2995 2218 3041 2271 g.

594 2305 729 2362 Par.
765 2310 864 2377 30,
905 2309 1002 2363 15.
1048 2311 1147 2375 35,
1189 2311 1285 2363 16.
1325 2311 1424 2363 17.
1485 2307 1730 2363 Accedit
1773 2302 1824 2377 β.
1865 2326 1960 2364 eas
2003 2308 2272 2365 victimas
2313 2327 2388 2364 ex
2418 2308 2667 2364 arbitrio
2709 2304 3042 2363 offerentium

596 2409 951 2484 pependisse.
999 2407 1296 2470 Quomodo
1327 2411 1469 2467 haec
1500 2410 1942 2469 circumstantia
1971 2412 2382 2470 conciliabitur
2405 2430 2540 2468 cum
2571 2410 2914 2484 obligat-ione
2941 2412 3043 2464 tam

594 2514 793 2587 gravi,
843 2519 912 2571 ut·
956 2513 991 2570 J
995 2515 1163 2571 udaei
1218 2516 1577 2589 praetorium
1624 2520 1930 2591 propterea
1977 2516 2172 2573 subire
2218 2516 2695 2573 detrectaverint.
2762 2514 3044 2586 Fingamus

592 2636 647 2693 γ.
694 2617 947 2675 adfuisse
999 2619 1069 2675 de
1121 2620 1340 2677 edendo
1386 2622 1565 2690 ,πων-ι’
1612 2640 1689 2677 ex
1741 2620 2058 2677 traditione
2101 2619 2311 2677 saltem
2353 2619 2800 2677 Pharisaeorum
2841 2613 3045 2692 aliquod

595 2726 985 2798 praeceptum,
1031 2723 1222 2780 labem
1266 2723 1560 2801 quandam
1606 2724 2120 2781 contaminationis
2166 2725 2394 2799 aspergi
2441 2743 2518 2780 ex
2565 2725 2830 2797 ingressu
2871 2720 3046 2776 domus

596 2845 713 2882 non
744 2831 1163 2884 recutitorum:
1210 2828 1397 2885 maior
1427 2846 1563 2884 sane
1594 2828 1738 2885 haec
1780 2847 1896 2885 non
1945 2832 2087 2894 erat,
2137 2847 2312 2905 quam
2343 2846 2491 2905 quae
2524 2846 2600 2884 ex
2632 2831 2892 2885 contactu
2929 2822 3046 2879 leeti

595 2931 958 3003 gonorrhaea
1001 2930 1321 2988 laborantis
1366 2932 1503 3001 viri,
1552 2936 1657 2989 aut
1686 2932 1932 3005 straguli
1965 2932 2232 2989 mulieris
2263 2950 2486 2989 menses
2529 2931 2804 3006 patientis
2845 2932 3046 2985 contra-

595 3034 864 3091 hebatur.
912 3032 1321 3113 Quaecumque
1355 3042 1552 3093 aut-em
1584 3036 1700 3093 ista
1727 3035 2109 3094 immunditia
2137 3037 2575 3106 aestimabatur,
2603 3036 2800 3092 eodem
2821 3034 2908 3090 die
2935 3028 3044 3088 coll.

595 3138 737 3196 Lev.
777 3143 873 3209 15,
914 3144 969 3197 5.
1006 3144 1106 3196 22.
1155 3140 1385 3215 expiari
1432 3144 1678 3216 pot-erat.
1755 3141 1929 3197 Nihil
1969 3160 2104 3214 ergo
2149 3140 2522 3215 impediebat,
2558 3141 2864 3216 quominus
2892 3136 3047 3192 etiam

592 3243 801 3299 Judaei
846 3262 912 3300 eo
958 3244 1149 3301 adhuc
1191 3244 1284 3300 die
1323 3255 1456 3295 :wau
1484 3244 1858 3313 fruerentur3
1907 3249 2082 3321 atque
2113 3246 2200 3301 ita
2229 3243 2594 3301 incredibilis
2631 3242 2704 3300 fit-
2745 3242 2848 3299 illa
2887 3236 3046 3295 Pilati

594 3347 982 3421 indulgentia.
1042 3347 1251 3405 Joann.
1307 3353 1403 3417 19,
1450 3354 1548 3405 21.
1594 3352 1694 3405 22.
1743 3380 1829 3391 —·
1875 3368 1925 3405 e.
1991 3348 2461 3423 Propugnatores
2526 3348 2697 3404 istius
2755 3344 3048 3402 sententiae

592 3452 863 3508 inaudita
905 3452 1156 3529 quadam
1201 3450 1476 3529 loquendi
1521 3455 1750 3509 ratione
1794 3453 2016 3509 dictum
2062 3451 2274 3509 volunt
2317 3451 2466 3508 illud
2515 3448 2730 3525 ,φαγεῖν
2765 3446 2824 3504 τ-ὀ
2863 3445 3046 3519 πάσχι,

594 3573 698 3629 pro
742 3556 942 3629 φαγῶν-
978 3550 1042 3609 ἐκ
1086 3552 1277 3611 θυσιῶν
1320 3554 1413 3609 τοῦ
1456 3554 1666 3631 πάσχα,
1713 3558 1838 3614 sive
1885 3553 1950 3611 ἐκ
1991 3556 2083 3611 τοῦ
2126 3554 2354 3630 τικὲσχεκ,ι
2415 3554 2638 3611 Verum
2676 3555 2806 3631 quis
2835 3555 2930 3619 est,
2960 3546 3048 3625 qui

594 3658 1016 3715 admittendam
1046 3660 1198 3715 hanc
1227 3658 1503 3736 loquendi
1547 3660 1796 3717 formam
1842 3665 2026 3735 putet.
2091 3660 2326 3717 Poterat
2359 3659 2429 3715 de
2461 3678 2612 3732 agno
2651 3656 2900 3733 paschali
2929 3652 3046 3719 dici,

593 3760 785 3838 φαγεῖν
813 3760 875 3818 τὸ
902 3761 1127 3838 πάσχας
1175 3765 1315 3841 quia
1360 3769 1515 3821 totus
1548 3765 1612 3821 in
1643 3784 1818 3821 coena
1849 3764 2281 3831 comedebatur3
2327 3762 2424 3819 sed
2469 3760 2662 3836 πάσχα
2693 3764 2756 3818 in
2785 3756 3048 3833 significa-

592 3868 752 3924 tione
780 3866 1159 3924 vict-imarum
1191 3867 1569 3942 paschalium,
1604 3886 1872 3945 quarum,
1901 3869 1987 3925 uti
2015 3872 2220 3925 notum
2243 3872 2348 3937 est,
2382 3886 2516 3941 pars
2547 3872 2782 3923 tantum
2813 3866 3050 3921 absume-

592 3972 782 4043 batur,
818 3989 935 4028 non
965 3990 1095 4028 cum
1128 3973 1457 4029 accusativo
1476 4016 1489 4043 ,
1538 3972 1638 4029 sed
1669 3972 1933 4045 genitivo
1979 3970 2073 4028 vel
2105 3990 2236 4028 cum
2268 3970 2698 4046 praepositione
2748 3965 2849 4025 ἀπὶ
2877 3973 2970 4024 aut
2999 3959 3054 4017 ἐκ

592 4082 719 4133 erat
777 4076 1247 4133 construendum.
1330 4074 1614 4137 Quocirca
1673 4075 1826 4133 nihil
1887 4081 1974 4132 est·
2031 4075 2186 4153 quod
2242 4075 2521 4132 adversus
2573 4080 2699 4131 tam
2753 4073 3052 4130 evidentem

590 4200 635 4237 s,
666 4181 911 4238 Joannis
941 4179 1349 4237 auctoritatem
1381 4182 1562 4255 possit
1592 4160 1805 4257 excipi.
1853 4180 2030 4237 Hunc
2059 4179 2124 4235 in
2153 4180 2389 4236 modum
2436 4177 2479 4235 f.
2525 4177 2821 4254 explicata
2848 4196 2881 4233 a
2907 4172 3055 4231 nobis

592 4304 659 4341 ac
696 4286 933 4342 defensa
976 4285 1284 4355 sententia,
1318 4282 1506 4342 multo
1536 4302 1714 4361 quam
1745 4284 1931 4341 altera
1960 4282 2318 4358 probabilior
2348 4288 2619 4358 apparet,
2655 4300 2788 4339 cum
2817 4295 3056 4357 praeser-

597 4389 704 4444 tim
728 4394 849 4445 tam
874 4390 1157 4447 disertum
1181 4406 1633 4465 expressumque
1656 4387 1735 4445 sit
1758 4386 2011 4444 eiusdem
2036 4386 2449 4459 Evangelistae
2471 4385 2874 4443 testimonium
2897 4386 2985 4450 13,
3007 4385 3056 4436 1-

592 4491 741 4549 Loco
770 4494 883 4549 ist-o
928 4467 973 4550 s..
1005 4493 1039 4549 J
1044 4513 1256 4551 oannes
1294 4492 1425 4550 coll.
1460 4511 1515 4567 p.
1556 4496 1697 4549 100.
1729 4490 1790 4547 id
1822 4496 2020 4566 aperte
2051 4491 2198 4548 citra
2236 4491 2504 4564 ambages
2534 4494 2734 4547 notat:
2783 4490 3064 4547 Christum

592 4592 714 4671 ,πρὸ
758 4590 819 4650 δὲ
848 4598 947 4667 τῆς
980 4594 1171 4673 ἑορτῆς
1200 4596 1292 4652 τοῦ
1320 4595 1551 4673 πάσχαί,
1584 4598 1720 4652 ante
1744 4594 1898 4652 diem
1930 4594 2145 4651 festum
2175 4594 2448 4666 Paschae,
2483 4594 2658 4669 epulo
2689 4614 2794 4651 suo
2825 4588 3060 4669 paschali
