3267 5259
954 448 1179 500 Epistulae
1207 452 1251 491 S.
1274 449 1401 491 Pauli
1428 450 1509 501 Ap.
1538 450 1593 490 nd
1622 448 1887 491 Corinthios.
2539 438 2668 502 389

571 749 632 826 §-
681 749 785 814 78.
858 744 1259 831 Epistola
1303 746 1541 832 prior
1584 746 1685 811 ad
1732 744 2254 811 Corinthios.

377 953 709 1018 Nuncium
770 951 853 1017 de
920 950 1262 1017 Ecclesiae
1310 951 1766 1019 Corinthiacae
1829 952 2201 1018 conditione
2263 976 2384 1039 per
2443 954 2664 1019 dome-

176 1068 368 1131 sticos
414 1064 653 1131 Chloes
678 1069 697 1108 ¹
744 1074 1091 1151 acceptum
1109 1067 1164 1150 ²3
1212 1065 1490 1152 aliaque,
1539 1065 1621 1130 de
1656 1065 1889 1152 quibus
1919 1068 2041 1152 ipsi
2074 1064 2408 1150 Corinthii,
2455 1068 2665 1132 missis

174 1202 289 1265 per
320 1178 750 1265 Stephanum,
782 1178 1217 1244 Fortunatam
1250 1188 1317 1243 et
1343 1177 1707 1245 Achaicum
1738 1177 1938 1243 literis
1959 1182 2003 1261 ³,
2037 1179 2281 1245 institui
2313 1178 2666 1265 cupiebant

176 1294 391 1377 capita
430 1289 636 1357 Paulo
684 1292 1099 1356 occasionem
1143 1289 1573 1377 praebebant,
1620 1292 1898 1377 primam
1941 1292 2132 1357 istam
2179 1290 2263 1355 ad
2295 1290 2664 1357 Corinthios

176 1403 497 1490 dirigendi
542 1402 902 1490 epistolam.
950 1403 1145 1468 Unde
1194 1414 1652 1488 argumentum
1695 1428 1830 1469 non
1860 1426 2060 1469 unam
2094 1403 2212 1468 sed
2241 1403 2662 1489 multiplicem

175 1516 371 1581 habet
418 1516 805 1599 doctrinam,
850 1526 1046 1602 prout
1076 1516 1279 1581 multa
1324 1526 1525 1593 erant,
1576 1517 1659 1583 de
1693 1515 1929 1604 quibus
1961 1516 2354 1582 admonendi
2401 1516 2666 1581 fuerunt

175 1628 491 1695 Corinthii
510 1632 553 1694 ⁴.
586 1629 947 1715 Postquam
977 1629 1060 1694 ab
1088 1629 1358 1695 exordio
1393 1629 1567 1695 dicta
1592 1628 1940 1696 Corinthiis
1972 1629 2201 1713 salute,
2232 1630 2310 1694 iis
2343 1628 2424 1693 de
2455 1630 2665 1714 gratia

174 1742 299 1807 Dei
345 1752 415 1807 et
460 1741 649 1807 donis
695 1742 949 1807 eximiis
993 1742 1355 1829 gratulatus
1408 1742 1639 1808 fuisset
1697 1742 2090 1829 Apostolus3
2143 1744 2236 1807 ita
2279 1751 2534 1825 tamen,
2593 1752 2666 1805 ut

172 1856 421 1921 maiora
463 1856 529 1919 in
565 1854 707 1919 dies
753 1864 1143 1941 exspectare
1190 1879 1231 1920 a
1265 1856 1414 1921 Deo
1462 1878 1531 1921 se
1572 1855 1788 1920 dicat⁵
1830 1857 2254 1939 incrementa,
2303 1853 2548 1918 indicat
2593 1876 2662 1919 se

172 1966 485 2033 nonnulla
510 1967 591 2033 de
620 1967 896 2033 dissidiis
920 1970 1089 2034 inter
1112 1970 1289 2056 ipsos
1316 1970 1470 2034 ortis
1496 1970 1915 2055 cognovisse3
1949 1990 2117 2055 quae
2144 1969 2424 2054 partium
2449 1966 2664 2038 studia

172 2079 479 2163 retundit,
499 2092 510 2104 '
531 2090 597 2145 et
625 2090 700 2145 ut
727 2103 768 2146 a
798 2080 1253 2147 schismatibus
1284 2079 1688 2147 abstinerent
1720 2082 1911 2147 enixe
1941 2080 2339 2145 adhortatur.
2399 2078 2663 2143 Fideles

174 2192 464 2257 Corinthi
514 2215 665 2258 cum
709 2216 844 2258 non
890 2193 1124 2259 eodem
1174 2216 1401 2259 omnes
1445 2196 1810 2261 institutore
1850 2193 2086 2258 Christi
2132 2192 2330 2258 fidem
2376 2190 2662 2279 amplexi

173 2316 409 2389 essent,
460 2304 543 2370 de
591 2330 711 2371 suo
762 2309 1036 2393 quisque
1082 2308 1392 2393 magistro
1439 2306 1907 2395 gloriabantur.
1955 2306 2171 2371 Fuere
2217 2308 2388 2370 inter
2434 2304 2662 2371 Corin-

169 2607 339 2673 plagis
388 2607 701 2670 mortiferis,
755 2606 1199 2673 lapidationibus,
1256 2606 1483 2659 vinculis
1538 2607 1768 2673 aliisque
1825 2606 2148 2657 cruciatibus
2198 2607 2357 2657 etiam
2411 2607 2664 2673 stigmata

170 2696 377 2759 corpori
413 2710 535 2745 meo
572 2695 850 2761 impressa,
886 2699 1144 2759 tanquam
1180 2700 1334 2745 notas
1360 2695 1577 2745 Domini
1614 2695 1718 2744 mei
1753 2694 1908 2755 Jesu,
1945 2695 2100 2744 cuius
2136 2708 2349 2744 servum
2384 2710 2466 2743 me
2505 2693 2662 2759 profi-

168 2786 297 2843 teor,
324 2782 509 2847 porto!
549 2781 637 2831 Ita
662 2779 715 2830 S.
736 2781 977 2831 Joannes
1004 2780 1433 2846 chrysostomus,
1460 2796 1648 2832 comm.
1675 2780 1746 2829 ad
1769 2781 1820 2830 h.
1845 2779 1880 2829 1.
1907 2781 1970 2843 X,
1994 2781 2110 2831 729.
2131 2796 2174 2831 s.
2211 2780 2264 2829 S.
2284 2780 2662 2846 Hieronymus,

168 2884 351 2918 comm.
378 2868 453 2918 ad
474 2867 527 2917 h.
550 2867 587 2917 1.
614 2868 733 2929 VII,
761 2870 879 2919 534.
904 2870 1108 2919 Doctor
1131 2867 1437 2934 Angelicus,
1465 2883 1652 2917 comm.
1679 2867 1748 2917 ad
1771 2867 1822 2917 h.
1845 2866 1880 2917 1.
1902 2867 1984 2917 ed.
2011 2867 2178 2933 Neap.
2203 2868 2353 2917 1856.
2383 2884 2436 2933 p.
2459 2869 2575 2917 139.
2605 2873 2662 2918 et

168 2956 525 3005 recentiorum
568 2954 681 3004 fere
726 2970 923 3005 omnes.
988 2956 1049 3004 V.
1088 2970 1133 3004 e.
1172 2971 1221 3020 g.
1267 2955 1321 3005 J.
1360 2953 1414 3004 S.
1446 2954 1788 3005 Menochium
1827 2954 1880 3003 S.
1916 2954 1987 3016 J„
2026 2953 2226 3004 Comm.
2264 2959 2358 3005 tot.
2396 2955 2450 3004 S.
2487 2954 2541 3005 S.
2578 2954 2660 3005 ed.

169 3042 353 3091 vienn.
383 3043 539 3091 1755.
575 3041 723 3105 VIII,
753 3043 867 3092 149.
916 3040 1015 3091 Th.
1040 3040 1251 3091 Erhard
1275 3041 1338 3091 O.
1367 3040 1420 3091 S.
1444 3041 1525 3105 B.,
1560 3041 1704 3106 Isag.
1739 3046 1794 3091 et
1827 3039 2027 3092 Comm.
2063 3042 2118 3091 in
2153 3056 2242 3091 uu.
2268 3040 2408 3091 Bibl.
2445 3041 2498 3092 S.
2524 3042 2662 3107 Aug.

170 3127 323 3177 vind.
360 3130 515 3179 1735.
560 3128 633 3191 Π,
670 3130 789 3179 262.
836 3128 1039 3191 Winer,
1075 3145 1127 3194 p.
1164 3130 1281 3179 102.
1329 3128 1393 3177 L.
1432 3128 1627 3191 Usteri,
1666 3127 1866 3178 Comm.
1899 3133 1951 3179 11.
1984 3128 2033 3178 (1.
2068 3128 2156 3178 Br.
2191 3128 2348 3179 Pauli
2381 3142 2429 3177 a.
2463 3128 2513 3177 d.
2541 3128 2662 3179 Gal.

171 3215 285 3264 Ziir.
322 3216 477 3265 1833.
514 3232 565 3281 p.
593 3218 713 3266 213.
760 3214 963 3277 Schott,
998 3232 1049 3281 p.
1076 3217 1195 3265 613.
1243 3214 1701 3277 Windischmann‚
1739 3232 1791 3281 p.
1820 3217 1936 3265 170.
1983 3215 2182 3280 Meyer,
2217 3232 2270 3281 p.
2297 3216 2414 3265 255.
2461 3216 2660 3277 Trana,

170 3318 217 3366 p.
254 3303 335 3351 79.
386 3302 667 3365 Wieseler,
701 3319 754 3368 p.
789 3302 909 3352 515.
960 3301 1249 3363 Hofmann,
1286 3319 1337 3367 p.
1374 3303 1493 3351 225.
1552 3302 1720 3352 Sacra
1755 3302 2021 3353 enimvero
2058 3302 2126 3351 D.
2163 3303 2226 3351 N.
2262 3302 2314 3351 J.
2342 3302 2400 3351 C.
2439 3300 2662 3351 vulnera

170 3388 323 3439 Pauli
347 3389 561 3454 corpori
586 3387 752 3438 infixa
774 3388 956 3448 fuisse,
996 3394 1057 3438 ut
1081 3388 1205 3437 olim
1236 3388 1451 3439 fuerant
1475 3388 1529 3438 S.
1548 3389 1840 3439 Francisco
1867 3386 2158 3455 Seraphico
2183 3394 2238 3439 et
2262 3387 2315 3437 S.
2336 3388 2660 3439 Catharinae

172 3473 407 3537 Senensi,
446 3476 629 3526 nullus
666 3476 918 3525 Veterum
954 3475 1206 3525 meminit.
1265 3474 1347 3524 Cf.
1382 3490 1427 3525 c.
1463 3474 1804 3537 Theodoreti,
1840 3476 2058 3541 interpr.
2095 3474 2166 3525 ad
2187 3475 2238 3524 h.
2264 3475 2298 3525 l.
2332 3475 2431 3525 111.
2461 3479 2506 3538 1,
2534 3477 2654 3525 396.

380 3578 417 3645 ¹)
454 3580 665 3631 Nomen
712 3578 942 3629 feminae
976 3579 1231 3629 Romanis
1268 3580 1547 3642 usitatum,
1597 3580 1734 3629 forte
1781 3584 2010 3629 sumtum
2046 3594 2081 3629 a
2115 3579 2218 3631 dea
2255 3579 2473 3641 Cerere,
2519 3594 2660 3645 quae

172 3662 373 3729 ,Λυκίηιι
398 3666 718 3717 vocabatur.
746 3666 827 3716 Cf.
852 3666 1081 3729 Horatii,
1106 3666 1205 3717 111.
1232 3665 1333 3716 ode
1359 3668 1408 3728 9,
1434 3668 1513 3716 19.
1552 3665 1592 3732 ²)
1617 3666 1821 3717 Paulus
1847 3668 2046 3731 gratias
2071 3667 2268 3733 agebat
2289 3668 2408 3717 Deo
2433 3682 2530 3732 pro
2555 3665 2660 3717 fide

170 3754 563 3805 Corinthiorum
582 3752 881 3819 Evangelio
902 3753 1103 3815 habita,
1129 3770 1225 3819 pro
1246 3753 1505 3819 obsequio
1524 3753 1720 3803 divinis
1739 3754 2038 3821 praeceptis
2057 3755 2330 3820 praestit0,
2357 3752 2660 3819 fiduciaque

170 3849 221 3889 et
256 3856 463 3905 amore3
502 3839 699 3906 quibus
734 3840 947 3906 plurimi
984 3855 1105 3889 eum
1142 3839 1617 3906 prosequebantur.
1669 3841 1711 3889 Ι.
1737 3842 1787 3902 4,
1817 3841 1863 3890 7.
1901 3842 1949 3903 6,
1979 3843 2058 3890 11.
2101 3843 2182 3903 11,
2210 3844 2258 3890 2.
2300 3842 2381 3902 15,
2411 3844 2458 3891 1.
2484 3843 2532 3889 2.
2587 3840 2658 3889 At

170 3929 323 3977 etiam
348 3928 547 3979 certior
570 3928 746 3977 factus
771 3926 837 3977 de
862 3931 1047 3978 coetus
1068 3926 1211 3977 illius
1238 3926 1515 3977 discordiis
1546 3928 1816 3993 vitiisque,
1853 3928 2221 3991 gravissimum
2241 3926 2368 3977 inde
2407 3926 2658 3992 concepit

170 4012 431 4076 dolorem,
475 4014 555 4064 ita
592 4019 651 4063 ut
685 4014 897 4064 nonnisi
934 4028 1057 4063 cum
1103 4028 1303 4064 summo
1343 4013 1503 4063 animi
1542 4028 1743 4079 angore
1779 4018 1834 4064 et
1869 4013 2228 4065 sollicitudine
2275 4012 2345 4063 ad
2391 4028 2482 4063 eos
2529 4013 2656 4061 scri·

170 4101 341 4163 beret,
386 4102 497 4151 imo
534 4106 597 4151 ut
640 4101 781 4151 inter
824 4099 1163 4151 scribendum
1207 4100 1457 4150 lacrimas
1500 4114 1608 4149 non
1643 4104 1866 4150 teneret.
1916 4104 1961 4161 1,
1997 4102 2046 4150 8.
2081 4102 2129 4149 9.
2175 4099 2294 4151 coll.
2329 4099 2398 4149 H.
2434 4100 2484 4159 2,
2523 4101 2570 4148 3.
2607 4100 2656 4147 9.

170 4187 251 4237 Ea
288 4194 465 4238 antem
512 4187 759 4253 Apostoli
807 4192 923 4237 erat
959 4186 1223 4237 sentiendi
1268 4186 1531 4253 agendive
1570 4188 1734 4249 ratio,
1781 4190 1841 4237 ut
1885 4187 1986 4237 iste
2023 4191 2194 4237 status
2241 4185 2504 4236 ecelesiae
2549 4200 2655 4235 non

170 4280 349 4339 posset
370 4290 483 4325 non
506 4275 611 4340 ipsi
635 4273 880 4324 accidere
904 4274 1253 4335 tristissimus,
1284 4274 1703 4339 gravissimeque
1729 4288 1848 4323 eum
1873 4272 2146 4339 impellere
2172 4272 2243 4323 ad
2267 4271 2652 4323 occurrendum

172 4361 247 4411 his
284 4362 517 4413 dissidiis
554 4376 866 4425 morumque
904 4360 1238 4426 corruptelis.
1312 4360 1354 4425 ³)
1392 4359 1435 4409 Ι.
1464 4362 1511 4423 7,
1550 4364 1595 4411 1.
1636 4361 1718 4423 16,
1755 4362 1838 4410 15.
1873 4376 1914 4409 s.
1989 4360 2030 4423 ⁴)
2069 4360 2131 4409 Id
2168 4359 2312 4424 quod
2349 4376 2413 4409 ex
2449 4373 2658 4410 summa

170 4449 451 4513 partitione
488 4446 753 4515 epistolae
788 4448 1144 4513 cog-noscitur.
1220 4448 1262 4511 ⁵)
1310 4445 1464 4508 Quod
1514 4446 1648 4498 satis
1693 4450 1918 4513 apparet
1957 4446 2128 4511 ipsius
2165 4445 2360 4497 Christi
2406 4446 2657 4497 testifica-

170 4536 331 4597 tione,
364 4537 458 4602 qui
494 4550 607 4585 non
640 4538 869 4585 testatur
903 4539 1137 4595 tantum,
1176 4534 1271 4585 sed
1308 4538 1363 4583 et
1398 4538 1730 4585 contestatur
1766 4532 2004 4583 homines
2042 4547 2242 4599 eosque
2275 4540 2458 4585 monet
2493 4534 2658 4585 officii

170 4623 267 4671 sui.
320 4620 397 4671 Cf.
433 4622 494 4671 C.
528 4622 825 4687 Vitringae,
864 4620 991 4673 diss.
1030 4620 1095 4670 de
1132 4622 1435 4671 testimonio
1474 4619 1689 4682 Christi,
1723 4620 1782 4669 in
1817 4618 1976 4670 Thes.
2014 4636 2066 4670 n.
2102 4636 2154 4686 p.
2195 4622 2312 4671 757.
