3267 5259
586 422 715 487 326
1326 432 1442 475 nist.
1476 432 1580 474 Rev.
1608 431 1698 473 (liv.
1728 430 1896 473 Period.
1923 430 1980 472 11.
1999 440 2093 481 cap.
2123 429 2323 481 prinum.

984 724 1043 801 ἓ.
1090 724 1195 789 64.
1256 718 1674 784 Ecclesiae
1720 716 1814 781 ad
1857 725 2132 803 gentes
2177 717 2680 803 propagatio.

800 927 1117 1014 Stephani
1182 927 1501 1012 sanguine
1572 924 1754 991 furor
1819 924 2228 990 Judaeorum
2299 946 2434 989 non
2507 924 2806 1006 satiatur,
2877 944 3042 1007 quem

592 1050 857 1107 sanctus
900 1040 1007 1104 ille
1054 1061 1247 1105 cruor
1290 1040 1507 1125 potius
1552 1036 1874 1103 accendit.
1935 1036 2023 1100 Et
2055 1035 2322 1121 quidem
2354 1034 2590 1100 Saulus
2619 1044 2829 1100 morte
2857 1046 3042 1121 proto-

591 1156 914 1239 martyris,
961 1152 1145 1238 quasi
1190 1174 1261 1216 re
1292 1149 1631 1237 praeclare
1681 1159 1886 1235 gesta,
1934 1148 2246 1214 audacior
2284 1147 2518 1231 faetus,
2564 1158 2776 1213 totum
2817 1156 3040 1213 coetum

594 1266 1029 1333 Christianum
1058 1300 1145 1313 --
1174 1274 1331 1329 tunc
1374 1264 1686 1349 temporis
1717 1264 1887 1327 intra
1915 1262 1960 1327 J
1963 1261 2474 1347 erosolymarum
2517 1262 2854 1347 pomoeria
2887 1261 3042 1345 quasi

594 1377 974 1444 conclusum
1012 1416 1099 1425 —
1138 1376 1419 1463 perdere
1464 1374 1810 1461 satagebat
1835 1379 1874 1441 ¹.
1949 1374 2144 1439 Unde
2191 1374 2440 1439 factum
2483 1384 2558 1439 ut
2599 1372 2886 1439 fidelium
2930 1373 3042 1459 ple-

590 1493 777 1577 rique
794 1492 839 1572 2,
884 1489 1113 1555 relicta
1156 1488 1502 1575 metropoli
1546 1511 1669 1575 per
1713 1490 1929 1553 varias
1973 1488 2279 1573 regiones
2325 1485 2868 1573 dispergerentur.
2936 1485 3044 1565 Qui

595 1612 814 1669 autem
860 1604 953 1667 sic
998 1600 1275 1688 dispersi
1321 1599 1768 1683 ambulabant,
1818 1599 2146 1665 Christum
2189 1600 2361 1664 inter
2405 1597 2695 1664 eundum
2739 1621 2856 1685 per
2893 1600 3046 1661 vicos

596 1725 664 1780 et
707 1715 953 1802 oppida
998 1714 1504 1779 annunciabant.
1563 1714 1674 1777 Ex
1703 1712 1828 1777 illis
1859 1712 1968 1777 alii
1995 1714 2064 1777 in
2093 1711 2516 1777 Phoeniciam
2562 1721 2762 1798 atque
2803 1710 3046 1777 insulam

596 1828 885 1914 Cyprum
920 1836 986 1892 et
1014 1826 1433 1892 Antiochiam
1478 1835 1944 1912 pervenerunt,
1989 1824 2098 1889 alii
2125 1834 2521 1911 receperunt
2557 1847 2628 1889 se
2657 1824 3046 1905 Damascum,

596 1940 703 2005 alii
750 1940 1111 2005 Samariam
1155 1938 1605 2026 praetulerunt
1624 1942 1669 2004 ³.
1734 1939 1916 2004 Inter
1958 1938 2078 2003 hos
2123 1937 2504 2023 Philippus*
2547 1960 2717 2001 unus
2749 1960 2784 2002 e
2827 1947 3049 2023 septem

597 2054 957 2135 diaconis-¹⁵,
1034 2053 1373 2118 ardentem
1449 2076 1498 2117 s.
1564 2051 1882 2139 Stephani
1957 2050 2172 2117 zelum
2245 2052 2564 2133 imitatus,
2641 2049 3050 2115 Samaritanos

600 2165 835 2231 Christi
889 2166 1090 2231 fidem
1144 2164 1449 2251 exemplo
1497 2187 1577 2229 ac
1630 2164 1996 2229 eruditione
2058 2163 2314 2246 docuit,
2373 2161 2816 2249 plurimosque
2867 2161 3050 2248 bapti-

598 2282 790 2343 zavit.
836 2281 1019 2343 Inter
1052 2300 1215 2363 quos
1239 2276 1466 2342 Simon
1498 2278 1888 2363 cognomine
1920 2276 2154 2363 Magus
2174 2280 2199 2320 θ
2230 2276 2468 2342 Christi
2499 2276 2700 2341 fidem
2727 2276 3051 2363 professus,

596 2392 1112 2476 regenerationis
1156 2400 1567 2455 sacramento
1614 2392 1921 2454 initiatur.
1981 2390 2179 2455 Hunc
2213 2388 2550 2455 Samariae
2593 2388 2942 2455 incolarum
2985 2386 3054 2451 ad

598 2503 967 2569 Ecclesiam
1027 2505 1396 2587 transitum,
1465 2526 1616 2569 cum
1675 2502 1980 2590 Apostoli
2041 2504 2154 2589 qui
2215 2501 2690 2589 Hierosolymis
2711 2500 3058 2586 ‘degebant

600 2616 954 2683 audiissent
998 2640 1046 2681 s.
1082 2640 1130 2681 s.
1164 2617 1433 2681 Petrum
1480 2627 1546 2681 et
1584 2616 1911 2682 Joannem
1958 2614 2044 2679 ad
2091 2637 2204 2680 eos
2249 2617 2585 2700 miserunt,
2635 2616 2744 2701 qui
2785 2614 3057 2679 manibus

598 2731 914 2815 impositis
947 2728 1222 2815 Spiritus
1256 2728 1331 2819 S.
1357 2731 1633 2815 gratiam
1665 2730 1741 2794 iis
1773 2730 2246 2815 impertiantur.
2311 2726 2508 2807 Quod
2555 2730 2706 2792 cum
2749 2738 3059 2815 peractum

602 2842 872 2907 vidisset
930 2841 1157 2907 Simon
1215 2842 1321 2907 ille
1375 2841 1649 2927 Magus3
1711 2851 2017 2928 totusque
2081 2840 2164 2905 de
2227 2850 2410 2906 tanta
2471 2840 2926 2906 miraculorum
2966 2841 3059 2903 vi⁷

602 2963 928 3040 stuperet,
986 2953 1206 3019 oblata
1259 2953 1595 3041 Apostolis
1649 2955 1934 3040 pecunia
1992 2952 2074 3018 ab
2129 2954 2206 3017 iis
2262 2956 2582 3017 emercari
2641 2952 2844 3019 voluit
2899 2962 3059 3039 pote·

604 3075 835 3131 statem
866 3066 1233 3131 huiusmodi
1265 3066 1441 3131 dona
1472 3066 1892 3151 conferendi3
1941 3066 2060 3131 sed
2092 3066 2361 3151 dignum
2393 3075 2576 3130 tanto
2610 3065 2840 3130 sceleri
2867 3062 3062 3129 retulit

606 3202 647 3243 a
692 3203 741 3243 s,
775 3180 992 3264 Petro,
1040 3178 1315 3245 hominis
1360 3180 1766 3265 impietatem
1799 3188 2208 3263 exsecrante,
2253 3201 2676 3265 responsum:
2723 3180 3063 3265 pecuniam,

605 3293 712 3373 ait,
750 3300 931 3356 tuam
962 3292 1132 3357 malo
1164 3302 1275 3357 tuo
1308 3292 1424 3357 tibi
1456 3291 1731 3357 habeto!
1797 3291 2106 3357 Ceterum
2139 3314 2188 3356 s.
2217 3314 2264 3356 s.
2289 3292 2526 3357 Petrus
2558 3301 2628 3355 et
2656 3291 2941 3357 Joannes
2967 3287 3065 3353 ubi

602 3403 820 3467 multis
854 3404 1409 3470 Samaritanorum
1452 3406 1613 3469 vicis
1648 3403 1976 3470 Christum
2022 3404 2501 3490 praedicarent,
2563 3401 3065 3489 Hierosolymam

604 3515 859 3581 rediere
884 3520 925 3581 8.
1004 3516 1138 3583 Sed
1192 3517 1399 3582 noluit
1452 3516 1684 3582 Deus⁹
1743 3528 1875 3580 tam
1935 3518 2230 3603 angustis
2289 3515 2588 3582 Judaeae
2645 3526 2712 3582 et
2759 3514 3068 3581 Samariae

606 3627 845 3693 finibus
910 3652 1186 3715 regnum
1254 3629 1400 3694 Filii
1466 3631 1565 3695 sui
1634 3631 1984 3713 contineri,
2059 3628 2220 3695 alios
2283 3628 2481 3715 longe
2554 3630 2934 3694 remotiores
2997 3623 3070 3689 ad
3184 3652 3185 3717 ᾗ

816 3911 856 3976 .¹)
906 3912 1211 3975 Irrumpens
1262 3912 1319 3960 in
1367 3910 1605 3977 singulas
1661 3909 1848 3961 domus
1903 3915 2066 3976 atque
2113 3910 2237 3961 inde
2285 3910 2503 3961 trahens
2551 3916 2662 3961 tam
2709 3911 2876 3971 viros,
2926 3922 3071 3974 quam

606 3998 845 4060 feminas,
885 3997 1087 4047 carceri
1122 3996 1339 4062 publico
1375 3998 1744 4063 mancipabat3
1792 4013 1992 4062 eosque
2028 4012 2063 4047 a
2099 3997 2292 4047 Christi
2331 3998 2500 4047 sacris
2535 3996 2780 4059 deficere,
2828 4000 3070 4046 intentato
3184 3982 3185 4037 ἕ

608 4090 749 4135 metu
786 4083 1034 4149 supplicii
1080 4084 1323 4148 cogebat.
1397 4084 1439 4149 2)
1476 4084 1732 4149 Exceptis
1777 4083 2050 4149 Apostolis
2087 4085 2178 4149 qui
2214 4084 2272 4133 in
2309 4084 2440 4133 urbe
2477 4084 2745 4149 intrepide
2791 4096 3073 4149 pei-manse·
3184 4064 3185 4147 ζ

608 4175 745 4235 runt,
784 4176 955 4221 totum
988 4172 1081 4219 uni
1108 4170 1533 4220 adversariorum
1571 4171 1824 4235 impetum
1863 4172 2201 4221 sustinentes.
2266 4170 2308 4235 ³)
2333 4169 2450 4219 Act.
2472 4173 2521 4233 8,
2546 4172 2592 4220 1.
2613 4172 2662 4220 3.
2683 4173 2734 4221 4.
2759 4174 2808 4233 9,
2827 4173 2872 4219 2.
2901 4170 2981 4229 11,
3004 4168 3075 4217 19.
3184 4188 3185 4215 ἢ

609 4258 649 4323 ⁴)
689 4259 893 4307 Nomen
926 4262 1009 4307 est
1044 4257 1245 4322 origine
1271 4270 1536 4321 graecum.
1598 4252 1846 4314 Φίλιππος
1879 4258 1914 4307 i.
1943 4272 1988 4307 e.
2017 4254 2159 4323 φίλος
2193 4252 2372 4318 ἵππων,
2409 4270 2598 4307 amans
2635 4272 2902 4322 equorum,
2939 4253 3076 4303 belli-
3184 4232 3185 4283 {

609 4360 783 4394 cesus.
845 4345 887 4409 ⁵)
926 4344 1029 4405 Qui
1068 4348 1121 4393 et
1156 4342 1507 4408 Evangelista
1540 4343 1859 4409 appellatur,
1897 4344 2014 4394 Act.
2039 4346 2123 4407 21,
2149 4346 2197 4395 8.
2260 4342 2302 4408 ⁸)
2339 4344 2406 4393 D.
2435 4360 2487 4409 q.
2513 4359 2562 4391 v.
2587 4342 2808 4393 Henriei
2837 4342 3079 4406 Wagner,
3184 4352 3185 4399 1

610 4430 742 4495 disq.
778 4430 897 4481 hist.
936 4430 1003 4480 de
1040 4428 1253 4479 Simone
1292 4430 1467 4495 Mago·
1516 4431 1689 4496 Marp.
1727 4430 1877 4481 1680.
1913 4447 1966 4496 p.
2003 4432 2051 4481 7.
2083 4446 2124 4481 s.
2199 4430 2241 4495 ⁷)
2279 4430 2723 4480 Animadvertens
2759 4426 3081 4480 confirmatos
3184 4438 3185 4497 ᾗ

609 4518 665 4565 in
714 4516 847 4566 alios
894 4516 1137 4567 homines
1184 4518 1403 4579 mutari,
1450 4521 1513 4567 ut
1556 4516 1748 4566 fierent
1797 4522 2016 4583 repente
2063 4518 2227 4566 variis
2274 4516 2472 4582 linguis
2521 4516 2742 4580 eruditi,
2786 4514 3082 4581 prophetae,
3184 4508 3185 4559 ἒ

610 4602 985 4652 miraculorum
1021 4608 1345 4669 operatores.
1420 4602 1461 4667 ⁸)
1498 4602 1615 4653 Act.
1643 4604 1692 4666 8,
1727 4604 1914 4653 5-25.
1987 4602 2029 4669 ⁹)
2069 4602 2204 4653 Coll.
2231 4602 2348 4653 Act.
2377 4605 2424 4666 1,
2449 4604 2499 4653 8.
