3267 5259
507 439 606 490 XL
1335 453 1580 503 Apparatus
1606 451 1827 493 Historieo
1842 472 1889 480 —
1910 449 2165 492 chronicus.

512 637 656 695 anni
715 636 966 694 formam
1025 634 1244 692 attinet
1261 678 1275 704 ,
1339 651 1457 690 non
1517 637 1743 691 constat
1800 629 1956 690 unde
2014 631 2283 690 ordiatur
2338 632 2721 708 Evangelista
2780 651 3005 691 annum

512 741 766 810 Tiberii3
815 758 960 797 num
989 756 1149 796 more
1198 757 1510 797 romano
1555 757 1592 794 a
1638 736 2024 795 Kalendis
2070 737 2480 808 Januarii,
2528 737 2628 796 vel
2668 756 2815 796 num
2845 756 3009 796 more

511 845 827 903 iudaice
887 862 923 900 a
973 861 1170 899 mense
1229 841 1441 899 Tisri
1504 848 1609 899 aut
1668 841 1917 898 Nisan
1968 841 2211 900 initium
2264 842 2391 900 eius
2443 840 2659 900 ducat?
2740 841 3009 899 Primam

511 949 847 1025 opinionem
897 945 1048 1004 illud
1093 946 1476 1004 verisimilem
1524 945 1697 1018 facit,
1746 947 1901 1024 quod
1948 967 1995 1004 s.
2040 946 2229 1004 Lucas
2277 949 2763 1005 commentarium
2810 965 3006 1018 suum,

514 1057 764 1112 testante
814 1051 1001 1128 ipsius
1053 1051 1348 1127 prooemio
1365 1095 1378 1122 ,
1443 1049 1769 1126 Theophilo
1820 1051 2007 1110 amieo
2059 1053 2125 1110 iu
2176 1051 2360 1110 Italia
2410 1052 2646 1126 degenti
2698 1051 3003 1110 scriberet.

511 1158 696 1216 Porro
741 1156 1033 1215 Romanos
1071 1155 1379 1214 Caesarum
1427 1175 1610 1214 annos
1656 1157 1729 1214 ab
1768 1175 1835 1214 eo
1875 1157 1971 1214 die
2018 1157 2255 1214 duxisse
2300 1161 2544 1228 constat,
2594 1175 2710 1234 quo
2757 1155 3011 1235 quisque

513 1263 804 1338 imperare
845 1262 1036 1336 coepit
1058 1258 1096 1318 ¹.
1159 1258 1288 1323 Qua
1327 1261 1398 1317 de
1427 1279 1599 1319 causa
1638 1279 1773 1319 cum
1805 1265 2109 1335 Augustus
2140 1279 2175 1318 a
2203 1262 2260 1319 d.
2291 1260 2464 1319 XIV.
2496 1260 2632 1319 Kal.
2666 1260 2829 1337 Sept.
2864 1261 3011 1318 anni

513 1386 571 1442 p.
605 1365 667 1424 C.
699 1385 761 1423 n.
797 1369 897 1423 14.
945 1365 1191 1436 obierit3
1234 1365 1477 1444 ideoque
1507 1366 1581 1423 ab
1623 1367 1735 1423 hoc
1775 1366 1901 1442 ipso
1946 1366 2041 1423 die
2078 1365 2302 1424 'liberii
2346 1365 2715 1442 principatus
2761 1365 3009 1423 initium

514 1471 782 1546 coeperit,
830 1470 1018 1528 Lucas
1064 1471 1114 1528 si
1145 1469 1434 1528 Romanos
1477 1475 1710 1528 secutus
1756 1476 1845 1528 eet
1860 1465 1904 1542 ²,
1954 1468 2093 1528 XV.
2134 1469 2357 1528 Tiberii
2413 1489 2635 1528 aunum
2650 1471 2814 1528 iuter
2852 1471 3013 1527 diem

515 1577 770 1649 Augusti
828 1574 1044 1632 mensis
1101 1573 1282 1632 XIX.
1337 1575 1480 1632 anni
1533 1594 1590 1650 p.
1642 1574 1706 1631 C.
1753 1594 1815 1632 u.
1868 1578 1969 1634 28.
2024 1581 2085 1632 et
2136 1575 2295 1632 iuter
2352 1575 2601 1632 eundem
2652 1575 2811 1632 diem
2866 1575 3009 1632 anni

515 1681 811 1758 sequentis
842 1681 1038 1756 posuit
1058 1676 1101 1736 3.

723 1787 821 1841 30.
889 1784 1122 1848 Quando
1175 1803 1219 1840 s.
1277 1785 1524 1839 Joannes
1566 1786 1636 1842 B.
1684 1787 1958 1854 baptizare
2026 1791 2077 1839 et
2134 1785 2469 1854 praedicare
2530 1783 2813 1854 coeperit?
2900 1783 3011 1840 Sed

519 1888 806 1967 quidquid
851 1889 930 1946 sit
959 1889 1192 1946 demum
1239 1891 1394 1946 circa
1423 1889 1764 1959 terminum,
1814 1888 1970 1946 unde
2000 1891 2056 1947 d.
2089 1888 2277 1946 Lucas
2323 1907 2507 1946 annos
2536 1887 2759 1946 Tiberii
2804 1906 3013 1946 nume·

516 2013 650 2051 rare
695 2012 937 2051 exorsus
974 1998 1095 2052 est:
1142 1993 1344 2070 procul
1390 1994 1568 2052 dubio
1613 2015 1659 2053 s,
1690 1994 1728 2051 J
1729 2012 1944 2052 oannes
1972 1993 2041 2053 B.
2074 2012 2191 2052 nou
2238 1992 2439 2052 statim
2470 1993 2773 2052 Christum
2817 1993 3013 2068 bapt-i·

517 2100 712 2167 zavit3
768 2116 875 2156 nee
925 2097 1215 2157 Dominus
1266 2099 1465 2156 eodem
1479 2145 1493 2170 ‚
1549 2118 1667 2176 quo
1719 2099 1783 2156 iu
1836 2117 2069 2157 crucem
2120 2103 2285 2157 actus
2338 2103 2427 2155 est
2476 2117 2631 2156 anno
2678 2098 3015 2172 baptizatus

522 2203 747 2272 fuerat3
781 2223 898 2261 uno
929 2203 1136 2262 saltem
1167 2209 1226 2262 et
1256 2202 1441 2262 altero
1470 2222 1624 2262 anno
1656 2205 1821 2281 prius
1852 2204 2233 2280 praedicavit.
2295 2205 2461 2262 Auni
2492 2203 2737 2280 proinde
2770 2201 3011 2273 Christi,

518 2308 556 2365 J
564 2326 864 2366 oannem
903 2309 1348 2381 accedentis,
1401 2327 1561 2366 nunc
1605 2309 1956 2367 discutiendi
2000 2311 2272 2367 veniunt.
2344 2307 2473 2370 Quo
2522 2309 2643 2366 loeo
2689 2307 3017 2366 notandum

520 2416 609 2470 est
657 2411 1068 2470 difficultatem
1121 2413 1280 2471 haud
1333 2413 1609 2487 exiguam
1664 2414 1810 2472 oriri
1858 2434 1933 2472 ex
1986 2415 2175 2472 dubio·
2217 2414 2539 2473 verborum
2559 2411 2584 2451 ⁴
2627 2433 2831 2484 sensu,
2888 2413 3014 2469 divi

522 2517 715 2576 Lucae
759 2521 815 2588 3,
853 2521 953 2575 23.
1008 2512 1120 2594 ,καὶ
1167 2514 1326 2586 αὒτός
1353 2511 1421 2589 ἦν
1459 2515 1490 2574 ὁ
1521 2515 1731 2590 Ἰησοῦς
1774 2513 1907 2575 ὡσεὶ
1938 2515 2074 2575 ἐτῶν
2102 2517 2392 2595 τριάκοντα
2436 2514 2787 2594 ἆρχόμενοςέ
2836 2516 3014 2591 Vulg.

524 2620 625 2693 ,Et
662 2621 788 2696 ipse
815 2621 981 2680 Jesus
1023 2627 1150 2680 erat
1189 2623 1477 2698 incipiens
1506 2625 1674 2701 quasi
1704 2642 1993 2681 annorum
2039 2624 2289 2697 triginta
2306 2621 2373 2681 ⁵.‘
2434 2622 2708 2698 Spectata
2736 2623 3018 2681 universa

525 2815 650 2861 sunt
684 2810 1004 2861 dividenda?
1052 2811 1161 2860 Cur
1197 2817 1306 2860 tum
1343 2813 1567 2877 primum
1605 2810 1853 2862 consules
1890 2813 1948 2860 in
1972 2811 2139 2861 verba
2160 2811 2361 2861 Tiberii
2398 2811 2677 2860 iuravere?
2712 2815 2773 2860 ut
2795 2811 3021 2876 ipsemet

527 2899 618 2947 ait.
649 2925 710 2936 -
737 2898 818 2947 Ib.
858 2913 902 2947 c.
944 2899 990 2946 7.
1027 2914 1081 2963 p.
1107 2899 1155 2947 5.
1184 2925 1248 2935 —-
1277 2897 1386 2947 Cur
1420 2899 1650 2965 denique
1686 2898 1943 2965 perplexa
1980 2903 2035 2948 et
2068 2899 2299 2948 obscura
2332 2899 2539 2948 ratione
2575 2898 2855 2963 imperium
2895 2911 2929 2946 a
2964 2913 3020 2947 se

525 2986 708 3035 reiecit
757 2984 1023 3035 Tiberius.
1095 2985 1170 3035 Ut
1207 2991 1454 3036 narratur
1486 2987 1560 3035 ib.
1599 3001 1645 3036 c.
1689 2988 1769 3036 11.
1818 3001 1871 3051 p.
1909 2987 1958 3035 8.
2030 2985 2139 3036 Ubi
2186 2986 2293 3035 iam
2342 2984 2567 3050 adeptus
2616 2991 2733 3034 erat
2778 2999 3020 3048 regnum,

527 3087 622 3121 cur
667 3070 836 3122 solam
884 3071 990 3120 divi
1038 3072 1264 3138 Augusti
1311 3078 1542 3123 mentem
1591 3078 1773 3122 tantae
1827 3071 1980 3122 molis
2035 3085 2289 3138 capacem
2335 3072 2435 3133 ait,
2492 3072 2539 3122 si
2588 3086 2697 3121 non
2745 3070 3021 3136 Augustus

527 3158 702 3222 solus,
741 3159 836 3209 sed
870 3160 988 3224 ipse
1013 3175 1133 3209 cum
1156 3159 1398 3225 Augusto
1435 3174 1605 3226 aeque
1644 3160 2035 3210 administraret
2064 3160 2378 3225 imperium?
2424 3159 2578 3208 Patet
2615 3159 2799 3224 itaque
2838 3157 3025 3208 dicunt

529 3246 726 3298 Tiberii
792 3247 1147 3312 principatum
1214 3248 1284 3297 ab
1338 3247 1564 3312 Augusti
1622 3253 1791 3297 morte
1852 3247 2083 3296 omnium
2150 3260 2417 3296 consensu
2483 3251 2627 3295 recte
2688 3249 3023 3295 numeratum

531 3349 740 3398 semper
773 3332 968 3397 fuisse3
1017 3333 1320 3400 frustraque
1357 3335 1571 3385 omnino
1607 3333 1747 3395 fleri,
1797 3339 1857 3383 ut
1905 3335 1973 3383 ab
2017 3332 2126 3382 alia
2162 3331 2371 3396 epocha
2394 3359 2457 3369 -
2484 3330 2768 3398 repudiata
2804 3331 3027 3397 vulgata

528 3418 855 3486 publicaque
891 3421 1170 3486 imperiali,
1209 3436 1346 3488 quae
1372 3437 1582 3472 omnem
1607 3423 1789 3471 orbem
1828 3419 2139 3486 oppleverat
2156 3447 2221 3456 -
2242 3420 2311 3468 ab
2338 3420 2567 3470 obscura
2594 3423 2649 3469 et
2670 3421 2857 3484 ignota
2882 3419 3025 3468 deci·

530 3521 647 3556 mus
683 3508 898 3572 quintus
937 3509 1051 3558 eius
1089 3523 1262 3558 annus
1299 3522 1333 3558 a
1378 3525 1419 3558 s.
1455 3507 1610 3559 Luca
1656 3513 1977 3558 memoratus
2027 3505 2346 3573 repetendus
2384 3510 2615 3572 putetur.
2678 3504 2757 3554 cf.
2795 3503 3025 3566 Petavii,

531 3593 652 3643 Rat.
687 3599 848 3660 temp.
888 3595 1054 3660 praef.
1093 3595 1228 3645 Gen.
1278 3595 1360 3644 ed.
1395 3595 1566 3645 Extra
1611 3596 1907 3645 institutum
1956 3599 2193 3644 nostrum
2242 3598 2323 3644 est
2372 3594 2675 3643 examinare
2711 3597 3029 3658 argumenta

531 3695 673 3747 quae
710 3687 986 3747 opponunt
1021 3681 1142 3732 alii:
1179 3682 1458 3748 Leguntur
1479 3698 1606 3732 vero
1631 3681 1775 3749 apud
1799 3681 1986 3747 Lamy,
2026 3697 2071 3732 c.
2098 3679 2131 3731 l.
2158 3697 2210 3747 p.
2240 3682 2354 3731 107.
2380 3695 2491 3746 seq.
2541 3680 2737 3745 Anger,
2770 3679 2837 3729 de
2862 3685 3029 3746 temp.

533 3778 587 3834 p.
625 3769 708 3818 13.
765 3767 820 3818 J.
857 3768 919 3819 B.
956 3768 1160 3832 Palma,
1197 3769 1594 3820 Praelectiones
1629 3769 1767 3821 Hist.
1807 3768 1937 3818 eccl.
1972 3767 2193 3818 Romae.
2236 3767 2385 3818 1838.
2420 3767 2465 3829 1,
2503 3767 2587 3817 23.
2626 3783 2669 3816 s.
2716 3765 2914 3832 Weigl,
2952 3766 3027 3820 th.

535 3853 643 3904 chr.
668 3854 805 3905 Abh.
831 3859 882 3906 fl.
908 3855 958 3906 d.
984 3871 1049 3907 w,
1077 3855 1330 3908 Geburts-
1359 3871 1412 3906 u.
1449 3855 1727 3920 Sterbjahr
1760 3855 1812 3906 J.
1840 3855 1899 3905 C.
1924 3855 1968 3918 1,
1995 3856 2078 3904 92.
2104 3871 2147 3904 s.
2186 3853 2245 3904 C.
2277 3854 2506 3917 Ammer,
2544 3853 2631 3903 die
2668 3851 3033 3920 Chronologie

535 3940 632 3991 des
666 3941 882 3992 Lebens
917 3940 969 3992 J.
998 3941 1056 3992 C.
1085 3941 1388 4008 Straubing.
1416 3943 1569 3994 1855.
1605 3959 1657 4008 p.
1686 3943 1767 3993 74.
1794 3959 1835 3992 s.
2894 3975 2905 3982 -

749 4029 786 4095 ¹)
815 4026 894 4078 cf.
912 4028 1105 4079 Dionis
1124 4027 1292 4092 Cass„
1315 4029 1453 4080 Hist.
1471 4044 1602 4078 rom.
1617 4030 1765 4091 51,1.
1786 4043 1833 4078 e.
1848 4043 1893 4078 c.
1912 4044 1966 4094 p.
1982 4029 2099 4078 631.
2138 4025 2392 4090 Svetonii,
2417 4028 2736 4094 Vespasian.
2754 4027 2823 4091 X,
2842 4029 2893 4079 6.
2914 4043 2961 4079 e.
2982 4045 3027 4080 c.

537 4133 588 4182 p.
611 4116 728 4166 113.
766 4115 953 4178 Taciti,
973 4116 1113 4166 Hist.
1133 4115 1204 4178 11,
1227 4117 1309 4166 79.
1333 4116 1415 4166 ed.
1435 4131 1481 4165 c.
1501 4115 1600 4178 111,
1623 4117 1706 4166 92.
1763 4115 1805 4181 ²)
1829 4113 2011 4164 Veluti
2036 4115 2196 4165 etiam
2218 4114 2505 4180 Josephus.
2530 4115 2595 4165 V.
2619 4114 2815 4181 Anger,
2839 4114 2875 4164 1.
2903 4131 2949 4166 c.
2978 4133 3031 4183 p.

541 4204 622 4252 16.
647 4219 690 4253 s.
753 4201 792 4270 ³)
821 4201 901 4252 Cf.
928 4201 1180 4266 Svetonii,
1207 4202 1393 4252 Octav.
1418 4202 1551 4269 Aug.
1576 4201 1650 4265 11,
1681 4203 1795 4253 100.
1820 4217 1873 4268 p.
1898 4203 1983 4252 41.
2044 4199 2086 4267 ⁴)
2111 4202 2197 4252 De
2224 4203 2417 4267 quibus
2442 4203 2551 4252 iam
2574 4201 2739 4254 locuti
2764 4219 2951 4254 sumus
2974 4221 3030 4271 p.

537 4289 763 4340 XXXII.
823 4289 866 4355 ὓ)
903 4289 1011 4340 Ubi
1035 4306 1222 4340 vocem
1257 4287 1394 4352 ὡσεὶ,
1435 4290 1681 4340 nonnulli
1716 4290 2159 4340 imminentem
2194 4293 2399 4355 putant,
2436 4288 2729 4356 voluntque
2762 4289 3035 4341 Christum

540 4376 609 4428 ad
630 4376 963 4442 Baptismum
985 4377 1214 4429 «Ioannis
1238 4379 1530 4429 accessisse
1559 4379 1810 4429 vicesimo
1836 4393 1979 4428 nono
2006 4378 2197 4428 aetatis
2222 4391 2353 4427 suae
2380 4391 2537 4427 anno.
2586 4376 2693 4426 Alii
2716 4377 3035 4428 absolute

463 4455 466 4460 ’
541 4463 988 4513 affirmantem
1023 4465 1338 4530 particulam
1373 4480 1494 4515 esne
1529 4465 1775 4526 suadent,
1813 4479 1953 4531 quae
1976 4479 2192 4514 sensum
2216 4461 2431 4512 reddat:
2468 4464 2761 4528 incipiebat
2782 4464 2951 4514 Jesus
2975 4481 3035 4514 re

543 4551 662 4616 ipsa
695 4549 1017 4600 tricesimum
1053 4565 1252 4600 annum
1289 4551 1596 4602 decurrere:
1635 4550 1840 4602 Ceteris
1866 4550 2097 4616 denique
2131 4549 2341 4600 videtur
2376 4545 2497 4599 ὡσεὶ
2519 4554 2649 4600 nota
2680 4565 2797 4601 esse
2835 4553 3035 4602 ambi·

543 4637 837 4704 guitatis,
876 4652 1016 4708 quae
1037 4635 1179 4692 idem
1205 4637 1348 4690 dicat
1372 4652 1463 4691 ac:
1501 4639 1727 4704 circiter,
1752 4639 1825 4704 iu,
1853 4638 2010 4704 circa,
2040 4635 2161 4710 plus
2186 4637 2377 4706 minus,
2415 4635 2787 4710 affirmantque
2812 4638 3063 4699 ineunte,
