3267 5259
499 408 629 475 426
1236 420 1350 463 nist.
1381 420 1489 463 Ber.
1518 420 1607 465 div.
1639 420 1808 463 Period.
1837 420 1890 463 11.
1911 430 2011 473 cap.
2041 421 2238 473 prinum.

500 610 627 661 tum
668 604 955 662 bonorum
997 599 1313 661 discrimen
1362 601 1730 661 subeundum
1775 620 1894 659 esse
1933 602 2328 660 minarentur.
2389 602 2552 665 Quae
2595 602 2754 659 mala
2803 601 3020 659 omnia

500 708 706 765 divino
736 706 1031 782 imprimis
1062 710 1213 765 nutu
1242 711 1302 764 et
1333 705 1509 781 longo
1540 726 1740 765 rerum
1769 726 1878 765 usu
1912 706 2314 782 praesagiebat
2341 708 2400 765 d.
2425 706 2666 765 Paulus.
2713 705 3020 769 Quamvis

500 816 695 870 autem
749 830 818 867 ea
868 811 1067 869 omnia
1120 810 1467 869 centurioni
1522 810 1586 867 in
1634 810 1976 869 memoriam
2029 817 2358 881 revocaret,
2413 800 2572 869 nihil
2625 815 2826 869 tamen
2877 810 3016 867 suis

506 917 745 973 monitis
789 914 1194 973 saluberrimis
1242 915 1466 984 effecit3
1522 934 1656 972 cum
1708 916 2068 989 gubernator
2109 922 2170 974 et
2219 916 2528 974 nauclerus
2579 921 2790 973 contra
2841 917 3012 973 nite-

502 1026 738 1090 rentur,
782 1038 1031 1097 quorum
1069 1018 1267 1077 verbis
1308 1020 1587 1077 maiorem
1629 1018 1806 1077 fidem
1847 1020 2046 1077 Julius
2084 1021 2400 1079 adhibebat
2443 1040 2620 1099 quam
2651 1016 3012 1095 Apos10101.

502 1124 857 1182 centurione
902 1124 1253 1181 assentiente
1297 1123 1369 1181 ad
1410 1122 1744 1181 Phoenicen
1765 1120 1792 1161 ²
1835 1128 2071 1199 portum
2117 1126 2205 1182 ire
2251 1130 2540 1183 statutum
2587 1130 2694 1183 est.
2755 1124 3014 1181 Interea

502 1228 653 1287 levis
683 1248 758 1285 ex
788 1234 987 1287 austro
1018 1230 1209 1285 oritur
1240 1232 1449 1285 ventus
1464 1272 1479 1298 ,
1523 1246 1640 1306 quo
1669 1230 2013 1304 tempestive
2043 1228 2134 1286 usi
2149 1272 2164 1295 ‚
2209 1229 2478 1287 anchoris
2521 1228 2770 1307 sublatis
2807 1227 3012 1285 solve-

500 1338 669 1404 runt,
705 1332 1087 1409 legebantque
1117 1350 1279 1391 oram
1311 1332 1514 1389 Cretae
1546 1332 2018 1403 meridionalem3
2065 1333 2256 1391 securi
2295 1338 2494 1391 austro
2535 1332 2722 1390 flante
2752 1338 3008 1407 portum

501 1440 847 1512 exoptatum
896 1418 1085 1493 facile·
1122 1437 1389 1493 advectos
1449 1436 1563 1492 iri:
1625 1454 1756 1493 cum
1809 1438 2004 1495 subito
2062 1442 2268 1496 exorta
2327 1436 2582 1514 procella
2631 1438 2708 1494 ab
2765 1436 3010 1493 oriente

500 1540 985 1616 septemtrionali,
1034 1540 1238 1599 navim
1284 1558 1433 1617 quae
1463 1540 1717 1616 amplius
1747 1543 1872 1615 regi
1903 1562 2022 1599 non
2053 1546 2284 1618 poterat
2313 1543 2386 1599 ad
2416 1540 2672 1599 insulam
2695 1540 2966 1597 Caudam
2983 1538 3012 1577 ³

504 1644 762 1720 impulit,
808 1645 962 1703 unde
1008 1644 1239 1720 abrepti
1280 1649 1339 1702 et
1379 1644 1716 1702 vehementi
1761 1648 2102 1721 tempestate
2141 1647 2258 1705 huc
2285 1652 2346 1703 et
2375 1646 2520 1703 illuc
2559 1646 2762 1703 iactati
2809 1644 3014 1703 altera

502 1749 594 1806 die
641 1767 874 1820 merces,
922 1754 983 1805 et
1030 1748 1209 1807 tertia
1253 1749 1486 1807 demum
1536 1754 1901 1808 armamenta
1951 1753 2128 1808 etiam
2173 1751 2343 1809 navis
2391 1751 2456 1807 in
2503 1770 2662 1807 mare
2709 1750 3010 1825 proiicere

500 1852 685 1911 coacti
714 1856 870 1924 sunt,
902 1870 1009 1911 nec
1039 1859 1235 1911 tamen
1268 1852 1595 1928 periculum
1622 1854 1891 1912 cessavit.
1953 1854 2212 1913 Tandem
2252 1858 2592 1930 tempestate
2630 1872 2751 1911 non
2781 1854 3004 1911 remit-

502 1962 679 2027 tente,
736 1958 925 2015 omnis
974 1976 1101 2033 spes
1152 1955 1360 2014 salutis
1408 1958 1680 2027 evanuit3
1733 1958 1832 2015 sed
1885 1959 2094 2017 missus
2142 1959 2214 2017 ad
2262 1958 2438 2017 Pauli
2479 1976 2676 2034 preces
2731 1957 3012 2031 Angelus

502 2060 815 2119 nunciavit
849 2062 993 2131 fore,
1038 2064 1107 2117 ut
1145 2066 1341 2118 tamen
1380 2060 1613 2119 Caesari
1655 2061 1988 2133 sisteretur,
2031 2081 2342 2140 omnesque
2383 2062 2486 2139 qui
2517 2080 2718 2120 secum
2749 2061 3010 2136 naviga-

502 2168 649 2224 bant
676 2164 996 2223 incolumes
1026 2184 1317 2223 evasuros.
1366 2163 1559 2228 Quam
1588 2166 1877 2224 visionem
1901 2186 2034 2224 cum
2065 2167 2378 2225 revelasset
2405 2168 2591 2237 sociis,
2627 2166 2704 2225 iis
2731 2166 3008 2223 animum

502 2269 745 2327 addidit.
780 2270 963 2328 Nocte
988 2270 1173 2343 igitur
1194 2270 1419 2327 decima
1446 2276 1658 2349 quarta
1687 2288 1820 2329 cum
1851 2271 1972 2330 iam
2000 2271 2192 2329 locum
2215 2271 2599 2329 dithalassum
2631 2270 3001 2345 attigissent,

502 2372 851 2432 senserunt⁴
892 2379 1107 2432 nautae
1148 2378 1367 2431 terram
1406 2374 1744 2451 quampiam
1775 2378 1841 2432 in
1871 2378 2197 2453 propinquo
2235 2394 2371 2446 esse,
2414 2376 2486 2433 ad
2517 2394 2696 2453 quam
2739 2380 2870 2433 orto
2904 2375 3004 2432 die

501 2480 641 2537 dum
670 2478 961 2555 appellere
992 2482 1366 2547 conarentur;
1409 2478 1690 2537 dissoluta
1729 2480 1870 2537 navi
1901 2480 2290 2537 effunduntur
2331 2479 2403 2537 ad
2435 2478 2678 2537 Melitae
2701 2476 2727 2515 ⁵
2769 2478 3004 2537 insulae

501 2582 678 2641 litora
708 2584 979 2641 omnibus
1000 2580 1024 2620 ⁶
1062 2584 1283 2659 partim
1312 2588 1539 2654 natatu,
1584 2584 1806 2659 partim
1853 2583 2068 2643 tabulis
2113 2586 2424 2643 subvectis.
2485 2584 2744 2642 Paulum
2781 2585 3001 2643 socios-

500 2704 613 2763 que
644 2686 779 2761 gelu
808 2692 869 2745 et
898 2706 1049 2765 aqua
1078 2688 1335 2761 rigentes
1376 2688 1627 2761 benigne
1660 2686 1993 2745 Melitenses
2031 2694 2405 2764 exceperunt,
2447 2706 2804 2766 accensoque
2839 2688 2998 2762 igne,

502 2790 634 2849 illos
680 2796 1039 2848 recrearunt.
1100 2791 1307 2848 Mirati
1346 2790 1571 2848 incolae
1610 2792 1762 2868 quod
1813 2791 2126 2867 Apostolus
2163 2798 2459 2850 sarmenta
2495 2792 2624 2866 igni
2665 2792 3000 2867 imponens,

716 3032 753 3095 ¹)
794 3030 1137 3082 celebratum
1172 3032 1277 3081 iam
1315 3036 1425 3081 tum
1462 3030 1565 3081 fuit
1600 3030 1822 3081 solenne
1857 3032 2116 3082 ieiunium
2153 3031 2240 3082 die
2277 3033 2622 3099 expiationis,
2657 3031 2906 3083 incidens
2943 3034 3002 3082 in

502 3122 783 3169 exeuntem
838 3116 1201 3185 Septembrem
1248 3118 1337 3167 vel
1385 3120 1658 3169 ineuntem
1709 3116 2012 3167 Octobrem.
2079 3118 2313 3169 Atticum
2364 3120 2622 3169 ieiunium
2675 3120 2795 3169 Act.
2831 3120 2916 3181 2⁷,
2951 3122 3003 3171 9.

502 3204 555 3255 S.
598 3206 803 3255 Lucam
840 3207 1155 3272 respexisse,
1194 3206 1281 3255 vel
1315 3206 1441 3255 inde
1478 3206 1589 3255 veri
1628 3206 1862 3271 speciem
1899 3205 2118 3269 amittit3
2159 3204 2305 3271 quod
2341 3219 2515 3255 sermo
2551 3204 2644 3254 ille
2679 3220 2783 3255 nec
2817 3205 2997 3255 Panlo

499 3293 737 3359 loquenti
764 3308 863 3343 nec
889 3294 1149 3358 personis,
1184 3293 1379 3359 quibus
1402 3292 1684 3343 imminens
1709 3291 2006 3357 periculum
2031 3291 2459 3357 praedicabatur,
2483 3308 2585 3343 nec
2611 3294 2840 3357 tempori
2865 3308 2994 3343 con-

501 3381 683 3430 venire
706 3379 969 3430 videatur.
1007 3378 1088 3431 Cf.
1116 3380 1175 3429 P.
1202 3379 1263 3429 A.
1308 3379 1537 3444 Boysen,
1576 3378 1644 3428 de
1681 3378 1883 3429 difficili
1909 3378 2064 3428 Pauli
2099 3380 2306 3441 itinere,
2341 3380 2398 3428 in
2421 3378 2580 3429 Thes.
2617 3394 2668 3429 n.
2703 3396 2756 3445 p.
2786 3380 2909 3429 729.
2949 3394 2996 3429 s.

502 3465 545 3530 ²)
584 3466 907 3527 Ptolemaeo,
944 3467 1001 3516 in
1037 3470 1271 3516 extremo
1298 3466 1491 3516 Cretae
1529 3466 1696 3516 latere
1733 3469 1814 3514 est
1849 3464 2090 3531 φοινικοῦς
2125 3460 2316 3533 λυμνὴ,
2354 3471 2408 3515 et
2443 3481 2608 3532 prope
2645 3464 2796 3516 illum
2835 3462 2996 3532 φοίνιξ

501 3548 657 3609 πόλις.
698 3551 777 3601 cf.
817 3552 1121 3614 cellarium,
1160 3552 1226 3603 de
1262 3567 1470 3603 amoen.
1508 3568 1690 3618 geogr.
1727 3569 1779 3617 p.
1820 3551 1970 3601 1197.
2027 3551 2068 3615 ³)
2110 3550 2314 3601 Claude
2363 3551 2611 3615 creditur,
2650 3566 2790 3617 quae
2839 3551 3002 3603 hodie

505 3638 653 3689 Gozo
691 3638 1010 3705 appellatur,
1047 3638 1115 3689 ad
1154 3644 1391 3690 austrum
1420 3637 1660 3689 Candiae
1692 3638 1920 3689 obiecta.
1961 3636 2042 3687 Cf.
2068 3638 2131 3687 R.
2169 3637 2437 3701 Pococke,
2475 3638 2846 3705 Morgenland.
2885 3640 3001 3689 Eri.

508 3728 655 3777 1754.
693 3726 765 3788 11,
808 3728 923 3777 347.
976 3727 1017 3791 ⁴)
1054 3724 1191 3775 Mari
1230 3726 1409 3775 bolide
1445 3727 1759 3791 tempestive
1797 3724 2090 3791 explorato.
2114 3724 2232 3774 Act.
2259 3727 2342 3786 27,
2370 3727 2453 3775 2⁷.
2503 3726 2544 3789 ⁵)
2585 3724 2693 3775 Sed
2729 3740 3002 3791 quaenam

503 3815 609 3864 ista
644 3811 863 3863 Melita?
910 3812 1065 3864 huius
1121 3814 1347 3863 nominis
1401 3827 1511 3862 una
1554 3818 1638 3863 est
1689 3812 1908 3875 Illyrica
1953 3812 2010 3861 in
2057 3812 2188 3861 mari
2224 3811 2548 3874 Dalmatico,
2597 3812 2770 3862 altera
2809 3812 3002 3863 Sicula

502 3902 646 3952 inter
684 3898 921 3950 Siciliam
956 3904 1011 3949 et
1045 3899 1297 3949 Africam.
1333 3899 1551 3949 Interim
1590 3900 1756 3949 fuisse
1795 3898 2043 3960 Siculam,
2083 3913 2272 3949 cursus
2306 3898 2432 3948 inde
2469 3899 2672 3949 itineris
2719 3899 2792 3949 ad
2839 3900 3002 3964 Syra-

502 4000 662 4038 cusas
700 3991 753 4036 et
788 3986 1051 4051 Rhegium
1090 3985 1339 4037 ostendit.
1378 3986 1545 4035 Porro
1583 3990 1646 4034 ut
1679 3984 1748 4035 ad
1785 3985 2021 4035 Melitam
2058 3984 2328 4049 Illyricam
2363 3986 2624 4047 venirent,
2670 4001 2768 4051 per
2803 3986 3002 4037 fretum

504 4076 643 4125 inter
682 4072 987 4123 Calabriam
1025 4077 1079 4123 et
1113 4072 1336 4138 Epirum
1373 4071 1497 4121 ferri
1533 4086 1756 4123 necesse
1793 4076 1923 4121 erat.
1976 4070 2080 4121 Sed
2132 4070 2234 4121 hoc
2282 4076 2567 4137 angustum
2611 4070 2808 4122 fretum
2858 4088 3004 4123 nave

507 4160 733 4227 perferri
769 4158 1121 4224 improbabile
1156 4158 1401 4208 habetur.
1440 4156 1519 4207 Cf.
1546 4158 1598 4207 J.
1627 4157 1692 4207 G.
1717 4157 1994 4221 Meissner,
2033 4158 2390 4223 peregrinatio
2427 4158 2584 4209 Pauli
2621 4160 3002 4209 transmarina.

502 4248 653 4297 Witt.
706 4248 857 4297 1679.
908 4262 961 4311 p.
1002 4247 1049 4295 7.
1086 4262 1131 4295 s.
1186 4245 1289 4295 Pro
1326 4245 1513 4295 Melita
1550 4244 1734 4297 Sicula
1785 4248 2030 4311 pugnant
2067 4244 2118 4294 J.
2155 4244 2244 4293 Pr.
2283 4244 2658 4307 Wandalinus,
2705 4244 2774 4295 de
2811 4246 3004 4295 Melita

502 4333 675 4396 Pauli,
700 4334 757 4382 in
780 4333 940 4383 Thes.
966 4349 1017 4383 n.
1044 4350 1096 4399 p.
1124 4333 1241 4382 739.
1264 4346 1307 4381 s.
1344 4332 1595 4395 Kuinoel,
1621 4332 1657 4381 L
1683 4348 1728 4381 c.
1755 4349 1807 4397 p.
1827 4333 1947 4381 844.
1987 4330 2169 4395 Gratz,
2191 4330 2446 4396 Schaupl.
2471 4332 2524 4382 d.
2547 4332 2598 4381 h.
2619 4330 2772 4382 Schr.
2797 4350 2853 4399 p.
2877 4336 3000 4384 514.

502 4418 556 4469 J.
600 4419 666 4467 H.
710 4420 942 4482 Lai-sen,
990 4420 1088 4469 iter
1132 4419 1191 4469 P.
1228 4419 1577 4481 maritimum,
1634 4436 1686 4485 p.
1735 4420 1816 4468 79.
1859 4436 1902 4469 s.
1962 4418 2187 4479 Beelen,
2233 4418 2303 4482 H,
2349 4419 2462 4469 250.
2525 4420 2740 4485 Meyer,
2787 4436 2840 4485 p.
2877 4422 3000 4471 459.

502 4504 691 4555 Melita
726 4505 941 4569 Illyrica
990 4520 1193 4571 paucos
1238 4504 1403 4555 habet
1448 4505 1783 4569 defensores,
1838 4507 1978 4555 inter
2021 4504 2120 4555 hos
2175 4505 2243 4556 cl.
2281 4504 2584 4567 Rhoetiam,
2625 4506 2694 4555 de
2733 4506 2890 4556 Pauli
2927 4507 3002 4557 ad

502 4591 731 4642 insulam
755 4592 993 4641 Melitam
1018 4592 1317 4657 naufragio.
1354 4593 1497 4642 Trai.
1526 4592 1595 4641 ad
1632 4592 1800 4642 Rhen.
1831 4594 1982 4643 1743.
2021 4592 2064 4656 ⁸)
2093 4593 2322 4642 Numero
2349 4594 2470 4642 276.
2491 4591 2626 4642 Coll.
2653 4594 2774 4643 Act.
2801 4596 2886 4657 27,
2913 4596 3002 4645 37.
