3267 5259
503 427 630 491 396
1241 438 1356 480 mut.
1383 437 1491 479 Ber.
1521 438 1611 479 div.
1641 436 1811 479 Psi-iod.
1838 437 1897 479 11.
1916 448 2011 489 cap.
2040 436 2239 489 primun.

505 636 788 700 quanam
832 614 1084 679 ratione
1129 613 1366 678 mortui
1411 613 1835 695 suscitantur,
1910 610 2084 698 quali
2134 633 2411 697 corpore
2456 609 2739 696 praediti
2782 632 3005 675 resur-

504 726 706 811 gent?
772 727 922 791 Istis
969 724 1232 812 quidem
1279 724 1604 808 concedit,
1670 746 2019 790 commune
2066 746 2304 811 corpus
2349 722 2757 788 humanum¹
2819 744 3008 787 resu-

505 841 882 904 scitatorum
929 862 1073 905 esse
1103 862 1238 906 non
1267 861 1490 925 posse,
1537 849 1607 903 at
1652 837 1841 903 simul
1888 836 2125 903 edocet
2168 860 2301 921 eos,
2336 835 2905 924 quemadmodum
2934 838 3007 900 in

505 962 680 1016 terra
726 962 790 1016 et
835 952 1034 1018 coelis
1078 954 1262 1017 varia
1307 974 1588 1038 corpora
1631 952 1788 1035 sint,
1850 952 1945 1015 sic
1991 953 2188 1017 etiam
2234 973 2473 1037 corpus
2520 972 2667 1015 esse
2716 948 3009 1013 animale

509 1076 575 1130 et
619 1065 982 1152 spirituale,
1049 1074 1248 1151 atque
1307 1063 1625 1151 spirituali
1684 1063 1951 1151 quidem
2012 1062 2311 1128 indutum
2371 1064 2448 1128 iri
2505 1063 2943 1127 resuscitatos
2960 1064 3007 1124 ².

507 1179 585 1242 In
634 1178 891 1265 epilogo
914 1182 938 1222 ³
1005 1186 1177 1243 orat:
1248 1186 1318 1242 ut
1377 1178 1611 1264 stipem
1658 1178 1726 1241 in
1770 1176 2007 1241 fratres
2051 1198 2377 1262 pauperes
2426 1174 2774 1261 colligant,
2852 1184 3011 1261 post

505 1290 826 1356 adventus
879 1292 976 1356 sui
1034 1291 1533 1376 promissionem
1587 1289 2005 1355 Timotheum
2058 1287 2506 1370 commendat,
2561 1286 2887 1373 Apollum
2940 1299 3009 1351 et

507 1403 666 1469 alios
707 1404 1025 1489 quosdam
1067 1403 1310 1487 laudat,
1359 1403 1785 1468 salutationes
1828 1402 2287 1467 nonnullorum
2334 1398 2681 1483 adscribitt,
2728 1400 3009 1465 tandem

506 1526 660 1581 voto
707 1518 1090 1602 gravissimo
1139 1515 1482 1602 epistolam
1525 1515 1669 1580 finit
1685 1519 1729 1579 ⁴.

717 1710 968 1779 Diqressio
1007 1710 1048 1763 I.
1098 1710 1157 1761 ck
1183 1714 1446 1779 praecepto
1489 1708 1717 1778 Apostoli
1750 1709 1882 1778 quod
1917 1708 1987 1760 ad
2033 1707 2289 1761 vinculum
2332 1707 2555 1777 coniuqii
2600 1707 2797 1758 attinet.
2864 1708 3011 1770 Apo-

507 1795 674 1847 stolus
713 1796 761 1857 7,
791 1798 871 1847 10.
901 1797 982 1845 11.
1023 1795 1128 1857 „de
1167 1794 1484 1861 repudio“
1523 1796 1659 1860 agit,
1712 1811 1829 1845 cum
1868 1796 2007 1844 enim
2043 1794 2175 1843 illud
2212 1794 2413 1859 passim
2450 1808 2483 1842 a
2518 1792 2814 1859 gentilibus
2850 1808 3013 1843 usur-

507 1888 748 1948 paretur,
799 1887 853 1932 et
889 1882 1033 1948 apud
1067 1882 1308 1933 Judaeos
1344 1881 1464 1947 lege
1501 1882 1819 1948 permissum
1856 1886 2022 1943 esset,
2079 1881 2421 1946 quaesierant
2464 1879 2689 1930 indubie
2736 1879 3013 1930 Corinthii

507 1969 764 2035 numquid
799 1970 882 2020 fas
907 1974 1050 2020 esset
1081 1968 1396 2019 Christianis
1433 1969 1616 2035 aliqua
1642 1968 1707 2019 de
1733 1982 1898 2019 cansa
1934 1968 2086 2017 uxori
2122 1968 2376 2017 nuncium
2410 1968 2654 2017 mittere?
2690 1966 3017 2033 Eapropter

506 2062 784 2122 utramque
821 2062 1050 2121 partem,
1097 2071 1296 2105 marem
1343 2061 1506 2122 atque
1541 2055 1794 2105 feminam
1830 2082 1894 2091 —
1932 2056 2226 2120 respiciens
2261 2054 2332 2103 ad
2377 2070 2552 2104 mores
2591 2052 2935 2104 Graecorum
2962 2058 3017 2103 et

507 2144 888 2205 Romanorum,
953 2159 1120 2209 penes
1176 2159 1309 2208 quos
1365 2145 1524 2192 etiam
1579 2143 1797 2207 sequior
1850 2158 2009 2192 sexus
2064 2143 2176 2192 viro
2231 2142 2623 2192 matrimonium
2680 2142 3013 2191 renunciare

507 2235 731 2297 poterat.
768 2230 831 2279 V.
857 2230 929 2280 M.
955 2228 1182 2291 Rossali,
1210 2229 1336 2280 diss.
1365 2229 1430 2279 de
1455 2234 1590 2279 sent.
1615 2228 1677 2279 P.
1706 2228 1749 2279 I.
1776 2228 1898 2279 Cor.
1927 2229 1973 2292 7,
2003 2230 2085 2278 12.
2111 2244 2153 2279 s.
2179 2244 2231 2278 n.
2260 2231 2344 2278 11.
2368 2228 2423 2277 in
2449 2227 2607 2278 Thes.
2634 2244 2689 2277 n.
2713 2244 2769 2294 p.
2800 2228 2929 2279 801.
2946 2257 3015 2265 —

507 2316 777 2367 interdixit
810 2322 1076 2382 potestate
1122 2315 1455 2368 rescindendi
1502 2316 1831 2381 coniugium3
1878 2331 1987 2366 non
2033 2331 2097 2365 ex
2142 2330 2240 2365 suo
2291 2330 2479 2377 sensu,
2526 2319 2587 2364 ut
2633 2315 2735 2376 ait,
2789 2314 2893 2365 sed
2944 2331 3013 2365 ex

505 2404 724 2455 Domini
759 2403 917 2453 effato
947 2402 1135 2453 Matth.
1164 2404 1212 2465 5,
1238 2405 1320 2453 32.
1349 2405 1429 2464 19,
1458 2405 1506 2452 9.
1557 2402 1696 2452 Inito
1735 2406 1789 2451 et
1824 2406 2189 2453 consummato
2229 2402 2495 2467 coniugio,
2533 2402 2684 2452 nullo
2719 2402 2843 2451 iure
2883 2402 3010 2451 nul-

507 2490 628 2541 lave
666 2507 731 2541 ex
768 2506 934 2541 causa
971 2492 1084 2542 eius
1120 2490 1392 2540 vinculum
1429 2490 1563 2539 solvi
1600 2506 1788 2555 posse;
1838 2493 1890 2539 et
1924 2503 2107 2555 parem
2146 2505 2264 2540 esse
2301 2489 2401 2538 viri
2441 2503 2505 2541 ac
2542 2488 2773 2539 feminae
2812 2488 3014 2539 habito

507 2582 754 2643 respectu
789 2577 947 2629 huius
984 2594 1152 2628 nexus
1189 2578 1562 2628 conditionem.
1604 2576 1740 2626 Coll.
1774 2577 1940 2627 Marc.
1979 2579 2060 2639 10,
2098 2579 2285 2627 2—12.
2323 2576 2458 2626 Luc.
2488 2578 2567 2639 16,
2596 2576 2661 2626 18
2698 2592 2764 2625 ex
2802 2578 3015 2642 quibus

507 2668 610 2715 tria
644 2664 892 2716 videntur
927 2680 1086 2731 posse
1123 2664 1320 2730 colligi.
1359 2664 1621 2713 Primum:
1686 2666 1991 2730 quicunque
2046 2663 2305 2713 dimiserit
2340 2678 2561 2713 uxorem
2614 2677 2795 2726 suam,
2854 2666 3015 2730 quod

507 2768 614 2803 non
649 2752 776 2803 licet
813 2767 1149 2818 quacumque
1186 2768 1251 2801 ex
1288 2766 1481 2814 causa,
1537 2749 1632 2801 sed
1669 2752 1881 2800 nonnisi
1931 2751 1999 2801 ob
2038 2752 2432 2816 gravissimam,
2490 2750 2661 2817 qualis
2706 2755 2793 2799 est
2837 2751 3015 2801 forni-

507 2839 664 2900 catio,
704 2844 758 2889 et
793 2840 954 2889 aliam
991 2838 1216 2901 duxerit,
1252 2838 1577 2888 moechatur.
1615 2838 1879 2888 Alterum:
1918 2838 2069 2888 nefas
2108 2852 2225 2889 esse
2251 2839 2501 2903 cuiquam
2526 2837 2746 2887 alterius
2773 2854 3016 2888 uxorem

510 2941 545 2976 a
589 2927 705 2976 viro
753 2928 1073 2989 seiunctam,
1123 2926 1216 2977 illo
1265 2927 1550 2992 superstite
1605 2925 1819 2976 ducere.
1879 2926 2117 2975 Tertium
2171 2940 2235 2974 ac
2283 2930 2633 2991 postremum:
2688 2924 3015 2975 universum

507 3012 818 3063 moechatur
855 3015 1041 3077 omnis,
1080 3016 1171 3079 qui
1209 3013 1480 3063 dimissam
1516 3012 1681 3063 ducit.
1718 3013 1881 3062 Hisce
1920 3012 2295 3078 coniugalibus
2331 3012 2399 3063 D.
2426 3012 2489 3064 N.
2515 3011 2569 3061 J.
2596 3010 2653 3061 C.
2692 3014 3017 3079 praeceptis

509 3114 717 3162 omnes,
781 3104 1042 3166 quotquot
1095 3100 1149 3149 in
1203 3100 1454 3150 Ecclesia
1489 3100 1827 3149 matrimonia
1861 3099 2093 3161 inibant,
2155 3113 2273 3149 sese
2328 3098 2638 3149 submittere
2694 3100 3013 3163 oportebat.

507 3186 754 3236 Attamen
793 3202 916 3237 rara
951 3186 1126 3237 adhuc
1164 3190 1331 3249 erant,
1370 3201 1510 3251 quae
1547 3186 1616 3235 ad
1652 3185 1791 3235 hanc
1826 3186 1999 3251 legem
2022 3187 2160 3236 inter
2185 3184 2487 3235 Corinthios
2511 3200 2682 3251 nuper
2706 3200 3015 3235 conversos

509 3272 758 3323 coaluere
795 3275 1080 3324 connubia.
1141 3274 1329 3338 Neque
1377 3274 1468 3339 qui
1516 3278 1640 3323 ante
1686 3274 2019 3323 matrimonio
2077 3272 2436 3338 iungebantur
2490 3272 2773 3337 coniuges,
2842 3274 3013 3323 ambo

509 3358 666 3409 simul
703 3366 755 3410 et
791 3376 900 3410 una
937 3360 1147 3426 Christo
1187 3376 1379 3411 nomen
1419 3359 1694 3410 dederunt.
1749 3358 2028 3409 Eiusmodi
2066 3360 2315 3424 coniugia
2349 3360 2616 3409 intestinis
2648 3358 2814 3409 malie
2850 3360 3011 3411 labo-

508 3445 717 3496 rabant.
789 3447 1079 3497 Praeterea
1139 3447 1282 3512 quod
1337 3462 1609 3497 sacrorum
1665 3444 2040 3496 dissimilitudo
2093 3445 2353 3511 religione
2409 3446 2650 3511 coniugis
2706 3445 3011 3498 Christiani

509 3530 772 3595 officeret,
835 3548 1058 3599 eamque
1096 3534 1383 3584 discrimini
1421 3538 1735 3599 exponeret,
1773 3533 1971 3598 passim
2008 3533 2165 3581 etiam
2203 3530 2509 3583 infidelibus
2546 3546 2740 3583 causas
2782 3532 3011 3584 divortii

721 3743 758 3807 ¹)
809 3743 1020 3810 Quippe
1069 3743 1211 3809 quod
1261 3742 1526 3809 sepultum
1575 3744 1630 3792 in
1678 3741 2009 3809 putredinem
2065 3741 2272 3793 abierit.
2346 3740 2387 3807 ²)
2437 3742 2737 3808 Utrumque
2784 3744 2899 3794 iam
2952 3746 3013 3795 in

511 3830 721 3881 Christo
748 3831 910 3880 cerni.
958 3831 1156 3881 Adiicit
1192 3830 1384 3881 deinde
1421 3829 1697 3892 nonnulla,
1736 3830 1929 3895 quibus
1956 3829 2190 3895 explicat
2218 3827 2525 3879 antithesim
2556 3828 2829 3880 Christum
2864 3832 3013 3881 inter

510 3923 564 3967 ct
598 3917 858 3968 Adamum
896 3923 1058 3984 atque
1093 3918 1400 3983 mysterium
1446 3917 1660 3967 futurae
1706 3916 2126 3968 resurrectionis.
2186 3917 2433 3983 Denique
2478 3916 2762 3983 praeclara
2806 3917 3009 3969 adhor-

509 4006 712 4056 tatione
747 4004 988 4055 labentes
1027 4006 1197 4071 erigit.
1248 4007 1330 4068 15,
1369 4006 1591 4055 *29-58,
1642 4003 1724 4053 cf.
1760 4004 1811 4055 J.
1845 4004 1907 4053 F.
1946 4003 2230 4068 Raebiger,
2270 4003 2335 4053 de
2379 4002 2740 4069 Chi-istologia
2768 4004 3011 4055 Paulina

509 4108 554 4143 c.
580 4092 740 4143 Baur.
767 4106 953 4143 comm.
980 4092 1194 4143 Vratisl.
1227 4093 1376 4143 1852.
1413 4108 1466 4158 p.
1492 4094 1575 4141 33.
1601 4108 1645 4143 s.
1707 4091 1748 4155 ³)
1790 4090 1849 4141 C.
1878 4093 1957 4141 16.
2020 4089 2061 4156 ⁴)
2100 4088 2157 4139 Si
2185 4091 2303 4156 quis
2339 4090 2407 4144 D.
2432 4090 2497 4141 N.
2523 4091 2575 4142 J.
2603 4090 2662 4140 C.
2700 4106 2811 4141 non
2838 4099 3009 4151 amat,

509 4178 848 4229 anathemate
871 4180 1216 4245 percutiatur,
1255 4180 1452 4245 quippe
1475 4178 1694 4228 Domini
1717 4178 1971 4229 adventui
1994 4178 2251 4243 ingratus,
2278 4177 2469 4243 dig-nus
2496 4182 2579 4227 est
2602 4179 2693 4244 qui
2718 4178 3011 4245 suppliciis

507 4264 846 4315 adiudicetur
891 4267 1136 4317 aeternis.
1200 4265 1388 4315 Gratia
1429 4267 1497 4316 D.
1535 4266 1600 4315 N.
1639 4264 1691 4314 J.
1730 4264 1789 4314 C.
1836 4280 1933 4316 vos
1980 4268 2238 4331 perpetuo
2284 4269 2462 4315 servet
2504 4264 2818 4315 incolumes.
2880 4266 3009 4331 Ego

509 4356 688 4401 autem
733 4368 830 4403 vos
875 4354 1096 4403 caritate
1143 4353 1468 4419 complector
1515 4354 1568 4402 in
1619 4352 1678 4402 C.
1716 4352 1767 4401 J.
1814 4353 1997 4402 Amen.
2061 4352 2281 4403 Comma
2328 4354 2411 4401 22.
2458 4353 2793 4417 interpretati
2844 4359 3008 4403 sunt:

511 4438 564 4488 S.
589 4437 906 4503 Bochartus,
944 4440 978 4489 l.
1004 4456 1050 4491 c.
1076 4458 1127 4506 p.
1157 4442 1306 4491 1036.
1355 4440 1596 4501 Witsius,
1623 4440 1679 4489 in
1702 4438 1928 4490 Miscell.
1955 4439 2054 4505 Op.
2082 4439 2153 4501 ΙΙ,
2180 4441 2265 4489 65.
2312 4438 2669 4504 Lightfootus,
2696 4456 2781 4505 op.
2808 4440 2855 4501 1,
2882 4441 3007 4491 778.

510 4525 776 4587 Suicerus,
805 4526 963 4577 Thes.
989 4526 1032 4588 Ι,
1059 4528 1177 4577 268.
1202 4528 1320 4577 604.
1371 4524 1779 4589 Weihenmajer,
1814 4528 1871 4575 in
1896 4525 1995 4575 Th.
2019 4524 2091 4575 th.
2118 4541 2169 4589 p.
2197 4527 2315 4575 578.
2340 4540 2384 4574 s.
2432 4526 2664 4589 Renner,
2701 4526 2771 4576 ib.
2796 4541 2851 4591 p.
2878 4528 3005 4577 58⁸2.

509 4612 699 4675 Leger,
738 4612 794 4660 in
829 4610 926 4660 Th.
967 4628 1016 4661 n.
1055 4630 1104 4675 p.
1143 4615 1261 4662 879.
