<?xml version="1.0" encoding="UTF-8"?>
<!DOCTYPE html PUBLIC "-//W3C//DTD XHTML 1.0 Transitional//EN"
    "http://www.w3.org/TR/xhtml1/DTD/xhtml1-transitional.dtd">
<html xmlns="http://www.w3.org/1999/xhtml" xml:lang="en" lang="en">
 <head>
  <title>
</title>
<meta http-equiv="Content-Type" content="text/html;charset=utf-8" />
  <meta name='ocr-system' content='tesseract 3.04.00' />
  <meta name='ocr-capabilities' content='ocr_page ocr_carea ocr_par ocr_line ocrx_word'/>
</head>
<body>
  <div class='ocr_page' id='page_1' title='image "./historiarevelat00unkngoog_0271.png"; bbox 0 0 3267 5259; ppageno 0'>
   <div class='ocr_carea' id='block_1_1' title="bbox 1157 430 2631 508">
    <p class='ocr_par' dir='ltr' id='par_1_1' title="bbox 1157 430 2631 508">
     <span class='ocr_line' id='line_1_1' title="bbox 1157 430 2631 508; baseline -0.001 -14"><span class='ocrx_word' id='word_1_1' title='bbox 1157 451 1357 494; x_wconf 70' lang='lat' dir='ltr'><strong>Christus</strong></span> <span class='ocrx_word' id='word_1_2' title='bbox 1383 452 1627 495; x_wconf 76' lang='lat' dir='ltr'><strong>crucifixus.</strong></span> <span class='ocrx_word' id='word_1_3' title='bbox 2457 430 2471 451; x_wconf 43' lang='grc' dir='ltr'>ἱ</span> <span class='ocrx_word' id='word_1_4' title='bbox 2510 444 2631 508; x_wconf 83' lang='lat'><strong>143</strong></span> 
     </span>
    </p>
   </div>
   <div class='ocr_carea' id='block_1_2' title="bbox 182 620 2636 1612">
    <p class='ocr_par' dir='ltr' id='par_1_2' title="bbox 182 620 2636 1612">
     <span class='ocr_line' id='line_1_2' title="bbox 192 620 2636 715; baseline 0.004 -30"><span class='ocrx_word' id='word_1_5' title='bbox 192 620 326 685; x_wconf 86' lang='lat' dir='ltr'><strong>Jesu</strong></span> <span class='ocrx_word' id='word_1_6' title='bbox 340 624 375 683; x_wconf 91' lang='lat'><strong>¹.</strong></span> <span class='ocrx_word' id='word_1_7' title='bbox 422 621 827 689; x_wconf 86' lang='lat' dir='ltr'><strong>Damnatum</strong></span> <span class='ocrx_word' id='word_1_8' title='bbox 854 624 1213 691; x_wconf 90' lang='lat' dir='ltr'><strong>Dominum</strong></span> <span class='ocrx_word' id='word_1_9' title='bbox 1258 627 1640 712; x_wconf 80' lang='lat' dir='ltr'><strong>arripientes</strong></span> <span class='ocrx_word' id='word_1_10' title='bbox 1661 625 1894 691; x_wconf 81' lang='lat' dir='ltr'><strong>milites</strong></span> <span class='ocrx_word' id='word_1_11' title='bbox 1920 626 2263 713; x_wconf 79' lang='lat' dir='ltr'><strong>chlamyde</strong></span> <span class='ocrx_word' id='word_1_12' title='bbox 2303 650 2636 715; x_wconf 88' lang='lat' dir='ltr'><strong>purpurea</strong></span> 
     </span>
     <span class='ocr_line' id='line_1_3' title="bbox 192 736 2630 826; baseline 0.003 -28"><span class='ocrx_word' id='word_1_13' title='bbox 192 746 495 819; x_wconf 84' lang='lat' dir='ltr'><strong>exuerunt,</strong></span> <span class='ocrx_word' id='word_1_14' title='bbox 542 757 625 801; x_wconf 92' lang='lat' dir='ltr'><strong>ac</strong></span> <span class='ocrx_word' id='word_1_15' title='bbox 670 738 805 801; x_wconf 88' lang='lat' dir='ltr'><strong>suis</strong></span> <span class='ocrx_word' id='word_1_16' title='bbox 847 736 1145 803; x_wconf 86' lang='lat' dir='ltr'><strong>indutum</strong></span> <span class='ocrx_word' id='word_1_17' title='bbox 1189 739 1665 822; x_wconf 81' lang='lat' dir='ltr'><strong>vestimentis2,</strong></span> <span class='ocrx_word' id='word_1_18' title='bbox 1710 740 1780 803; x_wconf 92' lang='lat' dir='ltr'><strong>in</strong></span> <span class='ocrx_word' id='word_1_19' title='bbox 1821 738 2040 804; x_wconf 90' lang='lat' dir='ltr'><strong>locum</strong></span> <span class='ocrx_word' id='word_1_20' title='bbox 2084 739 2384 826; x_wconf 90' lang='lat' dir='ltr'><strong>supplicii</strong></span> <span class='ocrx_word' id='word_1_21' title='bbox 2429 740 2630 806; x_wconf 86' lang='lat' dir='ltr'><strong>duxe-</strong></span> 
     </span>
     <span class='ocr_line' id='line_1_4' title="bbox 188 845 2632 939; baseline 0.004 -30"><span class='ocrx_word' id='word_1_22' title='bbox 188 856 312 909; x_wconf 88' lang='lat' dir='ltr'><strong>runt</strong></span> <span class='ocrx_word' id='word_1_23' title='bbox 323 849 362 910; x_wconf 76' lang='lat'><strong>³.</strong></span> <span class='ocrx_word' id='word_1_24' title='bbox 380 845 823 934; x_wconf 84' lang='lat' dir='ltr'><strong>Gestatigitur</strong></span> <span class='ocrx_word' id='word_1_25' title='bbox 836 847 1138 914; x_wconf 76' lang='lat' dir='ltr'><strong>Salvator</strong></span> <span class='ocrx_word' id='word_1_26' title='bbox 1151 872 1269 935; x_wconf 85' lang='lat' dir='ltr'><strong>pro</strong></span> <span class='ocrx_word' id='word_1_27' title='bbox 1294 872 1477 915; x_wconf 90' lang='lat' dir='ltr'><strong>more</strong></span> <span class='ocrx_word' id='word_1_28' title='bbox 1495 849 1950 917; x_wconf 88' lang='lat' dir='ltr'><strong>damnatorum</strong></span> <span class='ocrx_word' id='word_1_29' title='bbox 1975 874 2238 916; x_wconf 90' lang='lat' dir='ltr'><strong>crucem</strong></span> <span class='ocrx_word' id='word_1_30' title='bbox 2263 850 2632 939; x_wconf 82' lang='lat' dir='ltr'><strong>oblongam,</strong></span> 
     </span>
     <span class='ocr_line' id='line_1_5' title="bbox 188 957 2630 1051; baseline 0.004 -29"><span class='ocrx_word' id='word_1_31' title='bbox 188 957 348 1023; x_wconf 86' lang='lat' dir='ltr'><strong>dorso</strong></span> <span class='ocrx_word' id='word_1_32' title='bbox 374 960 763 1046; x_wconf 79' lang='lat' dir='ltr'><strong>impositam,</strong></span> <span class='ocrx_word' id='word_1_33' title='bbox 796 970 1209 1027; x_wconf 86' lang='lat' dir='ltr'><strong>transversae</strong></span> <span class='ocrx_word' id='word_1_34' title='bbox 1242 961 1408 1027; x_wconf 88' lang='lat' dir='ltr'><strong>trabi</strong></span> <span class='ocrx_word' id='word_1_35' title='bbox 1438 962 1758 1047; x_wconf 87' lang='lat' dir='ltr'><strong>alligatus.</strong></span> <span class='ocrx_word' id='word_1_36' title='bbox 1803 964 2008 1027; x_wconf 87' lang='lat' dir='ltr'><strong>Fame</strong></span> <span class='ocrx_word' id='word_1_37' title='bbox 2050 974 2270 1028; x_wconf 84' lang='lat' dir='ltr'><strong>autem</strong></span> <span class='ocrx_word' id='word_1_38' title='bbox 2303 974 2370 1029; x_wconf 92' lang='lat' dir='ltr'><strong>et</strong></span> <span class='ocrx_word' id='word_1_39' title='bbox 2397 965 2630 1051; x_wconf 84' lang='lat' dir='ltr'><strong>vigiliis</strong></span> 
     </span>
     <span class='ocr_line' id='line_1_6' title="bbox 190 1073 2632 1162; baseline 0.003 -27"><span class='ocrx_word' id='word_1_40' title='bbox 190 1080 377 1156; x_wconf 86' lang='lat' dir='ltr'><strong>totque</strong></span> <span class='ocrx_word' id='word_1_41' title='bbox 420 1074 621 1136; x_wconf 90' lang='lat' dir='ltr'><strong>animi</strong></span> <span class='ocrx_word' id='word_1_42' title='bbox 670 1075 1093 1161; x_wconf 80' lang='lat' dir='ltr'><strong>corporisque</strong></span> <span class='ocrx_word' id='word_1_43' title='bbox 1139 1073 1516 1139; x_wconf 80' lang='lat' dir='ltr'><strong>vulneribus</strong></span> <span class='ocrx_word' id='word_1_44' title='bbox 1562 1075 1932 1159; x_wconf 89' lang='lat' dir='ltr'><strong>confectus,</strong></span> <span class='ocrx_word' id='word_1_45' title='bbox 1995 1098 2081 1140; x_wconf 84' lang='lat' dir='ltr'><strong>ex</strong></span> <span class='ocrx_word' id='word_1_46' title='bbox 2124 1077 2266 1162; x_wconf 89' lang='lat' dir='ltr'><strong>ipsa</strong></span> <span class='ocrx_word' id='word_1_47' title='bbox 2311 1080 2632 1142; x_wconf 84' lang='lat' dir='ltr'><strong>sententia</strong></span> 
     </span>
     <span class='ocr_line' id='line_1_7' title="bbox 186 1186 2632 1275; baseline 0.004 -30"><span class='ocrx_word' id='word_1_48' title='bbox 186 1186 671 1251; x_wconf 78' lang='lat' dir='ltr'><strong>saevissimorum</strong></span> <span class='ocrx_word' id='word_1_49' title='bbox 718 1188 1029 1251; x_wconf 89' lang='lat' dir='ltr'><strong>comitum</strong></span> <span class='ocrx_word' id='word_1_50' title='bbox 1046 1190 1091 1269; x_wconf 81' lang='lat'><strong>⁴,</strong></span> <span class='ocrx_word' id='word_1_51' title='bbox 1140 1188 1317 1272; x_wconf 82' lang='lat' dir='ltr'><strong>eguit</strong></span> <span class='ocrx_word' id='word_1_52' title='bbox 1361 1187 1660 1253; x_wconf 84' lang='lat' dir='ltr'><strong>adiutore</strong></span> <span class='ocrx_word' id='word_1_53' title='bbox 1705 1189 1774 1252; x_wconf 93' lang='lat' dir='ltr'><strong>in</strong></span> <span class='ocrx_word' id='word_1_54' title='bbox 1819 1212 2013 1253; x_wconf 88' lang='lat' dir='ltr'><strong>cruce</strong></span> <span class='ocrx_word' id='word_1_55' title='bbox 2058 1188 2402 1275; x_wconf 87' lang='lat' dir='ltr'><strong>portanda.</strong></span> <span class='ocrx_word' id='word_1_56' title='bbox 2464 1188 2632 1255; x_wconf 85' lang='lat' dir='ltr'><strong>Cum</strong></span> 
     </span>
     <span class='ocr_line' id='line_1_8' title="bbox 186 1296 2629 1385; baseline 0.005 -28"><span class='ocrx_word' id='word_1_57' title='bbox 186 1298 326 1359; x_wconf 87' lang='lat' dir='ltr'><strong>enim</strong></span> <span class='ocrx_word' id='word_1_58' title='bbox 366 1296 692 1363; x_wconf 81' lang='lat' dir='ltr'><strong>Christum</strong></span> <span class='ocrx_word' id='word_1_59' title='bbox 740 1299 1023 1364; x_wconf 85' lang='lat' dir='ltr'><strong>deficere</strong></span> <span class='ocrx_word' id='word_1_60' title='bbox 1069 1299 1191 1365; x_wconf 89' lang='lat' dir='ltr'><strong>sub</strong></span> <span class='ocrx_word' id='word_1_61' title='bbox 1238 1322 1437 1365; x_wconf 89' lang='lat' dir='ltr'><strong>onere</strong></span> <span class='ocrx_word' id='word_1_62' title='bbox 1485 1302 1696 1365; x_wconf 90' lang='lat' dir='ltr'><strong>crucis</strong></span> <span class='ocrx_word' id='word_1_63' title='bbox 1715 1304 1741 1343; x_wconf 81' lang='lat'><strong>⁵</strong></span> <span class='ocrx_word' id='word_1_64' title='bbox 1783 1300 2082 1365; x_wconf 88' lang='lat' dir='ltr'><strong>viderent</strong></span> <span class='ocrx_word' id='word_1_65' title='bbox 2125 1301 2378 1385; x_wconf 85' lang='lat' dir='ltr'><strong>milites,</strong></span> <span class='ocrx_word' id='word_1_66' title='bbox 2425 1301 2629 1370; x_wconf 86' lang='lat' dir='ltr'><strong>Simo-</strong></span> 
     </span>
     <span class='ocr_line' id='line_1_9' title="bbox 182 1410 2631 1501; baseline 0.005 -32"><span class='ocrx_word' id='word_1_67' title='bbox 182 1428 305 1470; x_wconf 81' lang='lat' dir='ltr'><strong>nem</strong></span> <span class='ocrx_word' id='word_1_68' title='bbox 373 1410 723 1495; x_wconf 80' lang='lat' dir='ltr'><strong>quemdam</strong></span> <span class='ocrx_word' id='word_1_69' title='bbox 793 1410 1247 1497; x_wconf 79' lang='lat' dir='ltr'><strong>Cyrenaeum⁶</strong></span> <span class='ocrx_word' id='word_1_70' title='bbox 1311 1412 1480 1478; x_wconf 85' lang='lat' dir='ltr'><strong>forte</strong></span> <span class='ocrx_word' id='word_1_71' title='bbox 1538 1422 2019 1496; x_wconf 85' lang='lat' dir='ltr'><strong>occurrentem,</strong></span> <span class='ocrx_word' id='word_1_72' title='bbox 2074 1412 2408 1501; x_wconf 88' lang='lat' dir='ltr'><strong>humeros,</strong></span> <span class='ocrx_word' id='word_1_73' title='bbox 2455 1418 2631 1481; x_wconf 90' lang='lat' dir='ltr'><strong>cruci</strong></span> 
     </span>
     <span class='ocr_line' id='line_1_10' title="bbox 184 1519 2628 1612; baseline 0.004 -29"><span class='ocrx_word' id='word_1_74' title='bbox 184 1519 461 1586; x_wconf 81' lang='lat' dir='ltr'><strong>subiicere</strong></span> <span class='ocrx_word' id='word_1_75' title='bbox 508 1533 875 1609; x_wconf 86' lang='lat' dir='ltr'><strong>coegerunt</strong></span> <span class='ocrx_word' id='word_1_76' title='bbox 890 1527 933 1587; x_wconf 84' lang='lat'><strong>⁷.</strong></span> <span class='ocrx_word' id='word_1_77' title='bbox 979 1524 1023 1589; x_wconf 88' lang='lat' dir='ltr'><strong>J</strong></span> <span class='ocrx_word' id='word_1_78' title='bbox 1026 1546 1229 1607; x_wconf 92' lang='lat' dir='ltr'><strong>esum,</strong></span> <span class='ocrx_word' id='word_1_79' title='bbox 1278 1524 1573 1589; x_wconf 85' lang='lat' dir='ltr'><strong>doctrina</strong></span> <span class='ocrx_word' id='word_1_80' title='bbox 1618 1547 1738 1590; x_wconf 88' lang='lat' dir='ltr'><strong>sua</strong></span> <span class='ocrx_word' id='word_1_81' title='bbox 1781 1525 2236 1612; x_wconf 81' lang='lat' dir='ltr'><strong>miraculisque</strong></span> <span class='ocrx_word' id='word_1_82' title='bbox 2270 1550 2404 1592; x_wconf 93' lang='lat' dir='ltr'><strong>non</strong></span> <span class='ocrx_word' id='word_1_83' title='bbox 2433 1528 2628 1594; x_wconf 90' lang='lat' dir='ltr'><strong>modo</strong></span> 
     </span>
    </p>
   </div>
   <div class='ocr_carea' id='block_1_3' title="bbox 180 1723 554 1735">
    <p class='ocr_par' dir='ltr' id='par_1_3' title="bbox 180 1723 554 1735">
     <span class='ocr_line' id='line_1_11' title="bbox 180 1723 554 1735; baseline 0 3524"><span class='ocrx_word' id='word_1_84' title='bbox 180 1723 554 1735; x_wconf 95' lang='lat' dir='ltr'><strong> </strong></span> 
     </span>
    </p>
   </div>
   <div class='ocr_carea' id='block_1_4' title="bbox 168 1826 2630 4667">
    <p class='ocr_par' dir='ltr' id='par_1_4' title="bbox 182 1826 2630 2068">
     <span class='ocr_line' id='line_1_12' title="bbox 183 1826 2630 1897; baseline 0.004 -22"><span class='ocrx_word' id='word_1_85' title='bbox 183 1828 248 1875; x_wconf 88' lang='lat'><strong>51.</strong></span> <span class='ocrx_word' id='word_1_86' title='bbox 278 1843 323 1891; x_wconf 90' lang='lat' dir='ltr'><strong>p.</strong></span> <span class='ocrx_word' id='word_1_87' title='bbox 347 1830 456 1877; x_wconf 93' lang='grc'><strong>117.</strong></span> <span class='ocrx_word' id='word_1_88' title='bbox 506 1826 769 1891; x_wconf 76' lang='lat' dir='ltr'><strong>Svetonii,</strong></span> <span class='ocrx_word' id='word_1_89' title='bbox 807 1830 985 1879; x_wconf 88' lang='lat' dir='ltr'><strong>Tiber.</strong></span> <span class='ocrx_word' id='word_1_90' title='bbox 1015 1832 1096 1879; x_wconf 82' lang='lat'><strong>75.</strong></span> <span class='ocrx_word' id='word_1_91' title='bbox 1146 1834 1369 1891; x_wconf 80' lang='lat' dir='ltr'><strong>„senatu</strong></span> <span class='ocrx_word' id='word_1_92' title='bbox 1406 1829 1650 1881; x_wconf 90' lang='lat' dir='ltr'><strong>consulto</strong></span> <span class='ocrx_word' id='word_1_93' title='bbox 1689 1835 1916 1893; x_wconf 90' lang='lat' dir='ltr'><strong>cautum,</strong></span> <span class='ocrx_word' id='word_1_94' title='bbox 1956 1836 2015 1880; x_wconf 91' lang='lat' dir='ltr'><strong>ut</strong></span> <span class='ocrx_word' id='word_1_95' title='bbox 2049 1846 2225 1897; x_wconf 90' lang='lat' dir='ltr'><strong>poena</strong></span> <span class='ocrx_word' id='word_1_96' title='bbox 2261 1832 2630 1885; x_wconf 85' lang='lat' dir='ltr'><strong>damnatorum</strong></span> 
     </span>
     <span class='ocr_line' id='line_1_13' title="bbox 182 1913 2625 1983; baseline 0.003 -21"><span class='ocrx_word' id='word_1_97' title='bbox 182 1914 225 1960; x_wconf 84' lang='lat' dir='ltr'><strong>in</strong></span> <span class='ocrx_word' id='word_1_98' title='bbox 260 1913 499 1964; x_wconf 81' lang='lat' dir='ltr'><strong>decimum</strong></span> <span class='ocrx_word' id='word_1_99' title='bbox 545 1930 761 1981; x_wconf 86' lang='lat' dir='ltr'><strong>semper</strong></span> <span class='ocrx_word' id='word_1_100' title='bbox 806 1915 945 1965; x_wconf 89' lang='lat' dir='ltr'><strong>diem</strong></span> <span class='ocrx_word' id='word_1_101' title='bbox 984 1915 1326 1966; x_wconf 82' lang='lat' dir='ltr'><strong>differretur.“</strong></span> <span class='ocrx_word' id='word_1_102' title='bbox 1366 1916 1449 1966; x_wconf 91' lang='lat' dir='ltr'><strong>ed.</strong></span> <span class='ocrx_word' id='word_1_103' title='bbox 1481 1916 1698 1982; x_wconf 82' lang='lat' dir='ltr'><strong>Argent.</strong></span> <span class='ocrx_word' id='word_1_104' title='bbox 1731 1916 1802 1980; x_wconf 89' lang='lat' dir='ltr'><strong>H,</strong></span> <span class='ocrx_word' id='word_1_105' title='bbox 1828 1934 1881 1983; x_wconf 89' lang='lat' dir='ltr'><strong>p.</strong></span> <span class='ocrx_word' id='word_1_106' title='bbox 1919 1920 2034 1967; x_wconf 87' lang='grc'><strong>173.</strong></span> <span class='ocrx_word' id='word_1_107' title='bbox 2088 1916 2342 1982; x_wconf 84' lang='lat' dir='ltr'><strong>Senecae,</strong></span> <span class='ocrx_word' id='word_1_108' title='bbox 2382 1919 2448 1969; x_wconf 91' lang='lat' dir='ltr'><strong>de</strong></span> <span class='ocrx_word' id='word_1_109' title='bbox 2481 1925 2625 1970; x_wconf 90' lang='lat' dir='ltr'><strong>tran·</strong></span> 
     </span>
     <span class='ocr_line' id='line_1_14' title="bbox 183 1998 1801 2068; baseline 0.003 -20"><span class='ocrx_word' id='word_1_110' title='bbox 183 1998 405 2061; x_wconf 84' lang='lat' dir='ltr'><strong>quillitate</strong></span> <span class='ocrx_word' id='word_1_111' title='bbox 428 2002 610 2052; x_wconf 84' lang='lat' dir='ltr'><strong>animi.</strong></span> <span class='ocrx_word' id='word_1_112' title='bbox 647 2018 695 2051; x_wconf 89' lang='lat' dir='ltr'><strong>e.</strong></span> <span class='ocrx_word' id='word_1_113' title='bbox 724 2004 807 2052; x_wconf 82' lang='lat'><strong>14.</strong></span> <span class='ocrx_word' id='word_1_114' title='bbox 833 2002 916 2052; x_wconf 88' lang='lat' dir='ltr'><strong>ed.</strong></span> <span class='ocrx_word' id='word_1_115' title='bbox 942 2002 1009 2053; x_wconf 90' lang='lat' dir='ltr'><strong>de</strong></span> <span class='ocrx_word' id='word_1_116' title='bbox 1031 2002 1218 2068; x_wconf 85' lang='lat' dir='ltr'><strong>Juges.</strong></span> <span class='ocrx_word' id='word_1_117' title='bbox 1254 2002 1376 2053; x_wconf 82' lang='lat' dir='ltr'><strong>Par.</strong></span> <span class='ocrx_word' id='word_1_118' title='bbox 1406 2003 1559 2053; x_wconf 91' lang='grc'><strong>1628.</strong></span> <span class='ocrx_word' id='word_1_119' title='bbox 1598 2020 1650 2068; x_wconf 88' lang='lat' dir='ltr'><strong>p.</strong></span> <span class='ocrx_word' id='word_1_120' title='bbox 1682 2004 1801 2053; x_wconf 93' lang='grc'><strong>671.</strong></span> 
     </span>
    </p>

    <p class='ocr_par' dir='ltr' id='par_1_5' title="bbox 168 2086 2628 4667">
     <span class='ocr_line' id='line_1_15' title="bbox 352 2086 2628 2156; baseline 0.003 -18"><span class='ocrx_word' id='word_1_121' title='bbox 352 2086 389 2151; x_wconf 88' lang='lat'><strong>¹)</strong></span> <span class='ocrx_word' id='word_1_122' title='bbox 434 2088 659 2139; x_wconf 84' lang='lat' dir='ltr'><strong>Judaici</strong></span> <span class='ocrx_word' id='word_1_123' title='bbox 694 2104 946 2152; x_wconf 86' lang='lat' dir='ltr'><strong>proceres</strong></span> <span class='ocrx_word' id='word_1_124' title='bbox 983 2088 1189 2140; x_wconf 86' lang='lat' dir='ltr'><strong>scilicet</strong></span> <span class='ocrx_word' id='word_1_125' title='bbox 1224 2090 1316 2155; x_wconf 90' lang='lat' dir='ltr'><strong>qui</strong></span> <span class='ocrx_word' id='word_1_126' title='bbox 1352 2090 1668 2155; x_wconf 79' lang='lat' dir='ltr'><strong>sanguinem</strong></span> <span class='ocrx_word' id='word_1_127' title='bbox 1702 2090 1838 2141; x_wconf 86' lang='lat' dir='ltr'><strong>Jesu</strong></span> <span class='ocrx_word' id='word_1_128' title='bbox 1884 2092 2127 2141; x_wconf 79' lang='lat' dir='ltr'><strong>sitierant</strong></span> <span class='ocrx_word' id='word_1_129' title='bbox 2169 2091 2276 2142; x_wconf 87' lang='lat' dir='ltr'><strong>iam</strong></span> <span class='ocrx_word' id='word_1_130' title='bbox 2325 2092 2520 2143; x_wconf 88' lang='lat' dir='ltr'><strong>dudum</strong></span> <span class='ocrx_word' id='word_1_131' title='bbox 2535 2130 2548 2156; x_wconf 90' lang='lat'><strong>,</strong></span> <span class='ocrx_word' id='word_1_132' title='bbox 2597 2109 2628 2143; x_wconf 91' lang='lat' dir='ltr'><strong>e</strong></span> 
     </span>
     <span class='ocr_line' id='line_1_16' title="bbox 184 2172 2626 2242; baseline 0.005 -23"><span class='ocrx_word' id='word_1_133' title='bbox 184 2172 323 2222; x_wconf 83' lang='lat' dir='ltr'><strong>medio</strong></span> <span class='ocrx_word' id='word_1_134' title='bbox 356 2189 470 2224; x_wconf 86' lang='lat' dir='ltr'><strong>eum</strong></span> <span class='ocrx_word' id='word_1_135' title='bbox 504 2174 627 2225; x_wconf 81' lang='lat' dir='ltr'><strong>toni</strong></span> <span class='ocrx_word' id='word_1_136' title='bbox 664 2175 855 2225; x_wconf 79' lang='lat' dir='ltr'><strong>volunt</strong></span> <span class='ocrx_word' id='word_1_137' title='bbox 889 2190 1049 2241; x_wconf 83' lang='lat' dir='ltr'><strong>quam</strong></span> <span class='ocrx_word' id='word_1_138' title='bbox 1079 2177 1321 2242; x_wconf 89' lang='lat' dir='ltr'><strong>primum,</strong></span> <span class='ocrx_word' id='word_1_139' title='bbox 1358 2192 1427 2226; x_wconf 87' lang='lat' dir='ltr'><strong>ne</strong></span> <span class='ocrx_word' id='word_1_140' title='bbox 1463 2176 1627 2241; x_wconf 81' lang='lat' dir='ltr'><strong>vulg-i,</strong></span> <span class='ocrx_word' id='word_1_141' title='bbox 1668 2192 1773 2241; x_wconf 90' lang='lat' dir='ltr'><strong>quo</strong></span> <span class='ocrx_word' id='word_1_142' title='bbox 1811 2177 1942 2227; x_wconf 90' lang='lat' dir='ltr'><strong>nihil</strong></span> <span class='ocrx_word' id='word_1_143' title='bbox 1978 2177 2232 2229; x_wconf 75' lang='lat' dir='ltr'><strong>incertius</strong></span> <span class='ocrx_word' id='word_1_144' title='bbox 2269 2182 2374 2241; x_wconf 87' lang='lat' dir='ltr'><strong>est,</strong></span> <span class='ocrx_word' id='word_1_145' title='bbox 2411 2180 2626 2230; x_wconf 88' lang='lat' dir='ltr'><strong>mutatis</strong></span> 
     </span>
     <span class='ocr_line' id='line_1_17' title="bbox 181 2259 2624 2329; baseline 0.002 -20"><span class='ocrx_word' id='word_1_146' title='bbox 181 2259 357 2321; x_wconf 78' lang='lat' dir='ltr'><strong>animis,</strong></span> <span class='ocrx_word' id='word_1_147' title='bbox 398 2260 620 2311; x_wconf 86' lang='lat' dir='ltr'><strong>liberari</strong></span> <span class='ocrx_word' id='word_1_148' title='bbox 677 2263 853 2327; x_wconf 88' lang='lat' dir='ltr'><strong>ipsum</strong></span> <span class='ocrx_word' id='word_1_149' title='bbox 898 2267 1153 2328; x_wconf 83' lang='lat' dir='ltr'><strong>expetant</strong></span> <span class='ocrx_word' id='word_1_150' title='bbox 1196 2262 1303 2325; x_wconf 87' lang='lat' dir='ltr'><strong>illi,</strong></span> <span class='ocrx_word' id='word_1_151' title='bbox 1352 2264 1445 2328; x_wconf 87' lang='lat' dir='ltr'><strong>qui</strong></span> <span class='ocrx_word' id='word_1_152' title='bbox 1492 2262 1655 2328; x_wconf 85' lang='lat' dir='ltr'><strong>paulo</strong></span> <span class='ocrx_word' id='word_1_153' title='bbox 1703 2268 1828 2313; x_wconf 88' lang='lat' dir='ltr'><strong>ante</strong></span> <span class='ocrx_word' id='word_1_154' title='bbox 1874 2262 2238 2314; x_wconf 76' lang='lat' dir='ltr'><strong>clamaverant</strong></span> <span class='ocrx_word' id='word_1_155' title='bbox 2283 2264 2428 2327; x_wconf 90' lang='lat' dir='ltr'><strong>tolle,</strong></span> <span class='ocrx_word' id='word_1_156' title='bbox 2479 2265 2624 2329; x_wconf 89' lang='lat' dir='ltr'><strong>tolle,</strong></span> 
     </span>
     <span class='ocr_line' id='line_1_18' title="bbox 181 2346 2626 2415; baseline 0.004 -21"><span class='ocrx_word' id='word_1_157' title='bbox 181 2346 389 2413; x_wconf 72' lang='lat' dir='ltr'><strong>crucifige</strong></span> <span class='ocrx_word' id='word_1_158' title='bbox 422 2364 559 2399; x_wconf 89' lang='lat' dir='ltr'><strong>eum.</strong></span> <span class='ocrx_word' id='word_1_159' title='bbox 624 2348 669 2413; x_wconf 83' lang='lat'><strong>²)</strong></span> <span class='ocrx_word' id='word_1_160' title='bbox 726 2348 869 2410; x_wconf 81' lang='lat' dir='ltr'><strong>Quid</strong></span> <span class='ocrx_word' id='word_1_161' title='bbox 921 2364 1030 2399; x_wconf 91' lang='lat' dir='ltr'><strong>non</strong></span> <span class='ocrx_word' id='word_1_162' title='bbox 1081 2350 1208 2399; x_wconf 81' lang='lat' dir='ltr'><strong>novi</strong></span> <span class='ocrx_word' id='word_1_163' title='bbox 1262 2348 1460 2400; x_wconf 88' lang='lat' dir='ltr'><strong>doloris</strong></span> <span class='ocrx_word' id='word_1_164' title='bbox 1515 2365 1581 2399; x_wconf 85' lang='lat' dir='ltr'><strong>ex</strong></span> <span class='ocrx_word' id='word_1_165' title='bbox 1634 2350 1786 2399; x_wconf 87' lang='lat' dir='ltr'><strong>crudi</strong></span> <span class='ocrx_word' id='word_1_166' title='bbox 1838 2354 1892 2399; x_wconf 88' lang='lat' dir='ltr'><strong>et</strong></span> <span class='ocrx_word' id='word_1_167' title='bbox 1944 2348 2346 2415; x_wconf 84' lang='lat' dir='ltr'><strong>glutinescentis</strong></span> <span class='ocrx_word' id='word_1_168' title='bbox 2389 2352 2626 2403; x_wconf 80' lang='lat' dir='ltr'><strong>vulneris</strong></span> 
     </span>
     <span class='ocr_line' id='line_1_19' title="bbox 178 2430 2625 2502; baseline 0.001 -18"><span class='ocrx_word' id='word_1_169' title='bbox 178 2430 306 2483; x_wconf 78' lang='lat' dir='ltr'><strong>frietu</strong></span> <span class='ocrx_word' id='word_1_170' title='bbox 337 2434 431 2485; x_wconf 88' lang='lat' dir='ltr'><strong>sub</strong></span> <span class='ocrx_word' id='word_1_171' title='bbox 466 2436 591 2485; x_wconf 82' lang='lat' dir='ltr'><strong>rudi</strong></span> <span class='ocrx_word' id='word_1_172' title='bbox 628 2437 859 2487; x_wconf 81' lang='lat' dir='ltr'><strong>vestium</strong></span> <span class='ocrx_word' id='word_1_173' title='bbox 892 2437 1188 2487; x_wconf 80' lang='lat' dir='ltr'><strong>mutatione</strong></span> <span class='ocrx_word' id='word_1_174' title='bbox 1226 2437 1415 2487; x_wconf 79' lang='lat' dir='ltr'><strong>oritur!</strong></span> <span class='ocrx_word' id='word_1_175' title='bbox 1479 2434 1521 2502; x_wconf 80' lang='lat'><strong>³)</strong></span> <span class='ocrx_word' id='word_1_176' title='bbox 1559 2434 1696 2485; x_wconf 84' lang='lat' dir='ltr'><strong>Cum</strong></span> <span class='ocrx_word' id='word_1_177' title='bbox 1731 2436 1936 2486; x_wconf 88' lang='lat' dir='ltr'><strong>ludicro</strong></span> <span class='ocrx_word' id='word_1_178' title='bbox 1975 2438 2114 2487; x_wconf 85' lang='lat' dir='ltr'><strong>enim</strong></span> <span class='ocrx_word' id='word_1_179' title='bbox 2151 2437 2252 2488; x_wconf 89' lang='lat' dir='ltr'><strong>hoc</strong></span> <span class='ocrx_word' id='word_1_180' title='bbox 2289 2443 2480 2487; x_wconf 86' lang='lat' dir='ltr'><strong>ornatu</strong></span> <span class='ocrx_word' id='word_1_181' title='bbox 2505 2454 2625 2487; x_wconf 89' lang='lat' dir='ltr'><strong>eum</strong></span> 
     </span>
     <span class='ocr_line' id='line_1_20' title="bbox 178 2518 2628 2589; baseline 0.003 -23"><span class='ocrx_word' id='word_1_182' title='bbox 178 2518 334 2569; x_wconf 81' lang='lat' dir='ltr'><strong>nolunt</strong></span> <span class='ocrx_word' id='word_1_183' title='bbox 372 2521 599 2573; x_wconf 83' lang='lat' dir='ltr'><strong>educere</strong></span> <span class='ocrx_word' id='word_1_184' title='bbox 612 2558 627 2585; x_wconf 90' lang='lat'><strong>,</strong></span> <span class='ocrx_word' id='word_1_185' title='bbox 683 2537 807 2572; x_wconf 86' lang='lat' dir='ltr'><strong>cum</strong></span> <span class='ocrx_word' id='word_1_186' title='bbox 849 2538 935 2573; x_wconf 88' lang='lat' dir='ltr'><strong>res</strong></span> <span class='ocrx_word' id='word_1_187' title='bbox 979 2524 1085 2572; x_wconf 85' lang='lat' dir='ltr'><strong>iam</strong></span> <span class='ocrx_word' id='word_1_188' title='bbox 1131 2524 1271 2574; x_wconf 86' lang='lat' dir='ltr'><strong>serio</strong></span> <span class='ocrx_word' id='word_1_189' title='bbox 1320 2526 1594 2589; x_wconf 82' lang='lat' dir='ltr'><strong>ageretur,</strong></span> <span class='ocrx_word' id='word_1_190' title='bbox 1651 2537 1716 2573; x_wconf 91' lang='lat' dir='ltr'><strong>ac</strong></span> <span class='ocrx_word' id='word_1_191' title='bbox 1769 2522 2036 2588; x_wconf 88' lang='lat' dir='ltr'><strong>supplicio</strong></span> <span class='ocrx_word' id='word_1_192' title='bbox 2085 2525 2275 2589; x_wconf 85' lang='lat' dir='ltr'><strong>capitis</strong></span> <span class='ocrx_word' id='word_1_193' title='bbox 2322 2540 2444 2574; x_wconf 89' lang='lat' dir='ltr'><strong>mox</strong></span> <span class='ocrx_word' id='word_1_194' title='bbox 2489 2525 2628 2575; x_wconf 84' lang='lat' dir='ltr'><strong>foret</strong></span> 
     </span>
     <span class='ocr_line' id='line_1_21' title="bbox 176 2603 2625 2676; baseline 0.002 -21"><span class='ocrx_word' id='word_1_195' title='bbox 176 2603 463 2669; x_wconf 80' lang='lat' dir='ltr'><strong>plectendus.</strong></span> <span class='ocrx_word' id='word_1_196' title='bbox 514 2608 867 2671; x_wconf 83' lang='lat' dir='ltr'><strong>Arundinem,</strong></span> <span class='ocrx_word' id='word_1_197' title='bbox 906 2624 1065 2674; x_wconf 89' lang='lat' dir='ltr'><strong>quam</strong></span> <span class='ocrx_word' id='word_1_198' title='bbox 1111 2610 1309 2674; x_wconf 88' lang='lat' dir='ltr'><strong>sceptri</strong></span> <span class='ocrx_word' id='word_1_199' title='bbox 1354 2608 1475 2659; x_wconf 89' lang='lat' dir='ltr'><strong>loco</strong></span> <span class='ocrx_word' id='word_1_200' title='bbox 1521 2623 1694 2674; x_wconf 85' lang='lat' dir='ltr'><strong>aeque</strong></span> <span class='ocrx_word' id='word_1_201' title='bbox 1743 2610 2093 2674; x_wconf 83' lang='lat' dir='ltr'><strong>ignominiose</strong></span> <span class='ocrx_word' id='word_1_202' title='bbox 2139 2612 2244 2676; x_wconf 87' lang='lat' dir='ltr'><strong>ipsi</strong></span> <span class='ocrx_word' id='word_1_203' title='bbox 2279 2610 2537 2661; x_wconf 86' lang='lat' dir='ltr'><strong>dederant</strong></span> <span class='ocrx_word' id='word_1_204' title='bbox 2568 2612 2625 2661; x_wconf 90' lang='lat' dir='ltr'><strong>in</strong></span> 
     </span>
     <span class='ocr_line' id='line_1_22' title="bbox 174 2694 2625 2762; baseline 0.001 -19"><span class='ocrx_word' id='word_1_205' title='bbox 174 2706 375 2756; x_wconf 71' lang='lat' dir='ltr'><strong>manum,</strong></span> <span class='ocrx_word' id='word_1_206' title='bbox 428 2695 671 2747; x_wconf 83' lang='lat' dir='ltr'><strong>ablatam</strong></span> <span class='ocrx_word' id='word_1_207' title='bbox 706 2695 873 2747; x_wconf 77' lang='lat' dir='ltr'><strong>fuisse</strong></span> <span class='ocrx_word' id='word_1_208' title='bbox 910 2697 1017 2746; x_wconf 87' lang='lat' dir='ltr'><strong>iam</strong></span> <span class='ocrx_word' id='word_1_209' title='bbox 1055 2700 1209 2758; x_wconf 83' lang='lat' dir='ltr'><strong>ante,</strong></span> <span class='ocrx_word' id='word_1_210' title='bbox 1266 2712 1375 2746; x_wconf 88' lang='lat' dir='ltr'><strong>non</strong></span> <span class='ocrx_word' id='word_1_211' title='bbox 1424 2694 1652 2745; x_wconf 76' lang='lat' dir='ltr'><strong>obscure</strong></span> <span class='ocrx_word' id='word_1_212' title='bbox 1699 2711 1764 2745; x_wconf 88' lang='lat' dir='ltr'><strong>ex</strong></span> <span class='ocrx_word' id='word_1_213' title='bbox 1801 2712 1866 2746; x_wconf 90' lang='lat' dir='ltr'><strong>eo</strong></span> <span class='ocrx_word' id='word_1_214' title='bbox 1901 2696 2195 2761; x_wconf 78' lang='lat' dir='ltr'><strong>colligitur,</strong></span> <span class='ocrx_word' id='word_1_215' title='bbox 2251 2698 2396 2762; x_wconf 89' lang='lat' dir='ltr'><strong>quod</strong></span> <span class='ocrx_word' id='word_1_216' title='bbox 2439 2696 2625 2747; x_wconf 85' lang='lat' dir='ltr'><strong>eadem</strong></span> 
     </span>
     <span class='ocr_line' id='line_1_23' title="bbox 176 2782 2624 2848; baseline 0.002 -21"><span class='ocrx_word' id='word_1_217' title='bbox 176 2783 493 2841; x_wconf 67' lang='lat' dir='ltr'><strong>percusserint</strong></span> <span class='ocrx_word' id='word_1_218' title='bbox 526 2783 703 2848; x_wconf 81' lang='lat' dir='ltr'><strong>ipsius</strong></span> <span class='ocrx_word' id='word_1_219' title='bbox 740 2786 919 2847; x_wconf 83' lang='lat' dir='ltr'><strong>caput.</strong></span> <span class='ocrx_word' id='word_1_220' title='bbox 978 2782 1084 2833; x_wconf 85' lang='lat' dir='ltr'><strong>Sed</strong></span> <span class='ocrx_word' id='word_1_221' title='bbox 1122 2782 1289 2832; x_wconf 90' lang='lat' dir='ltr'><strong>altum</strong></span> <span class='ocrx_word' id='word_1_222' title='bbox 1325 2782 1391 2833; x_wconf 89' lang='lat' dir='ltr'><strong>de</strong></span> <span class='ocrx_word' id='word_1_223' title='bbox 1428 2796 1629 2833; x_wconf 83' lang='lat' dir='ltr'><strong>corona</strong></span> <span class='ocrx_word' id='word_1_224' title='bbox 1665 2784 1854 2848; x_wconf 89' lang='lat' dir='ltr'><strong>spinea</strong></span> <span class='ocrx_word' id='word_1_225' title='bbox 1889 2783 2158 2833; x_wconf 87' lang='lat' dir='ltr'><strong>silentium</strong></span> <span class='ocrx_word' id='word_1_226' title='bbox 2194 2787 2292 2846; x_wconf 79' lang='lat' dir='ltr'><strong>est,</strong></span> <span class='ocrx_word' id='word_1_227' title='bbox 2339 2782 2464 2833; x_wconf 88' lang='lat' dir='ltr'><strong>hinc</strong></span> <span class='ocrx_word' id='word_1_228' title='bbox 2501 2798 2624 2833; x_wconf 88' lang='lat' dir='ltr'><strong>con-</strong></span> 
     </span>
     <span class='ocr_line' id='line_1_24' title="bbox 176 2865 2625 2931; baseline 0.003 -18"><span class='ocrx_word' id='word_1_229' title='bbox 176 2865 333 2916; x_wconf 80' lang='lat' dir='ltr'><strong>iiciunt</strong></span> <span class='ocrx_word' id='word_1_230' title='bbox 360 2869 511 2919; x_wconf 82' lang='lat' dir='ltr'><strong>multi</strong></span> <span class='ocrx_word' id='word_1_231' title='bbox 547 2897 619 2905; x_wconf 94' lang='lat'><strong>—</strong></span> <span class='ocrx_word' id='word_1_232' title='bbox 654 2869 795 2919; x_wconf 82' lang='lat' dir='ltr'><strong>inter</strong></span> <span class='ocrx_word' id='word_1_233' title='bbox 834 2868 932 2919; x_wconf 90' lang='lat' dir='ltr'><strong>hos</strong></span> <span class='ocrx_word' id='word_1_234' title='bbox 970 2868 1094 2919; x_wconf 88' lang='lat' dir='ltr'><strong>olim</strong></span> <span class='ocrx_word' id='word_1_235' title='bbox 1130 2869 1239 2919; x_wconf 90' lang='lat' dir='ltr'><strong>iam</strong></span> <span class='ocrx_word' id='word_1_236' title='bbox 1280 2868 1670 2931; x_wconf 72' lang='lat' dir='ltr'><strong>Tertullianus,</strong></span> <span class='ocrx_word' id='word_1_237' title='bbox 1721 2869 1930 2919; x_wconf 81' lang='lat' dir='ltr'><strong>advers.</strong></span> <span class='ocrx_word' id='word_1_238' title='bbox 1965 2868 2092 2919; x_wconf 87' lang='lat' dir='ltr'><strong>Jud.</strong></span> <span class='ocrx_word' id='word_1_239' title='bbox 2128 2885 2182 2919; x_wconf 91' lang='lat' dir='ltr'><strong>n.</strong></span> <span class='ocrx_word' id='word_1_240' title='bbox 2210 2871 2292 2919; x_wconf 83' lang='lat'><strong>13.</strong></span> <span class='ocrx_word' id='word_1_241' title='bbox 2350 2869 2625 2931; x_wconf 85' lang='lat' dir='ltr'><strong>„Christus</strong></span> 
     </span>
     <span class='ocr_line' id='line_1_25' title="bbox 176 2952 2628 3021; baseline 0.002 -20"><span class='ocrx_word' id='word_1_242' title='bbox 176 2952 263 3001; x_wconf 72' lang='lat' dir='ltr'><strong>suis</strong></span> <span class='ocrx_word' id='word_1_243' title='bbox 292 2955 617 3021; x_wconf 75' lang='lat' dir='ltr'><strong>temporibus</strong></span> <span class='ocrx_word' id='word_1_244' title='bbox 651 2955 855 3021; x_wconf 79' lang='lat' dir='ltr'><strong>lignum</strong></span> <span class='ocrx_word' id='word_1_245' title='bbox 890 2955 1121 3006; x_wconf 87' lang='lat' dir='ltr'><strong>humeris</strong></span> <span class='ocrx_word' id='word_1_246' title='bbox 1158 2956 1269 3006; x_wconf 87' lang='lat' dir='ltr'><strong>suis</strong></span> <span class='ocrx_word' id='word_1_247' title='bbox 1305 2956 1561 3021; x_wconf 83' lang='lat' dir='ltr'><strong>portavit,</strong></span> <span class='ocrx_word' id='word_1_248' title='bbox 1601 2954 1886 3007; x_wconf 85' lang='lat' dir='ltr'><strong>inhaerens</strong></span> <span class='ocrx_word' id='word_1_249' title='bbox 1922 2954 2174 3007; x_wconf 87' lang='lat' dir='ltr'><strong>cornibus</strong></span> <span class='ocrx_word' id='word_1_250' title='bbox 2199 2957 2388 3019; x_wconf 87' lang='lat' dir='ltr'><strong>crucis,</strong></span> <span class='ocrx_word' id='word_1_251' title='bbox 2425 2970 2628 3007; x_wconf 83' lang='lat' dir='ltr'><strong>corona</strong></span> 
     </span>
     <span class='ocr_line' id='line_1_26' title="bbox 174 3040 2625 3108; baseline 0.001 -18"><span class='ocrx_word' id='word_1_252' title='bbox 174 3040 333 3102; x_wconf 70' lang='lat' dir='ltr'><strong>spinea</strong></span> <span class='ocrx_word' id='word_1_253' title='bbox 362 3042 417 3091; x_wconf 88' lang='lat' dir='ltr'><strong>in</strong></span> <span class='ocrx_word' id='word_1_254' title='bbox 451 3042 635 3108; x_wconf 86' lang='lat' dir='ltr'><strong>eapite</strong></span> <span class='ocrx_word' id='word_1_255' title='bbox 672 3043 787 3093; x_wconf 86' lang='lat' dir='ltr'><strong>eius</strong></span> <span class='ocrx_word' id='word_1_256' title='bbox 823 3042 1201 3092; x_wconf 87' lang='lat' dir='ltr'><strong>circumdata.“</strong></span> <span class='ocrx_word' id='word_1_257' title='bbox 1242 3058 1294 3107; x_wconf 88' lang='lat' dir='ltr'><strong>p.</strong></span> <span class='ocrx_word' id='word_1_258' title='bbox 1320 3043 1440 3092; x_wconf 83' lang='grc'><strong>325.</strong></span> <span class='ocrx_word' id='word_1_259' title='bbox 1478 3041 1758 3107; x_wconf 81' lang='lat' dir='ltr'><strong>Origenes,</strong></span> <span class='ocrx_word' id='word_1_260' title='bbox 1793 3043 1850 3091; x_wconf 90' lang='lat' dir='ltr'><strong>in</strong></span> <span class='ocrx_word' id='word_1_261' title='bbox 1874 3041 2062 3092; x_wconf 85' lang='lat' dir='ltr'><strong>Matth.</strong></span> <span class='ocrx_word' id='word_1_262' title='bbox 2089 3057 2276 3092; x_wconf 90' lang='lat' dir='ltr'><strong>comm.</strong></span> <span class='ocrx_word' id='word_1_263' title='bbox 2301 3056 2401 3092; x_wconf 89' lang='lat' dir='ltr'><strong>ser.</strong></span> <span class='ocrx_word' id='word_1_264' title='bbox 2428 3060 2478 3091; x_wconf 92' lang='lat' dir='ltr'><strong>n.</strong></span> <span class='ocrx_word' id='word_1_265' title='bbox 2509 3045 2625 3093; x_wconf 81' lang='lat'><strong>125.</strong></span> 
     </span>
     <span class='ocr_line' id='line_1_27' title="bbox 174 3124 2624 3194; baseline 0.001 -17"><span class='ocrx_word' id='word_1_266' title='bbox 174 3124 319 3183; x_wconf 73' lang='lat' dir='ltr'><strong>V‚40.</strong></span> <span class='ocrx_word' id='word_1_267' title='bbox 338 3130 418 3179; x_wconf 82' lang='grc'><strong>41.</strong></span> <span class='ocrx_word' id='word_1_268' title='bbox 456 3133 511 3179; x_wconf 84' lang='lat' dir='ltr'><strong>et</strong></span> <span class='ocrx_word' id='word_1_269' title='bbox 546 3128 646 3179; x_wconf 83' lang='lat' dir='ltr'><strong>alii</strong></span> <span class='ocrx_word' id='word_1_270' title='bbox 681 3128 827 3194; x_wconf 89' lang='lat' dir='ltr'><strong>apud</strong></span> <span class='ocrx_word' id='word_1_271' title='bbox 862 3128 914 3178; x_wconf 88' lang='lat' dir='ltr'><strong>J.</strong></span> <span class='ocrx_word' id='word_1_272' title='bbox 947 3127 1248 3191; x_wconf 85' lang='lat' dir='ltr'><strong>Molanum,</strong></span> <span class='ocrx_word' id='word_1_273' title='bbox 1298 3126 1365 3177; x_wconf 89' lang='lat' dir='ltr'><strong>de</strong></span> <span class='ocrx_word' id='word_1_274' title='bbox 1400 3126 1644 3177; x_wconf 84' lang='lat' dir='ltr'><strong>Historia</strong></span> <span class='ocrx_word' id='word_1_275' title='bbox 1680 3144 1722 3178; x_wconf 88' lang='lat' dir='ltr'><strong>s.</strong></span> <span class='ocrx_word' id='word_1_276' title='bbox 1760 3129 2076 3194; x_wconf 81' lang='lat' dir='ltr'><strong>imaginum,</strong></span> <span class='ocrx_word' id='word_1_277' title='bbox 2119 3128 2212 3191; x_wconf 90' lang='lat' dir='ltr'><strong>IV,</strong></span> <span class='ocrx_word' id='word_1_278' title='bbox 2242 3132 2288 3179; x_wconf 91' lang='grc'><strong>7.</strong></span> <span class='ocrx_word' id='word_1_279' title='bbox 2324 3145 2376 3194; x_wconf 88' lang='lat' dir='ltr'><strong>p.</strong></span> <span class='ocrx_word' id='word_1_280' title='bbox 2403 3130 2520 3179; x_wconf 90' lang='grc'><strong>442.</strong></span> <span class='ocrx_word' id='word_1_281' title='bbox 2558 3157 2624 3167; x_wconf 89' lang='grc'><strong>-</strong></span> 
     </span>
     <span class='ocr_line' id='line_1_28' title="bbox 174 3213 2624 3281; baseline 0.001 -20"><span class='ocrx_word' id='word_1_282' title='bbox 174 3226 267 3261; x_wconf 78' lang='lat' dir='ltr'><strong>eam</strong></span> <span class='ocrx_word' id='word_1_283' title='bbox 296 3215 349 3264; x_wconf 87' lang='lat' dir='ltr'><strong>in</strong></span> <span class='ocrx_word' id='word_1_284' title='bbox 380 3215 517 3267; x_wconf 83' lang='lat' dir='ltr'><strong>Jesu</strong></span> <span class='ocrx_word' id='word_1_285' title='bbox 554 3216 737 3281; x_wconf 85' lang='lat' dir='ltr'><strong>capite</strong></span> <span class='ocrx_word' id='word_1_286' title='bbox 772 3215 1039 3277; x_wconf 87' lang='lat' dir='ltr'><strong>relictam,</strong></span> <span class='ocrx_word' id='word_1_287' title='bbox 1084 3219 1146 3264; x_wconf 89' lang='lat' dir='ltr'><strong>ut</strong></span> <span class='ocrx_word' id='word_1_288' title='bbox 1180 3228 1311 3278; x_wconf 87' lang='lat' dir='ltr'><strong>prae</strong></span> <span class='ocrx_word' id='word_1_289' title='bbox 1346 3213 1646 3265; x_wconf 82' lang='lat' dir='ltr'><strong>latronibus</strong></span> <span class='ocrx_word' id='word_1_290' title='bbox 1703 3214 1915 3266; x_wconf 86' lang='lat' dir='ltr'><strong>duobus</strong></span> <span class='ocrx_word' id='word_1_291' title='bbox 1959 3215 2184 3281; x_wconf 78' lang='lat' dir='ltr'><strong>insignis</strong></span> <span class='ocrx_word' id='word_1_292' title='bbox 2239 3219 2380 3267; x_wconf 87' lang='lat' dir='ltr'><strong>esset</strong></span> <span class='ocrx_word' id='word_1_293' title='bbox 2416 3216 2624 3281; x_wconf 87' lang='lat' dir='ltr'><strong>conspi-</strong></span> 
     </span>
     <span class='ocr_line' id='line_1_29' title="bbox 172 3300 2626 3365; baseline -0 -13"><span class='ocrx_word' id='word_1_294' title='bbox 172 3312 393 3365; x_wconf 72' lang='lat' dir='ltr'><strong>cuusque.</strong></span> <span class='ocrx_word' id='word_1_295' title='bbox 448 3302 615 3363; x_wconf 80' lang='lat' dir='ltr'><strong>Quod</strong></span> <span class='ocrx_word' id='word_1_296' title='bbox 658 3301 786 3353; x_wconf 84' lang='lat' dir='ltr'><strong>licet</strong></span> <span class='ocrx_word' id='word_1_297' title='bbox 830 3302 1046 3351; x_wconf 89' lang='lat' dir='ltr'><strong>omnino</strong></span> <span class='ocrx_word' id='word_1_298' title='bbox 1093 3306 1295 3351; x_wconf 88' lang='lat' dir='ltr'><strong>certum</strong></span> <span class='ocrx_word' id='word_1_299' title='bbox 1344 3316 1452 3351; x_wconf 90' lang='lat' dir='ltr'><strong>non</strong></span> <span class='ocrx_word' id='word_1_300' title='bbox 1488 3301 1581 3363; x_wconf 87' lang='lat' dir='ltr'><strong>sit,</strong></span> <span class='ocrx_word' id='word_1_301' title='bbox 1613 3306 1791 3351; x_wconf 87' lang='lat' dir='ltr'><strong>tamen</strong></span> <span class='ocrx_word' id='word_1_302' title='bbox 1828 3301 2052 3351; x_wconf 87' lang='lat' dir='ltr'><strong>multum</strong></span> <span class='ocrx_word' id='word_1_303' title='bbox 2087 3300 2369 3365; x_wconf 83' lang='lat' dir='ltr'><strong>probabile</strong></span> <span class='ocrx_word' id='word_1_304' title='bbox 2405 3306 2510 3364; x_wconf 86' lang='lat' dir='ltr'><strong>est,</strong></span> <span class='ocrx_word' id='word_1_305' title='bbox 2561 3316 2626 3351; x_wconf 85' lang='lat' dir='ltr'><strong>ac</strong></span> 
     </span>
     <span class='ocr_line' id='line_1_30' title="bbox 172 3386 2625 3453; baseline 0 -18"><span class='ocrx_word' id='word_1_306' title='bbox 172 3400 269 3435; x_wconf 81' lang='lat' dir='ltr'><strong>eum</strong></span> <span class='ocrx_word' id='word_1_307' title='bbox 300 3390 467 3439; x_wconf 83' lang='lat' dir='ltr'><strong>crucis</strong></span> <span class='ocrx_word' id='word_1_308' title='bbox 510 3388 671 3439; x_wconf 84' lang='lat' dir='ltr'><strong>titulo</strong></span> <span class='ocrx_word' id='word_1_309' title='bbox 708 3389 961 3439; x_wconf 82' lang='lat' dir='ltr'><strong>convenit</strong></span> <span class='ocrx_word' id='word_1_310' title='bbox 992 3387 1047 3437; x_wconf 83' lang='lat' dir='ltr'><strong>J.</strong></span> <span class='ocrx_word' id='word_1_311' title='bbox 1070 3388 1137 3437; x_wconf 83' lang='lat' dir='ltr'><strong>N.</strong></span> <span class='ocrx_word' id='word_1_312' title='bbox 1162 3388 1225 3437; x_wconf 85' lang='lat' dir='ltr'><strong>R.</strong></span> <span class='ocrx_word' id='word_1_313' title='bbox 1250 3387 1304 3437; x_wconf 88' lang='lat' dir='ltr'><strong>.J.</strong></span> <span class='ocrx_word' id='word_1_314' title='bbox 1369 3388 1474 3437; x_wconf 88' lang='lat' dir='ltr'><strong>Per</strong></span> <span class='ocrx_word' id='word_1_315' title='bbox 1526 3386 1721 3437; x_wconf 88' lang='lat' dir='ltr'><strong>milites</strong></span> <span class='ocrx_word' id='word_1_316' title='bbox 1776 3392 1967 3438; x_wconf 84' lang='lat' dir='ltr'><strong>exacta</strong></span> <span class='ocrx_word' id='word_1_317' title='bbox 2021 3388 2148 3438; x_wconf 88' lang='lat' dir='ltr'><strong>olim</strong></span> <span class='ocrx_word' id='word_1_318' title='bbox 2200 3386 2464 3453; x_wconf 85' lang='lat' dir='ltr'><strong>supplicia</strong></span> <span class='ocrx_word' id='word_1_319' title='bbox 2516 3401 2625 3436; x_wconf 85' lang='lat' dir='ltr'><strong>non</strong></span> 
     </span>
     <span class='ocr_line' id='line_1_31' title="bbox 168 3473 2626 3540; baseline 0.001 -19"><span class='ocrx_word' id='word_1_320' title='bbox 168 3474 301 3523; x_wconf 82' lang='lat' dir='ltr'><strong>modo</strong></span> <span class='ocrx_word' id='word_1_321' title='bbox 332 3476 389 3525; x_wconf 88' lang='lat' dir='ltr'><strong>in</strong></span> <span class='ocrx_word' id='word_1_322' title='bbox 422 3478 637 3537; x_wconf 82' lang='lat' dir='ltr'><strong>castris,</strong></span> <span class='ocrx_word' id='word_1_323' title='bbox 674 3476 773 3527; x_wconf 85' lang='lat' dir='ltr'><strong>sed</strong></span> <span class='ocrx_word' id='word_1_324' title='bbox 796 3476 957 3526; x_wconf 85' lang='lat' dir='ltr'><strong>etiam</strong></span> <span class='ocrx_word' id='word_1_325' title='bbox 990 3475 1297 3540; x_wconf 86' lang='lat' dir='ltr'><strong>provinciis,</strong></span> <span class='ocrx_word' id='word_1_326' title='bbox 1334 3474 1440 3524; x_wconf 91' lang='lat' dir='ltr'><strong>imo</strong></span> <span class='ocrx_word' id='word_1_327' title='bbox 1464 3475 1521 3523; x_wconf 90' lang='lat' dir='ltr'><strong>in</strong></span> <span class='ocrx_word' id='word_1_328' title='bbox 1544 3474 1666 3538; x_wconf 88' lang='lat' dir='ltr'><strong>ipsa</strong></span> <span class='ocrx_word' id='word_1_329' title='bbox 1693 3474 1846 3535; x_wconf 88' lang='lat' dir='ltr'><strong>urbe,</strong></span> <span class='ocrx_word' id='word_1_330' title='bbox 1872 3488 1907 3524; x_wconf 92' lang='lat' dir='ltr'><strong>a</strong></span> <span class='ocrx_word' id='word_1_331' title='bbox 1929 3474 2059 3525; x_wconf 83' lang='lat' dir='ltr'><strong>viris</strong></span> <span class='ocrx_word' id='word_1_332' title='bbox 2085 3474 2402 3525; x_wconf 84' lang='lat' dir='ltr'><strong>doctissimis</strong></span> <span class='ocrx_word' id='word_1_333' title='bbox 2427 3473 2626 3523; x_wconf 90' lang='lat' dir='ltr'><strong>dudum</strong></span> 
     </span>
     <span class='ocr_line' id='line_1_32' title="bbox 170 3560 2626 3627; baseline 0 -18"><span class='ocrx_word' id='word_1_334' title='bbox 170 3561 587 3615; x_wconf 73' lang='lat' dir='ltr'><strong>mimadversum.</strong></span> <span class='ocrx_word' id='word_1_335' title='bbox 648 3562 729 3613; x_wconf 79' lang='lat' dir='ltr'><strong>cf.</strong></span> <span class='ocrx_word' id='word_1_336' title='bbox 764 3562 910 3614; x_wconf 81' lang='lat' dir='ltr'><strong>Justi</strong></span> <span class='ocrx_word' id='word_1_337' title='bbox 944 3562 1133 3627; x_wconf 87' lang='lat' dir='ltr'><strong>Lipsii,</strong></span> <span class='ocrx_word' id='word_1_338' title='bbox 1174 3560 1241 3611; x_wconf 88' lang='lat' dir='ltr'><strong>de</strong></span> <span class='ocrx_word' id='word_1_339' title='bbox 1275 3560 1467 3610; x_wconf 80' lang='lat' dir='ltr'><strong>militia</strong></span> <span class='ocrx_word' id='word_1_340' title='bbox 1500 3560 1746 3611; x_wconf 79' lang='lat' dir='ltr'><strong>Romana</strong></span> <span class='ocrx_word' id='word_1_341' title='bbox 1785 3561 1858 3623; x_wconf 87' lang='lat' dir='ltr'><strong>V,</strong></span> <span class='ocrx_word' id='word_1_342' title='bbox 1895 3562 1977 3611; x_wconf 89' lang='lat'><strong>18.</strong></span> <span class='ocrx_word' id='word_1_343' title='bbox 2021 3561 2104 3611; x_wconf 89' lang='lat' dir='ltr'><strong>ed.</strong></span> <span class='ocrx_word' id='word_1_344' title='bbox 2143 3561 2244 3627; x_wconf 89' lang='lat' dir='ltr'><strong>Op.</strong></span> <span class='ocrx_word' id='word_1_345' title='bbox 2278 3560 2437 3611; x_wconf 76' lang='lat' dir='ltr'><strong>Antv.</strong></span> <span class='ocrx_word' id='word_1_346' title='bbox 2474 3561 2626 3611; x_wconf 80' lang='lat'><strong>1637.</strong></span> 
     </span>
     <span class='ocr_line' id='line_1_33' title="bbox 168 3643 2626 3715; baseline -0.001 -17"><span class='ocrx_word' id='word_1_347' title='bbox 168 3643 248 3705; x_wconf 74' lang='lat' dir='ltr'><strong>III,</strong></span> <span class='ocrx_word' id='word_1_348' title='bbox 270 3650 381 3699; x_wconf 83' lang='grc'><strong>215.</strong></span> <span class='ocrx_word' id='word_1_349' title='bbox 437 3648 483 3715; x_wconf 77' lang='lat'><strong>⁴)</strong></span> <span class='ocrx_word' id='word_1_350' title='bbox 520 3649 629 3711; x_wconf 79' lang='lat' dir='ltr'><strong>Qui</strong></span> <span class='ocrx_word' id='word_1_351' title='bbox 664 3648 867 3699; x_wconf 82' lang='lat' dir='ltr'><strong>tardius</strong></span> <span class='ocrx_word' id='word_1_352' title='bbox 904 3648 1155 3699; x_wconf 85' lang='lat' dir='ltr'><strong>euntibus</strong></span> <span class='ocrx_word' id='word_1_353' title='bbox 1190 3648 1477 3713; x_wconf 83' lang='lat' dir='ltr'><strong>flagrorum</strong></span> <span class='ocrx_word' id='word_1_354' title='bbox 1512 3647 1756 3697; x_wconf 86' lang='lat' dir='ltr'><strong>stimulos</strong></span> <span class='ocrx_word' id='word_1_355' title='bbox 1789 3646 2052 3698; x_wconf 89' lang='lat' dir='ltr'><strong>subiicere</strong></span> <span class='ocrx_word' id='word_1_356' title='bbox 2089 3645 2352 3698; x_wconf 87' lang='lat' dir='ltr'><strong>solebant.</strong></span> <span class='ocrx_word' id='word_1_357' title='bbox 2391 3646 2472 3697; x_wconf 89' lang='lat' dir='ltr'><strong>cf.</strong></span> <span class='ocrx_word' id='word_1_358' title='bbox 2497 3646 2626 3712; x_wconf 87' lang='lat' dir='ltr'><strong>Lip-</strong></span> 
     </span>
     <span class='ocr_line' id='line_1_34' title="bbox 170 3732 2626 3801; baseline -0.001 -16"><span class='ocrx_word' id='word_1_359' title='bbox 170 3732 294 3795; x_wconf 74' lang='lat' dir='ltr'><strong>sium,</strong></span> <span class='ocrx_word' id='word_1_360' title='bbox 316 3734 379 3785; x_wconf 85' lang='lat' dir='ltr'><strong>de</strong></span> <span class='ocrx_word' id='word_1_361' title='bbox 409 3750 573 3787; x_wconf 84' lang='lat' dir='ltr'><strong>eruce</strong></span> <span class='ocrx_word' id='word_1_362' title='bbox 609 3736 681 3799; x_wconf 86' lang='grc' dir='ltr'><strong>ΙΙ,</strong></span> <span class='ocrx_word' id='word_1_363' title='bbox 706 3738 758 3787; x_wconf 75' lang='lat'><strong>6.</strong></span> <span class='ocrx_word' id='word_1_364' title='bbox 782 3752 825 3787; x_wconf 88' lang='lat' dir='ltr'><strong>s.</strong></span> <span class='ocrx_word' id='word_1_365' title='bbox 862 3752 913 3800; x_wconf 88' lang='lat' dir='ltr'><strong>p.</strong></span> <span class='ocrx_word' id='word_1_366' title='bbox 940 3736 1059 3786; x_wconf 86' lang='grc'><strong>658.</strong></span> <span class='ocrx_word' id='word_1_367' title='bbox 1122 3732 1163 3801; x_wconf 74' lang='lat'><strong>⁵)</strong></span> <span class='ocrx_word' id='word_1_368' title='bbox 1200 3734 1374 3796; x_wconf 82' lang='lat' dir='ltr'><strong>Quam</strong></span> <span class='ocrx_word' id='word_1_369' title='bbox 1419 3735 1526 3783; x_wconf 89' lang='lat' dir='ltr'><strong>iam</strong></span> <span class='ocrx_word' id='word_1_370' title='bbox 1572 3733 1771 3783; x_wconf 86' lang='lat' dir='ltr'><strong>tulerat</strong></span> <span class='ocrx_word' id='word_1_371' title='bbox 1813 3749 1910 3799; x_wconf 90' lang='lat' dir='ltr'><strong>per</strong></span> <span class='ocrx_word' id='word_1_372' title='bbox 1953 3734 2156 3783; x_wconf 91' lang='lat' dir='ltr'><strong>urbem.</strong></span> <span class='ocrx_word' id='word_1_373' title='bbox 2219 3732 2259 3799; x_wconf 71' lang='grc' dir='ltr'><strong>θ)</strong></span> <span class='ocrx_word' id='word_1_374' title='bbox 2296 3733 2402 3794; x_wconf 82' lang='lat' dir='ltr'><strong>Qui</strong></span> <span class='ocrx_word' id='word_1_375' title='bbox 2438 3749 2468 3782; x_wconf 90' lang='lat' dir='ltr'><strong>e</strong></span> <span class='ocrx_word' id='word_1_376' title='bbox 2503 3748 2626 3782; x_wconf 89' lang='lat' dir='ltr'><strong>rure</strong></span> 
     </span>
     <span class='ocr_line' id='line_1_35' title="bbox 168 3818 2626 3886; baseline 0.001 -21"><span class='ocrx_word' id='word_1_377' title='bbox 168 3824 245 3866; x_wconf 82' lang='lat' dir='ltr'><strong>sut</strong></span> <span class='ocrx_word' id='word_1_378' title='bbox 272 3822 485 3885; x_wconf 80' lang='lat' dir='ltr'><strong>praedio</strong></span> <span class='ocrx_word' id='word_1_379' title='bbox 523 3821 836 3874; x_wconf 81' lang='lat' dir='ltr'><strong>suburbano</strong></span> <span class='ocrx_word' id='word_1_380' title='bbox 879 3826 941 3871; x_wconf 87' lang='lat' dir='ltr'><strong>ut</strong></span> <span class='ocrx_word' id='word_1_381' title='bbox 988 3825 1196 3886; x_wconf 86' lang='lat' dir='ltr'><strong>peteret</strong></span> <span class='ocrx_word' id='word_1_382' title='bbox 1228 3820 1431 3881; x_wconf 86' lang='lat' dir='ltr'><strong>urbem,</strong></span> <span class='ocrx_word' id='word_1_383' title='bbox 1476 3820 1604 3884; x_wconf 85' lang='lat' dir='ltr'><strong>quia</strong></span> <span class='ocrx_word' id='word_1_384' title='bbox 1640 3818 1755 3869; x_wconf 87' lang='lat' dir='ltr'><strong>dies</strong></span> <span class='ocrx_word' id='word_1_385' title='bbox 1790 3818 1958 3869; x_wconf 84' lang='lat' dir='ltr'><strong>festus</strong></span> <span class='ocrx_word' id='word_1_386' title='bbox 1993 3819 2246 3879; x_wconf 86' lang='lat' dir='ltr'><strong>instabat,</strong></span> <span class='ocrx_word' id='word_1_387' title='bbox 2283 3818 2626 3883; x_wconf 85' lang='lat' dir='ltr'><strong>praeteribat.</strong></span> 
     </span>
     <span class='ocr_line' id='line_1_36' title="bbox 172 3901 2626 3975; baseline -0.001 -20"><span class='ocrx_word' id='word_1_388' title='bbox 172 3902 203 3965; x_wconf 66' lang='grc' dir='ltr'><strong>Τ)</strong></span> <span class='ocrx_word' id='word_1_389' title='bbox 232 3906 451 3959; x_wconf 78' lang='lat' dir='ltr'><strong>Invitum</strong></span> <span class='ocrx_word' id='word_1_390' title='bbox 485 3924 623 3961; x_wconf 82' lang='lat' dir='ltr'><strong>sane</strong></span> <span class='ocrx_word' id='word_1_391' title='bbox 658 3908 805 3974; x_wconf 87' lang='lat' dir='ltr'><strong>quod</strong></span> <span class='ocrx_word' id='word_1_392' title='bbox 840 3908 1005 3958; x_wconf 78' lang='lat' dir='ltr'><strong>verbo</strong></span> <span class='ocrx_word' id='word_1_393' title='bbox 1041 3901 1317 3975; x_wconf 76' lang='grc' dir='ltr'>ἀγγαρεύω,</span> <span class='ocrx_word' id='word_1_394' title='bbox 1354 3905 1633 3971; x_wconf 82' lang='lat' dir='ltr'><strong>angariare</strong></span> <span class='ocrx_word' id='word_1_395' title='bbox 1669 3922 1712 3955; x_wconf 85' lang='lat' dir='ltr'><strong>s.</strong></span> <span class='ocrx_word' id='word_1_396' title='bbox 1736 3904 2066 3967; x_wconf 83' lang='lat' dir='ltr'><strong>Matthaeus,</strong></span> <span class='ocrx_word' id='word_1_397' title='bbox 2104 3906 2187 3966; x_wconf 92' lang='grc'><strong>27,</strong></span> <span class='ocrx_word' id='word_1_398' title='bbox 2215 3906 2280 3954; x_wconf 86' lang='grc'><strong>32</strong></span> <span class='ocrx_word' id='word_1_399' title='bbox 2319 3907 2374 3953; x_wconf 93' lang='lat' dir='ltr'><strong>et</strong></span> <span class='ocrx_word' id='word_1_400' title='bbox 2407 3918 2449 3953; x_wconf 89' lang='lat' dir='ltr'><strong>s.</strong></span> <span class='ocrx_word' id='word_1_401' title='bbox 2486 3903 2626 3953; x_wconf 84' lang='lat' dir='ltr'><strong>Mar-</strong></span> 
     </span>
     <span class='ocr_line' id='line_1_37' title="bbox 170 3989 2626 4055; baseline -0.002 -12"><span class='ocrx_word' id='word_1_402' title='bbox 170 4004 261 4052; x_wconf 70' lang='lat' dir='ltr'><strong>cus,</strong></span> <span class='ocrx_word' id='word_1_403' title='bbox 295 3996 371 4055; x_wconf 77' lang='lat'><strong>15,</strong></span> <span class='ocrx_word' id='word_1_404' title='bbox 396 3998 484 4045; x_wconf 84' lang='lat'><strong>21.</strong></span> <span class='ocrx_word' id='word_1_405' title='bbox 520 3994 780 4045; x_wconf 83' lang='lat' dir='ltr'><strong>indicant.</strong></span> <span class='ocrx_word' id='word_1_406' title='bbox 821 3995 943 4045; x_wconf 83' lang='lat' dir='ltr'><strong>Non</strong></span> <span class='ocrx_word' id='word_1_407' title='bbox 979 3998 1193 4044; x_wconf 81' lang='lat' dir='ltr'><strong>constat</strong></span> <span class='ocrx_word' id='word_1_408' title='bbox 1238 3998 1415 4042; x_wconf 85' lang='lat' dir='ltr'><strong>utrum</strong></span> <span class='ocrx_word' id='word_1_409' title='bbox 1461 3996 1577 4042; x_wconf 85' lang='lat' dir='ltr'><strong>tota</strong></span> <span class='ocrx_word' id='word_1_410' title='bbox 1622 4006 1752 4041; x_wconf 84' lang='lat' dir='ltr'><strong>crux</strong></span> <span class='ocrx_word' id='word_1_411' title='bbox 1787 3992 1844 4041; x_wconf 86' lang='lat' dir='ltr'><strong>in</strong></span> <span class='ocrx_word' id='word_1_412' title='bbox 1879 3990 2108 4041; x_wconf 87' lang='lat' dir='ltr'><strong>Simonis</strong></span> <span class='ocrx_word' id='word_1_413' title='bbox 2147 3989 2408 4054; x_wconf 74' lang='lat' dir='ltr'><strong>Cyrenaei</strong></span> <span class='ocrx_word' id='word_1_414' title='bbox 2445 3989 2626 4039; x_wconf 87' lang='lat' dir='ltr'><strong>hume-</strong></span> 
     </span>
     <span class='ocr_line' id='line_1_38' title="bbox 172 4074 2626 4144; baseline -0.002 -15"><span class='ocrx_word' id='word_1_415' title='bbox 172 4090 239 4127; x_wconf 75' lang='lat' dir='ltr'><strong>ros</strong></span> <span class='ocrx_word' id='word_1_416' title='bbox 268 4081 529 4133; x_wconf 65' lang='lat' dir='ltr'><strong>translate</strong></span> <span class='ocrx_word' id='word_1_417' title='bbox 561 4081 749 4144; x_wconf 63' lang='grc' dir='ltr'><strong>ἥκοι-ἥς</strong></span> <span class='ocrx_word' id='word_1_418' title='bbox 803 4094 874 4130; x_wconf 82' lang='lat' dir='ltr'><strong>an</strong></span> <span class='ocrx_word' id='word_1_419' title='bbox 915 4096 1045 4129; x_wconf 82' lang='lat' dir='ltr'><strong>vero</strong></span> <span class='ocrx_word' id='word_1_420' title='bbox 1082 4095 1201 4129; x_wconf 89' lang='lat' dir='ltr'><strong>cum</strong></span> <span class='ocrx_word' id='word_1_421' title='bbox 1241 4078 1451 4129; x_wconf 87' lang='lat' dir='ltr'><strong>Christo</strong></span> <span class='ocrx_word' id='word_1_422' title='bbox 1490 4078 1674 4128; x_wconf 86' lang='lat' dir='ltr'><strong>tulerit</strong></span> <span class='ocrx_word' id='word_1_423' title='bbox 1709 4092 1920 4127; x_wconf 88' lang='lat' dir='ltr'><strong>crucem</strong></span> <span class='ocrx_word' id='word_1_424' title='bbox 1957 4082 2099 4127; x_wconf 89' lang='lat' dir='ltr'><strong>retro</strong></span> <span class='ocrx_word' id='word_1_425' title='bbox 2137 4074 2330 4125; x_wconf 89' lang='lat' dir='ltr'><strong>eundo.</strong></span> <span class='ocrx_word' id='word_1_426' title='bbox 2389 4076 2626 4125; x_wconf 86' lang='lat' dir='ltr'><strong>Priorem</strong></span> 
     </span>
     <span class='ocr_line' id='line_1_39' title="bbox 172 4162 2624 4233; baseline -0.002 -16"><span class='ocrx_word' id='word_1_427' title='bbox 172 4168 457 4219; x_wconf 68' lang='lat' dir='ltr'><strong>sententiam</strong></span> <span class='ocrx_word' id='word_1_428' title='bbox 492 4168 729 4233; x_wconf 82' lang='lat' dir='ltr'><strong>amplexi</strong></span> <span class='ocrx_word' id='word_1_429' title='bbox 764 4171 889 4218; x_wconf 87' lang='lat' dir='ltr'><strong>sunt</strong></span> <span class='ocrx_word' id='word_1_430' title='bbox 922 4182 966 4216; x_wconf 86' lang='lat' dir='ltr'><strong>s.</strong></span> <span class='ocrx_word' id='word_1_431' title='bbox 1002 4166 1380 4231; x_wconf 81' lang='lat' dir='ltr'><strong>Hieronymus,</strong></span> <span class='ocrx_word' id='word_1_432' title='bbox 1419 4180 1605 4215; x_wconf 89' lang='lat' dir='ltr'><strong>comm.</strong></span> <span class='ocrx_word' id='word_1_433' title='bbox 1643 4166 1700 4213; x_wconf 89' lang='lat' dir='ltr'><strong>in</strong></span> <span class='ocrx_word' id='word_1_434' title='bbox 1733 4163 1923 4213; x_wconf 82' lang='lat' dir='ltr'><strong>Matth.</strong></span> <span class='ocrx_word' id='word_1_435' title='bbox 1949 4166 2033 4226; x_wconf 91' lang='grc'><strong>27,</strong></span> <span class='ocrx_word' id='word_1_436' title='bbox 2059 4164 2142 4213; x_wconf 90' lang='grc'><strong>32.</strong></span> <span class='ocrx_word' id='word_1_437' title='bbox 2181 4180 2232 4228; x_wconf 90' lang='lat' dir='ltr'><strong>p.</strong></span> <span class='ocrx_word' id='word_1_438' title='bbox 2258 4164 2378 4213; x_wconf 89' lang='grc'><strong>232.</strong></span> <span class='ocrx_word' id='word_1_439' title='bbox 2414 4176 2456 4211; x_wconf 88' lang='lat' dir='ltr'><strong>s.</strong></span> <span class='ocrx_word' id='word_1_440' title='bbox 2492 4162 2624 4224; x_wconf 90' lang='lat' dir='ltr'><strong>Leo,</strong></span> 
     </span>
     <span class='ocr_line' id='line_1_40' title="bbox 174 4248 2624 4318; baseline -0.002 -17"><span class='ocrx_word' id='word_1_441' title='bbox 174 4262 297 4301; x_wconf 63' lang='lat' dir='ltr'><strong>term.</strong></span> <span class='ocrx_word' id='word_1_442' title='bbox 320 4254 463 4305; x_wconf 79' lang='lat' dir='ltr'><strong>vm.</strong></span> <span class='ocrx_word' id='word_1_443' title='bbox 496 4254 565 4304; x_wconf 84' lang='lat' dir='ltr'><strong>de</strong></span> <span class='ocrx_word' id='word_1_444' title='bbox 588 4255 741 4305; x_wconf 78' lang='lat' dir='ltr'><strong>Pass-</strong></span> <span class='ocrx_word' id='word_1_445' title='bbox 765 4254 923 4304; x_wconf 83' lang='lat' dir='ltr'><strong>Dom.</strong></span> <span class='ocrx_word' id='word_1_446' title='bbox 947 4270 999 4303; x_wconf 87' lang='lat' dir='ltr'><strong>n.</strong></span> <span class='ocrx_word' id='word_1_447' title='bbox 1026 4254 1075 4303; x_wconf 81' lang='lat'><strong>5.</strong></span> <span class='ocrx_word' id='word_1_448' title='bbox 1100 4269 1153 4318; x_wconf 90' lang='lat' dir='ltr'><strong>p.</strong></span> <span class='ocrx_word' id='word_1_449' title='bbox 1178 4254 1263 4303; x_wconf 75' lang='lat'><strong>64.</strong></span> <span class='ocrx_word' id='word_1_450' title='bbox 1299 4251 1750 4317; x_wconf 82' lang='lat' dir='ltr'><strong>Theophylactus,</strong></span> <span class='ocrx_word' id='word_1_451' title='bbox 1769 4251 1825 4299; x_wconf 91' lang='lat' dir='ltr'><strong>in</strong></span> <span class='ocrx_word' id='word_1_452' title='bbox 1848 4249 2036 4299; x_wconf 80' lang='lat' dir='ltr'><strong>Matth.</strong></span> <span class='ocrx_word' id='word_1_453' title='bbox 2073 4248 2110 4298; x_wconf 96' lang='lat' dir='ltr'><strong>l.</strong></span> <span class='ocrx_word' id='word_1_454' title='bbox 2137 4264 2184 4299; x_wconf 89' lang='lat' dir='ltr'><strong>c.</strong></span> <span class='ocrx_word' id='word_1_455' title='bbox 2209 4266 2260 4314; x_wconf 90' lang='lat' dir='ltr'><strong>p.</strong></span> <span class='ocrx_word' id='word_1_456' title='bbox 2289 4250 2404 4299; x_wconf 81' lang='lat'><strong>174.</strong></span> <span class='ocrx_word' id='word_1_457' title='bbox 2440 4248 2624 4298; x_wconf 84' lang='lat' dir='ltr'><strong>Poste-</strong></span> 
     </span>
     <span class='ocr_line' id='line_1_41' title="bbox 176 4335 2626 4405; baseline -0.001 -20"><span class='ocrx_word' id='word_1_458' title='bbox 176 4336 333 4389; x_wconf 81' lang='lat' dir='ltr'><strong>riorem</strong></span> <span class='ocrx_word' id='word_1_459' title='bbox 354 4340 521 4392; x_wconf 78' lang='lat' dir='ltr'><strong>habet</strong></span> <span class='ocrx_word' id='word_1_460' title='bbox 544 4356 587 4391; x_wconf 87' lang='lat' dir='ltr'><strong>s.</strong></span> <span class='ocrx_word' id='word_1_461' title='bbox 612 4340 943 4403; x_wconf 79' lang='lat' dir='ltr'><strong>Ambrosius,</strong></span> <span class='ocrx_word' id='word_1_462' title='bbox 970 4354 1152 4405; x_wconf 85' lang='lat' dir='ltr'><strong>expos.</strong></span> <span class='ocrx_word' id='word_1_463' title='bbox 1175 4339 1276 4388; x_wconf 79' lang='lat' dir='ltr'><strong>Ev.</strong></span> <span class='ocrx_word' id='word_1_464' title='bbox 1302 4352 1411 4388; x_wconf 90' lang='lat' dir='ltr'><strong>sec.</strong></span> <span class='ocrx_word' id='word_1_465' title='bbox 1434 4338 1567 4387; x_wconf 86' lang='lat' dir='ltr'><strong>Luc.</strong></span> <span class='ocrx_word' id='word_1_466' title='bbox 1592 4339 1676 4399; x_wconf 88' lang='grc'><strong>23,</strong></span> <span class='ocrx_word' id='word_1_467' title='bbox 1703 4338 1788 4387; x_wconf 90' lang='grc'><strong>26.</strong></span> <span class='ocrx_word' id='word_1_468' title='bbox 1815 4353 1868 4402; x_wconf 90' lang='lat' dir='ltr'><strong>p.</strong></span> <span class='ocrx_word' id='word_1_469' title='bbox 1885 4338 2036 4387; x_wconf 82' lang='grc'><strong>1527.</strong></span> <span class='ocrx_word' id='word_1_470' title='bbox 2065 4335 2372 4397; x_wconf 85' lang='lat' dir='ltr'><strong>Caietanus,</strong></span> <span class='ocrx_word' id='word_1_471' title='bbox 2397 4335 2454 4384; x_wconf 89' lang='lat' dir='ltr'><strong>in</strong></span> <span class='ocrx_word' id='word_1_472' title='bbox 2480 4338 2626 4400; x_wconf 85' lang='lat' dir='ltr'><strong>quat.</strong></span> 
     </span>
     <span class='ocr_line' id='line_1_42' title="bbox 174 4420 2624 4492; baseline 0 -23"><span class='ocrx_word' id='word_1_473' title='bbox 174 4420 253 4472; x_wconf 70' lang='lat' dir='ltr'><strong>Er.</strong></span> <span class='ocrx_word' id='word_1_474' title='bbox 272 4441 453 4479; x_wconf 77' lang='lat' dir='ltr'><strong>comm.</strong></span> <span class='ocrx_word' id='word_1_475' title='bbox 479 4428 553 4477; x_wconf 80' lang='lat' dir='ltr'><strong>ad</strong></span> <span class='ocrx_word' id='word_1_476' title='bbox 572 4428 709 4478; x_wconf 89' lang='lat' dir='ltr'><strong>Luc.</strong></span> <span class='ocrx_word' id='word_1_477' title='bbox 734 4428 820 4477; x_wconf 86' lang='grc'><strong>23.</strong></span> <span class='ocrx_word' id='word_1_478' title='bbox 856 4443 909 4492; x_wconf 90' lang='lat' dir='ltr'><strong>p.</strong></span> <span class='ocrx_word' id='word_1_479' title='bbox 934 4428 1053 4477; x_wconf 81' lang='lat'><strong>513.</strong></span> <span class='ocrx_word' id='word_1_480' title='bbox 1100 4426 1383 4488; x_wconf 76' lang='lat' dir='ltr'><strong>Batonius,</strong></span> <span class='ocrx_word' id='word_1_481' title='bbox 1418 4424 1557 4475; x_wconf 79' lang='lat' dir='ltr'><strong>Ann.</strong></span> <span class='ocrx_word' id='word_1_482' title='bbox 1584 4424 1714 4475; x_wconf 89' lang='lat' dir='ltr'><strong>eccl.</strong></span> <span class='ocrx_word' id='word_1_483' title='bbox 1741 4438 1790 4473; x_wconf 88' lang='lat' dir='ltr'><strong>a.</strong></span> <span class='ocrx_word' id='word_1_484' title='bbox 1815 4426 1898 4473; x_wconf 82' lang='lat'><strong>34.</strong></span> <span class='ocrx_word' id='word_1_485' title='bbox 1925 4438 1978 4473; x_wconf 87' lang='lat' dir='ltr'><strong>n.</strong></span> <span class='ocrx_word' id='word_1_486' title='bbox 1999 4424 2084 4473; x_wconf 84' lang='lat'><strong>96.</strong></span> <span class='ocrx_word' id='word_1_487' title='bbox 2121 4439 2174 4488; x_wconf 89' lang='lat' dir='ltr'><strong>p.</strong></span> <span class='ocrx_word' id='word_1_488' title='bbox 2202 4423 2316 4473; x_wconf 87' lang='grc'><strong>146.</strong></span> <span class='ocrx_word' id='word_1_489' title='bbox 2359 4420 2624 4483; x_wconf 86' lang='lat' dir='ltr'><strong>Molanus,</strong></span> 
     </span>
     <span class='ocr_line' id='line_1_43' title="bbox 174 4506 2628 4580; baseline -0.002 -17"><span class='ocrx_word' id='word_1_490' title='bbox 174 4506 445 4580; x_wconf 71' lang='lat' dir='ltr'><strong>hist-imag.</strong></span> <span class='ocrx_word' id='word_1_491' title='bbox 468 4516 543 4578; x_wconf 90' lang='lat'><strong>11,</strong></span> <span class='ocrx_word' id='word_1_492' title='bbox 566 4518 653 4566; x_wconf 84' lang='lat'><strong>30.</strong></span> <span class='ocrx_word' id='word_1_493' title='bbox 690 4532 743 4580; x_wconf 88' lang='lat' dir='ltr'><strong>p.</strong></span> <span class='ocrx_word' id='word_1_494' title='bbox 772 4516 856 4565; x_wconf 83' lang='lat'><strong>91.</strong></span> <span class='ocrx_word' id='word_1_495' title='bbox 910 4512 1173 4579; x_wconf 77' lang='lat' dir='ltr'><strong>Sylveira,</strong></span> <span class='ocrx_word' id='word_1_496' title='bbox 1210 4528 1397 4564; x_wconf 85' lang='lat' dir='ltr'><strong>comm.</strong></span> <span class='ocrx_word' id='word_1_497' title='bbox 1432 4513 1490 4563; x_wconf 87' lang='lat' dir='ltr'><strong>in</strong></span> <span class='ocrx_word' id='word_1_498' title='bbox 1524 4516 1563 4562; x_wconf 87' lang='lat' dir='ltr'><strong>t.</strong></span> <span class='ocrx_word' id='word_1_499' title='bbox 1600 4527 1683 4561; x_wconf 80' lang='lat' dir='ltr'><strong>ev.</strong></span> <span class='ocrx_word' id='word_1_500' title='bbox 1717 4510 1864 4561; x_wconf 90' lang='lat' dir='ltr'><strong>VIII.</strong></span> <span class='ocrx_word' id='word_1_501' title='bbox 1919 4512 2000 4573; x_wconf 86' lang='grc'><strong>12,</strong></span> <span class='ocrx_word' id='word_1_502' title='bbox 2041 4512 2122 4560; x_wconf 91' lang='grc'><strong>10.</strong></span> <span class='ocrx_word' id='word_1_503' title='bbox 2159 4514 2197 4559; x_wconf 92' lang='lat' dir='ltr'><strong>t.</strong></span> <span class='ocrx_word' id='word_1_504' title='bbox 2234 4510 2299 4571; x_wconf 86' lang='lat' dir='ltr'><strong>V,</strong></span> <span class='ocrx_word' id='word_1_505' title='bbox 2335 4509 2453 4559; x_wconf 85' lang='grc'><strong>416.</strong></span> <span class='ocrx_word' id='word_1_506' title='bbox 2513 4508 2628 4559; x_wconf 83' lang='lat' dir='ltr'><strong>Nos</strong></span> 
     </span>
     <span class='ocr_line' id='line_1_44' title="bbox 176 4592 2626 4667; baseline -0.003 -18"><span class='ocrx_word' id='word_1_507' title='bbox 176 4610 357 4663; x_wconf 76' lang='lat' dir='ltr'><strong>quoque</strong></span> <span class='ocrx_word' id='word_1_508' title='bbox 388 4603 447 4651; x_wconf 89' lang='lat' dir='ltr'><strong>in</strong></span> <span class='ocrx_word' id='word_1_509' title='bbox 482 4600 623 4651; x_wconf 84' lang='lat' dir='ltr'><strong>hanc</strong></span> <span class='ocrx_word' id='word_1_510' title='bbox 656 4599 1071 4667; x_wconf 87' lang='lat' dir='ltr'><strong>propendemus,</strong></span> <span class='ocrx_word' id='word_1_511' title='bbox 1094 4600 1165 4650; x_wconf 91' lang='lat' dir='ltr'><strong>ob</strong></span> <span class='ocrx_word' id='word_1_512' title='bbox 1202 4599 1539 4649; x_wconf 80' lang='lat' dir='ltr'><strong>traditionem</strong></span> <span class='ocrx_word' id='word_1_513' title='bbox 1576 4596 1894 4648; x_wconf 85' lang='lat' dir='ltr'><strong>universalis</strong></span> <span class='ocrx_word' id='word_1_514' title='bbox 1915 4593 2194 4645; x_wconf 81' lang='lat' dir='ltr'><strong>Ecclesiae</strong></span> <span class='ocrx_word' id='word_1_515' title='bbox 2229 4595 2285 4643; x_wconf 88' lang='lat' dir='ltr'><strong>in</strong></span> <span class='ocrx_word' id='word_1_516' title='bbox 2321 4592 2626 4659; x_wconf 84' lang='lat' dir='ltr'><strong>antiquissi-</strong></span> 
     </span>
    </p>
   </div>
   <div class='ocr_carea' id='block_1_5' title="bbox 3186 1142 3192 3509">
    <p class='ocr_par' dir='ltr' id='par_1_6' title="bbox 3186 1142 3192 3509">
     <span class='ocr_line' id='line_1_45' title="bbox 3186 1142 3192 3509; baseline 0 0"><span class='ocrx_word' id='word_1_517' title='bbox 3186 1142 3192 3509; x_wconf 95' lang='lat' dir='ltr'><strong> </strong></span> 
     </span>
    </p>
   </div>
  </div>
 </body>
</html>
