3267 5259
920 468 1105 511 Primum
1132 481 1161 510 a
1184 468 1505 520 praedic-tione
1533 468 1696 511 christi
1727 470 1907 511 Pascha.
2565 459 2649 523 49

198 664 397 705 scensa
437 641 633 706 Jesus
704 666 853 705 eum
923 642 1252 729 discipulis
1320 646 1485 726 suis,
1554 653 1626 707 ut
1678 646 1802 707 iret
1859 654 2037 709 trans
2107 645 2367 727 fretum,
2435 648 2652 731 gravis

198 752 511 819 admodum
558 756 769 819 oritur
811 765 1200 843 tempestas3
1248 759 1541 843 protinus
1581 755 1717 821 solo
1757 759 1933 821 iussu
1971 768 2202 822 ventos
2247 760 2546 842 increpat
2589 768 2655 821 et

200 890 389 929 eorum
447 890 723 931 sonoros
780 868 1073 932 fremitus
1132 871 1536 954 compescuit
1562 873 1601 933 ¹.
1677 870 1981 934 Traiecto
2037 873 2202 934 mari
2263 869 2656 955 adpulerunt

198 978 265 1041 ad
316 981 641 1063 regionem
710 980 1197 1046 Gerasenorum
1217 984 1261 1065 ²,
1314 984 1381 1045 in
1439 1005 1569 1068 qua
1627 980 1955 1067 legionem
2015 982 2436 1065 daemonum,
2485 1005 2652 1067 quae

200 1090 287 1152 diu
322 1090 473 1156 duos
502 1092 807 1157 homines
854 1095 1091 1158 misere
1137 1093 1553 1177 divexarent,
1599 1117 1875 1180 corpore
1912 1067 2206 1177 eiectam,
2238 1096 2303 1158 in
2338 1093 2435 1158 bis
2481 1094 2652 1159 mille

200 1225 398 1287 porcos
452 1204 713 1289 ingredi
768 1207 1093 1292 permisit,
1143 1208 1251 1291 qui
1318 1207 1661 1271 confestim
1723 1228 1867 1271 sese
1913 1208 1980 1271 in
2029 1230 2210 1271 mare
2262 1210 2656 1293 praecipites

202 1314 497 1381 dederunt.
571 1317 1023 1397 Quamobrem
1070 1318 1151 1381 ab
1192 1317 1422 1382 incolis
1468 1330 1736 1403 rogatus
1778 1328 1850 1383 ut
1889 1317 2258 1383 discederet
2295 1318 2376 1383 de
2421 1318 2656 1383 finibus

202 1450 413 1512 eorum,
468 1454 731 1494 rursum
771 1430 945 1495 unde
988 1441 1259 1495 venerat
1298 1433 1365 1493 in
1412 1430 1775 1495 Galilaeam
1824 1431 2015 1496 rediit
2037 1434 2078 1494 3.
2145 1432 2383 1495 Paucis
2428 1431 2658 1496 diebus

198 1540 507 1605 interiectis
555 1542 855 1607 Christus
904 1543 1363 1628 Capharnaum
1409 1566 1765 1627 regressus,
1811 1542 2214 1628 paralytico⁴
2239 1566 2364 1629 per
2405 1544 2658 1628 tegulas

200 1674 326 1734 prae
366 1653 570 1737 turba,
616 1678 771 1721 cum
815 1655 1054 1721 lectulo
1104 1680 1139 1721 e
1187 1656 1421 1721 solario
1471 1656 1704 1721 domus
1751 1656 2052 1738 demiss0‚
2095 1667 2391 1742 peccata,
2433 1655 2659 1721 scribis

200 1779 249 1827 et
284 1766 637 1833 pharisaeis
684 1768 1258 1851 murmurantibus,
1314 1771 1617 1853 remittit3
1667 1768 1999 1833 difficilem
2062 1768 2298 1833 deinde
2359 1769 2660 1834 morbum

199 1880 443 1942 omnium
486 1892 763 1967 stupore
805 1881 1165 1947 medicatus
1189 1886 1231 1945 ⁵.
1292 1881 1539 1946 Versus
1587 1905 1770 1945 mare
1807 1883 1931 1945 iter
1968 1881 2216 1944 faciens
2255 1879 2660 1945 Matthaeum

198 1989 577 2073 publicanum
628 1993 973 2058 sedentem
1021 1992 1107 2057 ad
1150 1993 1466 2059 telonium
1513 1993 1805 2077 offendit,
1839 1995 2050 2057 virum
2093 2016 2163 2058 se
2211 1994 2396 2077 sequi
2440 1994 2658 2077 iussit3

198 2100 334 2165 illico
386 2104 766 2170 Matthaeus
820 2116 1321 2193 praeceptorem
1376 2117 1640 2171 secutus
1695 2116 2098 2170 sumtuosum
2154 2105 2244 2169 illi
2293 2106 2660 2169 convivium

200 2219 415 2297 paravit
434 2221 473 2280 ⁶.
544 2217 1027 2283 Discedentem
1081 2219 1439 2283 Dominum
1499 2219 2058 2304 archisynagogus
2113 2217 2332 2283 Jairus
2380 2228 2542 2301 orat,
2589 2229 2662 2282 ut

198 2326 261 2389 ad
314 2327 496 2394 filiam
576 2333 777 2395 morti
838 2334 1121 2396 vicinam
1196 2335 1451 2415 veniat3
1520 2332 1605 2395 ad
1668 2354 1863 2417 quam
1927 2354 2077 2397 cum
2137 2330 2302 2413 adit,
2367 2330 2660 2395 haemor-

196 2438 469 2505 rhoissam
493 2446 517 2485 ‘⁶'
563 2443 710 2509 solo
736 2455 918 2509 tactu
948 2446 1242 2511 fimbriae
1275 2447 1646 2510 vestimenti
1685 2448 1783 2509 sui
1823 2456 2040 2528 curat3
2087 2467 2374 2529 moxque
2413 2445 2646 2528 virgini

370 2645 405 2709 ¹)
440 2646 633 2696 Matth.
658 2648 708 2707 8,
730 2648 813 2697 23.
834 2662 875 2695 s.
894 2646 1028 2697 Mar.
1054 2649 1103 2707 4,
1131 2650 1213 2696 36.
1240 2662 1281 2696 s.
1303 2647 1435 2696 Luc.
1462 2649 1510 2708 8,
1538 2649 1621 2696 22.
1641 2645 1886 2696 Eandem
1923 2662 2033 2695 rem
2053 2660 2086 2695 a
2103 2646 2274 2696 tribus
2293 2643 2654 2709 Evangelistis

194 2727 385 2780 describi
418 2732 773 2797 plurimorum
808 2735 1077 2783 sententia
1112 2738 1215 2797 est3
1256 2733 1589 2783 diversitates
1632 2734 1856 2798 exiguae
1895 2731 2160 2797 quomodo
2199 2730 2562 2792 concilientur,
2598 2730 2656 2777 in

195 2822 407 2866 contextu
440 2819 559 2885 lege
598 2819 753 2885 apud
788 2834 831 2869 s.
856 2820 1225 2885 Augustinum‚
1264 2820 1299 2869 l.
1326 2836 1368 2870 s.
1396 2836 1441 2869 c.
1474 2836 1519 2869 c.
1547 2823 1629 2870 24.
1655 2836 1708 2885 p.
1737 2821 1818 2868 56.
1882 2818 1923 2884 ²)
1962 2819 2024 2867 L.
2055 2818 2129 2867 M.
2158 2818 2248 2867 Fr.
2283 2816 2502 2883 Stapell,
2529 2817 2656 2866 diss.

195 2899 245 2947 de
278 2900 570 2955 Gedarenis.
639 2906 791 2955 witt.
830 2908 980 2956 1682.
1016 2908 1065 2968 §-
1101 2908 1147 2957 7.
1185 2922 1225 2956 s.
1274 2907 1397 2956 Not.
1435 2906 1626 2971 Geogr.
1665 2922 1716 2971 p.
1750 2904 1940 2955 XCIV.
2004 2904 2045 2969 ³)
2084 2904 2150 2954 In
2193 2904 2294 2954 hac
2339 2904 2656 2953 daemonum

196 2988 413 3041 eiectione
430 2992 623 3042 Matth.
657 2995 705 3053 8,
728 2994 812 3041 28.
834 3008 875 3041 s.
900 2992 1033 3042 Mar.
1062 2995 1110 3054 6,
1139 2997 1185 3045 1.
1226 2998 1279 3041 et
1307 2991 1441 3041 Luc.
1469 2993 1517 3054 8,
1546 2993 1628 3041 27.
1657 3006 1698 3041 s.
1721 2992 1894 3041 omnia
1917 2991 2256 3055 conveniunt,
2281 2994 2656 3056 praeterquam

196 3074 311 3137 quod
348 3090 387 3125 s.
420 3078 739 3128 Matthaeus
786 3078 921 3128 duos
966 3094 1351 3143 energumenos
1400 3082 1800 3139 commemorat,
1844 3078 2060 3126 unicum
2104 3092 2231 3125 vero
2277 3090 2319 3125 s.
2344 3075 2558 3125 Marcus
2603 3080 2660 3125 et

196 3172 227 3205 s.
247 3159 416 3213 Lucas.
469 3164 637 3226 Quod
676 3165 755 3214 sic
792 3164 1043 3214 conciliat
1080 3180 1121 3213 s.
1146 3165 1493 3230 Augustinus,
1526 3163 1561 3213 1.
1590 3178 1631 3212 s.
1661 3179 1704 3212 c.
1737 3163 2036 3228 „intelligas
2071 3178 2236 3212 unum
2273 3178 2456 3212 eorum
2491 3162 2656 3212 fuisse

196 3260 414 3308 personae
450 3252 691 3301 alicuius
728 3250 966 3300 clarioris
1002 3256 1057 3301 et
1090 3251 1436 3301 famosioris.“
1486 3250 1550 3299 L.
1577 3249 1629 3299 J.
1655 3249 1838 3311 Khell,
1889 3249 1987 3299 ecl.
2023 3248 2152 3299 Obs.
2187 3248 2231 3309 Ι,
2270 3250 2316 3299 7.
2335 3250 2384 3297 8.
2411 3265 2462 3313 p.
2499 3250 2580 3297 33.
2613 3263 2654 3297 s.

197 3332 227 3377 *π
258 3332 324 3382 Cf.
346 3336 393 3384 J.
418 3338 556 3387 Dan.
582 3338 839 3399 Maioris,
868 3338 1139 3387 exercitat.
1178 3337 1243 3385 de
1279 3337 1596 3402 paralytico,
1634 3336 1691 3386 in
1727 3336 2001 3385 Thesauro
2044 3350 2185 3384 novo
2223 3334 2296 3383 th.
2321 3333 2410 3399 ph.
2436 3335 2654 3384 Hasaei.

196 3416 249 3468 ll.
280 3422 379 3470 181.
434 3424 765 3488 Dicitur-que
808 3418 1079 3489 παράλυσις
1118 3440 1149 3471 α
1181 3419 1315 3483 λύω,
1362 3422 1512 3472 solvo
1549 3422 1638 3471 vel
1682 3422 1833 3484 laxo,
1873 3421 2017 3487 quod
2061 3421 2224 3470 robur
2266 3436 2550 3470 nervorum
2592 3434 2658 3469 ac

198 3508 509 3559 masculorum
548 3511 605 3558 in
652 3524 721 3559 ea
755 3509 959 3558 affectis
996 3508 1320 3573 resolvatur;
1368 3514 1449 3557 est
1484 3510 1668 3574 itaque
1705 3508 1926 3558 medicis
1973 3507 2203 3572 privatio
2249 3510 2423 3555 motus
2467 3506 2654 3555 volun-

196 3593 291 3639 tatii
307 3595 355 3643 in
372 3598 615 3661 partibus
658 3597 896 3661 corporis
932 3594 1149 3644 humani
1186 3595 1256 3644 ad
1286 3599 1485 3644 motum
1506 3595 1644 3645 alias
1675 3595 2054 3643 determinatis.
2112 3592 2191 3643 cf.
2218 3591 2315 3641 Th.
2342 3592 2654 3653 Bartholini,

198 3675 443 3743 paralytici
474 3683 541 3732 N.
578 3684 649 3731 Τ.
675 3682 825 3747 Lips.
864 3683 1012 3731 1686.
1038 3681 1093 3730 J.
1118 3681 1177 3729 P.
1204 3682 1427 3742 Trusen‚
1454 3679 1708 3729 Darstell.
1746 3680 1840 3729 der
1875 3679 2002 3729 bibl.
2031 3678 2414 3729 Krankheiten.
2464 3678 2655 3730 Posen.

200 3766 319 3813 1843.
343 3783 389 3831 p.
415 3770 531 3818 183.
577 3770 622 3833 ⁵)
658 3766 852 3817 Matth.
878 3770 930 3828 9,
960 3770 1005 3817 1.
1030 3782 1072 3816 s.
1110 3766 1275 3816 Marc.
1303 3768 1351 3829 5,
1380 3769 1463 3816 21.
1499 3766 1632 3816 Luc.
1662 3768 1709 3828 5,
1741 3768 1821 3816 17.
1848 3780 1889 3815 s.
1941 3764 1982 3830 6)
2010 3765 2211 3814 Accitis
2241 3764 2396 3816 simul
2415 3764 2658 3830 pluribus

199 3864 247 3896 ex
276 3850 567 3905 Publicanis
606 3854 841 3918 aliisque
879 3854 982 3903 sibi
1018 3852 1369 3903 familiaribus
1406 3854 1561 3913 viris,
1618 3853 1712 3918 qui
1747 3852 1891 3918 apud
1927 3851 2168 3901 Judaeos
2205 3852 2468 3916 pessimae
2506 3856 2660 3899 erant

198 3934 351 3999 famae,
382 3940 570 3990 Jesum
609 3942 839 4005 eiusque
885 3939 1175 4004 discipulos
1222 3940 1445 4004 excepit.
1505 3939 1644 3987 Eam
1691 3938 1760 3987 ob
1807 3954 1918 3987 rem
1952 3938 2230 3988 Pharisaei
2274 3937 2658 4001 redarguerunt

198 4018 441 4075 Dominum
482 4042 549 4077 ac
592 4025 892 4091 discipulos
936 4026 1066 4087 eius,
1103 4024 1245 4091 quod
1274 4024 1662 4074 manducarent
1698 4040 1818 4074 cum
1849 4023 2152 4089 publicanis
2184 4028 2238 4073 et
2267 4022 2655 4088 peccatoribus.

166 4096 313 4165 'Quos
346 4113 489 4162 brevi
525 4128 779 4163 sermone
818 4112 1085 4177 sapienter
1130 4112 1382 4176 repressit
1424 4102 1614 4161 Jesus:
1662 4126 1771 4159 non
1815 4124 1975 4159 sanos
2021 4110 2116 4159 sed
2161 4114 2406 4173 aegrotos
2449 4106 2656 4157 medico

198 4192 411 4261 indigere.
468 4200 567 4249 Isti
612 4198 959 4249 nihilominus
995 4212 1115 4247 cnm
1152 4196 1427 4263 discipulis
1470 4197 1700 4247 Joannis
1736 4196 1796 4245 B.
1837 4197 2204 4262 quaestionem
2248 4198 2656 4259 proposuerunt,

198 4293 272 4327 eur
300 4284 419 4349 ipsis
446 4284 821 4335 ieiunantibus
862 4284 1057 4333 Christi
1094 4284 1341 4349 discipuli
1371 4299 1479 4333 non
1510 4285 1846 4333 ieiunarent?
1893 4284 2090 4333 Verum
2122 4280 2362 4330 Christus
2394 4280 2656 4331 obtrecta-

198 4370 309 4415 tores
346 4372 535 4421 refellit
587 4372 809 4421 dicens:
856 4372 941 4421 sui
986 4371 1261 4435 praeconii
1306 4375 1513 4436 tempus
1560 4385 1676 4419 esse
1723 4369 1889 4419 veluti
1931 4369 2236 4434 nuptiarum
2283 4366 2422 4427 dies,
2463 4366 2658 4431 quibus

198 4452 395 4507 ieiunare
438 4458 739 4524 discipulos
794 4472 921 4507 suos
966 4456 1263 4519 dedeceret,
1302 4471 1359 4506 se
1397 4460 1575 4506 autem
1609 4472 1706 4522 per
1743 4460 1962 4505 mortem
2007 4452 2219 4503 sublato
2267 4452 2388 4501 illos
2435 4452 2570 4502 dura
2607 4457 2660 4503 et

200 4550 358 4602 ”pera
388 4559 621 4595 manere.
684 4544 877 4593 Matth.
913 4545 970 4605 9,
1006 4546 1055 4592 9.
1102 4543 1269 4591 Marc.
1306 4545 1363 4603 2,
1402 4544 1482 4592 14.
1518 4558 1560 4592 s.
1611 4543 1744 4591 Luc.
1779 4544 1829 4603 5,
1865 4544 1948 4591 30.
1988 4555 2028 4589 s.
2081 4539 2160 4589 cf.
2189 4537 2366 4602 Khell,
2399 4539 2497 4588 ecl.
2528 4538 2656 4588 Obs.

200 4624 233 4679 1,
264 4632 331 4677 10.
352 4648 400 4695 p.
426 4634 509 4683 63.
572 4632 617 4697 ⁷)
658 4631 941 4680 Mulierem
986 4630 1131 4679 fluxu
1179 4631 1451 4693 sanguinis
1498 4629 1868 4679 duodecimum
1913 4628 2020 4677 iam
2067 4640 2264 4675 annum
2309 4623 2656 4675 laborantem.

282 4719 472 4771 Dasko,
500 4723 622 4765 nist.
654 4721 959 4764 &velationis
989 4721 1176 4763 divinae.
1206 4721 1263 4761 11.
2315 4712 2348 4759 4
