<?xml version="1.0" encoding="UTF-8"?>
<!DOCTYPE html PUBLIC "-//W3C//DTD XHTML 1.0 Transitional//EN"
    "http://www.w3.org/TR/xhtml1/DTD/xhtml1-transitional.dtd">
<html xmlns="http://www.w3.org/1999/xhtml" xml:lang="en" lang="en">
 <head>
  <title>
</title>
<meta http-equiv="Content-Type" content="text/html;charset=utf-8" />
  <meta name='ocr-system' content='tesseract 3.04.00' />
  <meta name='ocr-capabilities' content='ocr_page ocr_carea ocr_par ocr_line ocrx_word'/>
</head>
<body>
  <div class='ocr_page' id='page_1' title='image "./historiarevelat00unkngoog_0032.png"; bbox 0 0 3267 5259; ppageno 0'>
   <div class='ocr_carea' id='block_1_1' title="bbox 543 431 2221 490">
    <p class='ocr_par' dir='ltr' id='par_1_1' title="bbox 543 431 2221 490">
     <span class='ocr_line' id='line_1_1' title="bbox 543 431 2221 490; baseline 0.005 -11"><span class='ocrx_word' id='word_1_1' title='bbox 543 431 666 480; x_wconf 80' lang='lat' dir='ltr'><strong>XVI</strong></span> <span class='ocrx_word' id='word_1_2' title='bbox 1329 446 1578 489; x_wconf 80' lang='lat' dir='ltr'><strong>Protheoris</strong></span> <span class='ocrx_word' id='word_1_3' title='bbox 1607 447 1653 488; x_wconf 87' lang='lat' dir='ltr'><strong>in</strong></span> <span class='ocrx_word' id='word_1_4' title='bbox 1681 447 1795 488; x_wconf 82' lang='lat' dir='ltr'><strong>Hist.</strong></span> <span class='ocrx_word' id='word_1_5' title='bbox 1828 448 1931 490; x_wconf 78' lang='lat' dir='ltr'><strong>Rev.</strong></span> <span class='ocrx_word' id='word_1_6' title='bbox 1964 447 2058 489; x_wconf 80' lang='lat' dir='ltr'><strong>mv.</strong></span> <span class='ocrx_word' id='word_1_7' title='bbox 2090 447 2141 490; x_wconf 69' lang='lat' dir='ltr'><strong>N.</strong></span> <span class='ocrx_word' id='word_1_8' title='bbox 2172 449 2221 488; x_wconf 88' lang='grc' dir='ltr'><strong>Τ.</strong></span> 
     </span>
    </p>
   </div>
   <div class='ocr_carea' id='block_1_2' title="bbox 491 623 3026 4691">
    <p class='ocr_par' dir='ltr' id='par_1_2' title="bbox 491 623 3026 4691">
     <span class='ocr_line' id='line_1_2' title="bbox 545 623 3026 693; baseline 0.002 -21"><span class='ocrx_word' id='word_1_9' title='bbox 545 625 698 673; x_wconf 92' lang='grc'><strong>1721.</strong></span> <span class='ocrx_word' id='word_1_10' title='bbox 734 623 800 673; x_wconf 89' lang='lat' dir='ltr'><strong>de</strong></span> <span class='ocrx_word' id='word_1_11' title='bbox 837 625 1014 691; x_wconf 86' lang='lat' dir='ltr'><strong>script.</strong></span> <span class='ocrx_word' id='word_1_12' title='bbox 1055 627 1170 691; x_wconf 79' lang='lat' dir='ltr'><strong>Syr.</strong></span> <span class='ocrx_word' id='word_1_13' title='bbox 1207 624 1520 691; x_wconf 81' lang='lat' dir='ltr'><strong>monophys.</strong></span> <span class='ocrx_word' id='word_1_14' title='bbox 1576 625 1655 688; x_wconf 91' lang='lat'><strong>11,</strong></span> <span class='ocrx_word' id='word_1_15' title='bbox 1698 627 1829 688; x_wconf 68' lang='lat'><strong>159„</strong></span> <span class='ocrx_word' id='word_1_16' title='bbox 1872 626 2085 676; x_wconf 87' lang='lat' dir='ltr'><strong>Tatiaui</strong></span> <span class='ocrx_word' id='word_1_17' title='bbox 2128 625 2459 677; x_wconf 78' lang='lat' dir='ltr'><strong>diatessaron</strong></span> <span class='ocrx_word' id='word_1_18' title='bbox 2501 626 2771 677; x_wconf 85' lang='lat' dir='ltr'><strong>consuluit</strong></span> <span class='ocrx_word' id='word_1_19' title='bbox 2809 643 3026 693; x_wconf 89' lang='lat' dir='ltr'><strong>quoque</strong></span> 
     </span>
     <span class='ocr_line' id='line_1_3' title="bbox 543 709 3025 780; baseline 0.002 -21"><span class='ocrx_word' id='word_1_20' title='bbox 543 709 1021 774; x_wconf 86' lang='lat' dir='ltr'><strong>Theodoretus,</strong></span> <span class='ocrx_word' id='word_1_21' title='bbox 1055 711 1179 778; x_wconf 78' lang='lat' dir='ltr'><strong>Cyri</strong></span> <span class='ocrx_word' id='word_1_22' title='bbox 1205 728 1370 778; x_wconf 80' lang='lat' dir='ltr'><strong>prope</strong></span> <span class='ocrx_word' id='word_1_23' title='bbox 1395 711 1711 778; x_wconf 75' lang='lat' dir='ltr'>Euphraten</span> <span class='ocrx_word' id='word_1_24' title='bbox 1736 729 1818 778; x_wconf 90' lang='lat' dir='ltr'><strong>ep.</strong></span> <span class='ocrx_word' id='word_1_25' title='bbox 1838 715 1872 776; x_wconf 91' lang='lat'><em>†</em></span> <span class='ocrx_word' id='word_1_26' title='bbox 1891 715 2035 778; x_wconf 79' lang='lat'><strong>45⁷.;</strong></span> <span class='ocrx_word' id='word_1_27' title='bbox 2063 715 2152 780; x_wconf 88' lang='lat' dir='ltr'><strong>qui</strong></span> <span class='ocrx_word' id='word_1_28' title='bbox 2182 719 2401 775; x_wconf 82' lang='lat' dir='ltr'><strong>„nactus</strong></span> <span class='ocrx_word' id='word_1_29' title='bbox 2428 719 2509 765; x_wconf 89' lang='lat' dir='ltr'><strong>est</strong></span> <span class='ocrx_word' id='word_1_30' title='bbox 2534 714 2691 764; x_wconf 84' lang='lat' dir='ltr'><strong>etiam</strong></span> <span class='ocrx_word' id='word_1_31' title='bbox 2716 715 2835 780; x_wconf 87' lang='lat' dir='ltr'><strong>ipse</strong></span> <span class='ocrx_word' id='word_1_32' title='bbox 2859 714 3025 764; x_wconf 88' lang='lat' dir='ltr'><strong>libros</strong></span> 
     </span>
     <span class='ocr_line' id='line_1_4' title="bbox 541 797 3019 866; baseline 0.002 -20"><span class='ocrx_word' id='word_1_33' title='bbox 541 797 838 848; x_wconf 88' lang='lat' dir='ltr'><strong>huiusmodi</strong></span> <span class='ocrx_word' id='word_1_34' title='bbox 875 813 1038 864; x_wconf 89' lang='lat' dir='ltr'><strong>supra</strong></span> <span class='ocrx_word' id='word_1_35' title='bbox 1073 799 1378 850; x_wconf 86' lang='lat' dir='ltr'><strong>ducentos.“</strong></span> <span class='ocrx_word' id='word_1_36' title='bbox 1431 799 1610 849; x_wconf 87' lang='lat' dir='ltr'><strong>Verba</strong></span> <span class='ocrx_word' id='word_1_37' title='bbox 1648 801 1763 851; x_wconf 89' lang='lat' dir='ltr'><strong>eius</strong></span> <span class='ocrx_word' id='word_1_38' title='bbox 1786 799 1887 850; x_wconf 90' lang='lat' dir='ltr'><strong>hac</strong></span> <span class='ocrx_word' id='word_1_39' title='bbox 1911 801 1967 850; x_wconf 88' lang='lat' dir='ltr'><strong>iu</strong></span> <span class='ocrx_word' id='word_1_40' title='bbox 1990 816 2047 850; x_wconf 90' lang='lat' dir='ltr'><strong>re</strong></span> <span class='ocrx_word' id='word_1_41' title='bbox 2082 802 2400 866; x_wconf 82' lang='lat' dir='ltr'><strong>gravissima</strong></span> <span class='ocrx_word' id='word_1_42' title='bbox 2433 801 2696 866; x_wconf 81' lang='lat' dir='ltr'><strong>leguntur,</strong></span> <span class='ocrx_word' id='word_1_43' title='bbox 2736 799 2884 850; x_wconf 80' lang='lat' dir='ltr'><strong>haer.</strong></span> <span class='ocrx_word' id='word_1_44' title='bbox 2911 801 3019 851; x_wconf 82' lang='lat' dir='ltr'><strong>fab.</strong></span> 
     </span>
     <span class='ocr_line' id='line_1_5' title="bbox 543 884 3021 954; baseline 0.001 -20"><span class='ocrx_word' id='word_1_45' title='bbox 543 899 712 950; x_wconf 90' lang='lat' dir='ltr'><strong>comp.</strong></span> <span class='ocrx_word' id='word_1_46' title='bbox 739 885 782 948; x_wconf 90' lang='lat'><strong>1,</strong></span> <span class='ocrx_word' id='word_1_47' title='bbox 810 887 894 936; x_wconf 92' lang='grc'><strong>20.</strong></span> <span class='ocrx_word' id='word_1_48' title='bbox 930 885 1012 937; x_wconf 92' lang='lat' dir='ltr'><strong>ed.</strong></span> <span class='ocrx_word' id='word_1_49' title='bbox 1039 884 1281 949; x_wconf 78' lang='lat' dir='ltr'><strong>Schulze,</strong></span> <span class='ocrx_word' id='word_1_50' title='bbox 1309 887 1400 936; x_wconf 90' lang='lat' dir='ltr'><strong>IV.</strong></span> <span class='ocrx_word' id='word_1_51' title='bbox 1426 900 1476 936; x_wconf 88' lang='lat' dir='ltr'><strong>a.</strong></span> <span class='ocrx_word' id='word_1_52' title='bbox 1501 904 1551 953; x_wconf 89' lang='lat' dir='ltr'><strong>p.</strong></span> <span class='ocrx_word' id='word_1_53' title='bbox 1577 888 1697 937; x_wconf 85' lang='grc'><strong>312.</strong></span> <span class='ocrx_word' id='word_1_54' title='bbox 1750 887 1883 948; x_wconf 82' lang='lat' dir='ltr'><strong>„Hic</strong></span> <span class='ocrx_word' id='word_1_55' title='bbox 1908 887 2243 953; x_wconf 83' lang='lat' dir='ltr'><strong>evangelium</strong></span> <span class='ocrx_word' id='word_1_56' title='bbox 2269 888 2413 954; x_wconf 88' lang='lat' dir='ltr'><strong>quod</strong></span> <span class='ocrx_word' id='word_1_57' title='bbox 2436 889 2785 938; x_wconf 88' lang='lat' dir='ltr'><strong>Diatessaron</strong></span> <span class='ocrx_word' id='word_1_58' title='bbox 2812 887 3021 949; x_wconf 86' lang='lat' dir='ltr'><strong>dicitur,</strong></span> 
     </span>
     <span class='ocr_line' id='line_1_6' title="bbox 541 963 3023 1042; baseline 0.001 -22"><span class='ocrx_word' id='word_1_59' title='bbox 541 963 596 1020; x_wconf 74' lang='grc' dir='ltr'><strong>τὸ</strong></span> <span class='ocrx_word' id='word_1_60' title='bbox 633 964 713 1020; x_wconf 75' lang='grc' dir='ltr'><strong>διὰ</strong></span> <span class='ocrx_word' id='word_1_61' title='bbox 747 967 1000 1040; x_wconf 80' lang='grc' dir='ltr'>τεσσάρων</span> <span class='ocrx_word' id='word_1_62' title='bbox 1035 969 1334 1040; x_wconf 76' lang='grc' dir='ltr'>καλούμενον</span> <span class='ocrx_word' id='word_1_63' title='bbox 1373 969 1665 1024; x_wconf 79' lang='grc' dir='ltr'>συντέθεικεν</span> <span class='ocrx_word' id='word_1_64' title='bbox 1692 970 1989 1042; x_wconf 75' lang='grc' dir='ltr'>εὐαγγέλιον,</span> <span class='ocrx_word' id='word_1_65' title='bbox 2026 975 2337 1041; x_wconf 79' lang='lat' dir='ltr'><strong>composuit,</strong></span> <span class='ocrx_word' id='word_1_66' title='bbox 2376 975 2661 1041; x_wconf 74' lang='lat' dir='ltr'><strong>amputatis</strong></span> <span class='ocrx_word' id='word_1_67' title='bbox 2692 974 3023 1040; x_wconf 80' lang='lat' dir='ltr'><strong>genealog-iis</strong></span> 
     </span>
     <span class='ocr_line' id='line_1_7' title="bbox 541 1060 3020 1128; baseline 0.002 -20"><span class='ocrx_word' id='word_1_68' title='bbox 541 1085 606 1094; x_wconf 91' lang='lat'><strong>-—</strong></span> <span class='ocrx_word' id='word_1_69' title='bbox 633 1060 794 1108; x_wconf 86' lang='lat' dir='ltr'><strong>etiam</strong></span> <span class='ocrx_word' id='word_1_70' title='bbox 830 1060 1266 1125; x_wconf 75' lang='lat' dir='ltr'><strong>compositionem</strong></span> <span class='ocrx_word' id='word_1_71' title='bbox 1301 1061 1582 1110; x_wconf 81' lang='lat' dir='ltr'><strong>verborum</strong></span> <span class='ocrx_word' id='word_1_72' title='bbox 1608 1060 1764 1110; x_wconf 91' lang='lat' dir='ltr'><strong>Pauli</strong></span> <span class='ocrx_word' id='word_1_73' title='bbox 1802 1062 2067 1126; x_wconf 80' lang='lat' dir='ltr'><strong>corrigere</strong></span> <span class='ocrx_word' id='word_1_74' title='bbox 2104 1076 2283 1124; x_wconf 88' lang='lat' dir='ltr'><strong>ausus,</strong></span> <span class='ocrx_word' id='word_1_75' title='bbox 2320 1061 2448 1111; x_wconf 85' lang='lat' dir='ltr'><strong>ibid.</strong></span> <span class='ocrx_word' id='word_1_76' title='bbox 2474 1079 2525 1128; x_wconf 88' lang='lat' dir='ltr'><strong>p.</strong></span> <span class='ocrx_word' id='word_1_77' title='bbox 2554 1063 2669 1112; x_wconf 80' lang='lat'><strong>161.</strong></span> <span class='ocrx_word' id='word_1_78' title='bbox 2696 1089 2781 1124; x_wconf 91' lang='lat'><strong>—,</strong></span> <span class='ocrx_word' id='word_1_79' title='bbox 2810 1067 2868 1110; x_wconf 89' lang='lat' dir='ltr'><strong>et</strong></span> <span class='ocrx_word' id='word_1_80' title='bbox 2902 1061 3020 1112; x_wconf 81' lang='lat' dir='ltr'><strong>aliis</strong></span> 
     </span>
     <span class='ocr_line' id='line_1_8' title="bbox 543 1145 3021 1212; baseline 0 -16"><span class='ocrx_word' id='word_1_81' title='bbox 543 1145 804 1208; x_wconf 89' lang='lat' dir='ltr'><strong>omnibus,</strong></span> <span class='ocrx_word' id='word_1_82' title='bbox 843 1161 980 1212; x_wconf 88' lang='lat' dir='ltr'><strong>quae</strong></span> <span class='ocrx_word' id='word_1_83' title='bbox 1016 1147 1302 1197; x_wconf 90' lang='lat' dir='ltr'><strong>Dominum</strong></span> <span class='ocrx_word' id='word_1_84' title='bbox 1339 1163 1402 1198; x_wconf 84' lang='lat' dir='ltr'><strong>ex</strong></span> <span class='ocrx_word' id='word_1_85' title='bbox 1433 1149 1634 1198; x_wconf 87' lang='lat' dir='ltr'><strong>semine</strong></span> <span class='ocrx_word' id='word_1_86' title='bbox 1660 1147 1884 1199; x_wconf 86' lang='lat' dir='ltr'><strong>Davidis</strong></span> <span class='ocrx_word' id='word_1_87' title='bbox 1920 1147 2211 1198; x_wconf 88' lang='lat' dir='ltr'><strong>secundum</strong></span> <span class='ocrx_word' id='word_1_88' title='bbox 2248 1163 2461 1198; x_wconf 90' lang='lat' dir='ltr'><strong>carnem</strong></span> <span class='ocrx_word' id='word_1_89' title='bbox 2494 1152 2678 1198; x_wconf 88' lang='lat' dir='ltr'><strong>natum</strong></span> <span class='ocrx_word' id='word_1_90' title='bbox 2716 1147 3021 1199; x_wconf 86' lang='lat' dir='ltr'><strong>ostendunt.</strong></span> 
     </span>
     <span class='ocr_line' id='line_1_9' title="bbox 541 1233 3023 1301; baseline 0.001 -19"><span class='ocrx_word' id='word_1_91' title='bbox 541 1233 732 1299; x_wconf 86' lang='lat' dir='ltr'><strong>quue</strong></span> <span class='ocrx_word' id='word_1_92' title='bbox 776 1234 862 1283; x_wconf 89' lang='lat' dir='ltr'><strong>usi</strong></span> <span class='ocrx_word' id='word_1_93' title='bbox 905 1238 1030 1284; x_wconf 88' lang='lat' dir='ltr'><strong>sunt</strong></span> <span class='ocrx_word' id='word_1_94' title='bbox 1073 1249 1182 1284; x_wconf 90' lang='lat' dir='ltr'><strong>non</strong></span> <span class='ocrx_word' id='word_1_95' title='bbox 1225 1234 1384 1284; x_wconf 87' lang='lat' dir='ltr'><strong>modo</strong></span> <span class='ocrx_word' id='word_1_96' title='bbox 1435 1236 1525 1300; x_wconf 90' lang='lat' dir='ltr'><strong>qui</strong></span> <span class='ocrx_word' id='word_1_97' title='bbox 1572 1236 1687 1284; x_wconf 89' lang='lat' dir='ltr'><strong>eius</strong></span> <span class='ocrx_word' id='word_1_98' title='bbox 1737 1241 1891 1285; x_wconf 88' lang='lat' dir='ltr'><strong>erant</strong></span> <span class='ocrx_word' id='word_1_99' title='bbox 1934 1241 2141 1298; x_wconf 89' lang='lat' dir='ltr'><strong>sectae,</strong></span> <span class='ocrx_word' id='word_1_100' title='bbox 2187 1235 2281 1286; x_wconf 89' lang='lat' dir='ltr'><strong>sed</strong></span> <span class='ocrx_word' id='word_1_101' title='bbox 2318 1237 2357 1286; x_wconf 87' lang='lat' dir='ltr'><strong>ii</strong></span> <span class='ocrx_word' id='word_1_102' title='bbox 2393 1236 2551 1286; x_wconf 82' lang='lat' dir='ltr'><strong>etiam</strong></span> <span class='ocrx_word' id='word_1_103' title='bbox 2598 1236 2689 1301; x_wconf 89' lang='lat' dir='ltr'><strong>qui</strong></span> <span class='ocrx_word' id='word_1_104' title='bbox 2724 1235 3023 1301; x_wconf 84' lang='lat' dir='ltr'><strong>apostolica</strong></span> 
     </span>
     <span class='ocr_line' id='line_1_10' title="bbox 541 1319 3021 1388; baseline 0.001 -19"><span class='ocrx_word' id='word_1_105' title='bbox 541 1319 791 1385; x_wconf 82' lang='lat' dir='ltr'><strong>dogmata</strong></span> <span class='ocrx_word' id='word_1_106' title='bbox 839 1321 1244 1386; x_wconf 82' lang='lat' dir='ltr'><strong>sequebantur.“</strong></span> <span class='ocrx_word' id='word_1_107' title='bbox 1320 1321 1531 1386; x_wconf 87' lang='lat' dir='ltr'><strong>Operae</strong></span> <span class='ocrx_word' id='word_1_108' title='bbox 1580 1327 1759 1372; x_wconf 87' lang='lat' dir='ltr'><strong>autem</strong></span> <span class='ocrx_word' id='word_1_109' title='bbox 1810 1323 2040 1388; x_wconf 86' lang='lat' dir='ltr'><strong>pretium</strong></span> <span class='ocrx_word' id='word_1_110' title='bbox 2094 1327 2175 1372; x_wconf 89' lang='lat' dir='ltr'><strong>est</strong></span> <span class='ocrx_word' id='word_1_111' title='bbox 2226 1323 2493 1388; x_wconf 83' lang='lat' dir='ltr'><strong>inquirere</strong></span> <span class='ocrx_word' id='word_1_112' title='bbox 2548 1337 2707 1388; x_wconf 90' lang='lat' dir='ltr'><strong>quam</strong></span> <span class='ocrx_word' id='word_1_113' title='bbox 2762 1323 3021 1372; x_wconf 87' lang='lat' dir='ltr'><strong>rationem</strong></span> 
     </span>
     <span class='ocr_line' id='line_1_11' title="bbox 540 1406 3017 1474; baseline 0.001 -18"><span class='ocrx_word' id='word_1_114' title='bbox 540 1407 812 1470; x_wconf 86' lang='lat' dir='ltr'><strong>Tatianus‚</strong></span> <span class='ocrx_word' id='word_1_115' title='bbox 853 1407 942 1472; x_wconf 89' lang='lat' dir='ltr'><strong>qui</strong></span> <span class='ocrx_word' id='word_1_116' title='bbox 967 1406 1224 1457; x_wconf 83' lang='lat' dir='ltr'><strong>Rhodone</strong></span> <span class='ocrx_word' id='word_1_117' title='bbox 1249 1407 1518 1458; x_wconf 89' lang='lat' dir='ltr'><strong>haeretico</strong></span> <span class='ocrx_word' id='word_1_118' title='bbox 1545 1435 1610 1445; x_wconf 89' lang='lat'>—</span> <span class='ocrx_word' id='word_1_119' title='bbox 1638 1425 1685 1459; x_wconf 69' lang='grc' dir='ltr'><strong>ν.</strong></span> <span class='ocrx_word' id='word_1_120' title='bbox 1714 1425 1754 1459; x_wconf 92' lang='lat' dir='ltr'><strong>s.</strong></span> <span class='ocrx_word' id='word_1_121' title='bbox 1782 1407 2109 1474; x_wconf 81' lang='lat' dir='ltr'><strong>Hieronymi,</strong></span> <span class='ocrx_word' id='word_1_122' title='bbox 2148 1408 2214 1458; x_wconf 89' lang='lat' dir='ltr'><strong>de</strong></span> <span class='ocrx_word' id='word_1_123' title='bbox 2238 1409 2365 1458; x_wconf 82' lang='lat' dir='ltr'><strong>viris</strong></span> <span class='ocrx_word' id='word_1_124' title='bbox 2390 1408 2465 1459; x_wconf 91' lang='lat' dir='ltr'><strong>ill.</strong></span> <span class='ocrx_word' id='word_1_125' title='bbox 2492 1424 2537 1458; x_wconf 90' lang='lat' dir='ltr'><strong>c.</strong></span> <span class='ocrx_word' id='word_1_126' title='bbox 2563 1411 2647 1460; x_wconf 90' lang='grc'><strong>37.</strong></span> <span class='ocrx_word' id='word_1_127' title='bbox 2685 1409 2739 1458; x_wconf 91' lang='lat' dir='ltr'><strong>in</strong></span> <span class='ocrx_word' id='word_1_128' title='bbox 2764 1408 3017 1471; x_wconf 80' lang='lat' dir='ltr'><strong>Fabricii,</strong></span> 
     </span>
     <span class='ocr_line' id='line_1_12' title="bbox 539 1493 3017 1562; baseline 0.001 -19"><span class='ocrx_word' id='word_1_129' title='bbox 539 1493 778 1544; x_wconf 86' lang='lat' dir='ltr'><strong>biblioth.</strong></span> <span class='ocrx_word' id='word_1_130' title='bbox 801 1493 990 1544; x_wconf 86' lang='lat' dir='ltr'><strong>eccles.</strong></span> <span class='ocrx_word' id='word_1_131' title='bbox 1017 1495 1210 1545; x_wconf 88' lang='lat' dir='ltr'><strong>Hamb.</strong></span> <span class='ocrx_word' id='word_1_132' title='bbox 1235 1497 1384 1546; x_wconf 93' lang='grc'><strong>1718.</strong></span> <span class='ocrx_word' id='word_1_133' title='bbox 1403 1511 1454 1560; x_wconf 88' lang='lat' dir='ltr'><strong>p.</strong></span> <span class='ocrx_word' id='word_1_134' title='bbox 1477 1498 1593 1547; x_wconf 91' lang='grc'><strong>108.</strong></span> <span class='ocrx_word' id='word_1_135' title='bbox 1614 1523 1681 1532; x_wconf 95' lang='grc'>-</span> <span class='ocrx_word' id='word_1_136' title='bbox 1702 1496 1961 1546; x_wconf 83' lang='lat' dir='ltr'><strong>referente</strong></span> <span class='ocrx_word' id='word_1_137' title='bbox 1988 1496 2131 1562; x_wconf 86' lang='lat' dir='ltr'><strong>apud</strong></span> <span class='ocrx_word' id='word_1_138' title='bbox 2156 1497 2465 1559; x_wconf 74' lang='lat' dir='ltr'><strong>Eusebium,</strong></span> <span class='ocrx_word' id='word_1_139' title='bbox 2492 1496 2555 1558; x_wconf 86' lang='lat' dir='ltr'><strong>V,</strong></span> <span class='ocrx_word' id='word_1_140' title='bbox 2578 1499 2658 1546; x_wconf 86' lang='lat'><strong>13.</strong></span> <span class='ocrx_word' id='word_1_141' title='bbox 2684 1513 2737 1562; x_wconf 90' lang='lat' dir='ltr'><strong>p.</strong></span> <span class='ocrx_word' id='word_1_142' title='bbox 2760 1497 2878 1546; x_wconf 90' lang='grc'><strong>178.</strong></span> <span class='ocrx_word' id='word_1_143' title='bbox 2909 1495 3017 1545; x_wconf 87' lang='lat' dir='ltr'><strong>elu-</strong></span> 
     </span>
     <span class='ocr_line' id='line_1_13' title="bbox 541 1575 3021 1650; baseline 0 -20"><span class='ocrx_word' id='word_1_144' title='bbox 541 1581 792 1631; x_wconf 87' lang='lat' dir='ltr'><strong>cubratus</strong></span> <span class='ocrx_word' id='word_1_145' title='bbox 830 1585 912 1630; x_wconf 87' lang='lat' dir='ltr'><strong>est</strong></span> <span class='ocrx_word' id='word_1_146' title='bbox 946 1578 1170 1648; x_wconf 74' lang='grc' dir='ltr'>,,βιβλίον</span> <span class='ocrx_word' id='word_1_147' title='bbox 1205 1577 1594 1650; x_wconf 80' lang='grc' dir='ltr'>προβλημάτων,</span> <span class='ocrx_word' id='word_1_148' title='bbox 1631 1585 2003 1649; x_wconf 74' lang='lat' dir='ltr'><strong>quaestionum</strong></span> <span class='ocrx_word' id='word_1_149' title='bbox 2041 1583 2295 1648; x_wconf 83' lang='lat' dir='ltr'><strong>librum“;</strong></span> <span class='ocrx_word' id='word_1_150' title='bbox 2340 1585 2396 1632; x_wconf 90' lang='lat' dir='ltr'><strong>in</strong></span> <span class='ocrx_word' id='word_1_151' title='bbox 2432 1582 2768 1648; x_wconf 82' lang='lat' dir='ltr'><strong>compilando</strong></span> <span class='ocrx_word' id='word_1_152' title='bbox 2808 1597 2903 1632; x_wconf 86' lang='lat' dir='ltr'><strong>suo</strong></span> <span class='ocrx_word' id='word_1_153' title='bbox 2941 1575 3021 1632; x_wconf 76' lang='grc' dir='ltr'><strong>διὰ</strong></span> 
     </span>
     <span class='ocr_line' id='line_1_14' title="bbox 537 1662 3011 1735; baseline 0.001 -19"><span class='ocrx_word' id='word_1_154' title='bbox 537 1662 790 1735; x_wconf 83' lang='grc' dir='ltr'>τεσσάρων</span> <span class='ocrx_word' id='word_1_155' title='bbox 827 1695 892 1704; x_wconf 83' lang='grc'><strong>---</strong></span> <span class='ocrx_word' id='word_1_156' title='bbox 929 1667 1032 1719; x_wconf 89' lang='lat' dir='ltr'><strong>hoc</strong></span> <span class='ocrx_word' id='word_1_157' title='bbox 1081 1670 1220 1718; x_wconf 88' lang='lat' dir='ltr'><strong>enim</strong></span> <span class='ocrx_word' id='word_1_158' title='bbox 1267 1685 1458 1718; x_wconf 90' lang='lat' dir='ltr'><strong>nomen</strong></span> <span class='ocrx_word' id='word_1_159' title='bbox 1507 1669 1693 1720; x_wconf 86' lang='lat' dir='ltr'><strong>tulisse</strong></span> <span class='ocrx_word' id='word_1_160' title='bbox 1742 1671 2033 1720; x_wconf 86' lang='lat' dir='ltr'><strong>communis</strong></span> <span class='ocrx_word' id='word_1_161' title='bbox 2088 1669 2252 1720; x_wconf 88' lang='lat' dir='ltr'><strong>habet</strong></span> <span class='ocrx_word' id='word_1_162' title='bbox 2304 1670 2555 1720; x_wconf 86' lang='lat' dir='ltr'><strong>Veterum</strong></span> <span class='ocrx_word' id='word_1_163' title='bbox 2608 1667 2909 1720; x_wconf 85' lang='lat' dir='ltr'><strong>testificatio</strong></span> <span class='ocrx_word' id='word_1_164' title='bbox 2948 1697 3011 1704; x_wconf 95' lang='lat'><strong>—</strong></span> 
     </span>
     <span class='ocr_line' id='line_1_15' title="bbox 546 1755 3015 1822; baseline 0 -19"><span class='ocrx_word' id='word_1_165' title='bbox 546 1759 759 1804; x_wconf 86' lang='lat' dir='ltr'><strong>secutus</strong></span> <span class='ocrx_word' id='word_1_166' title='bbox 797 1755 991 1805; x_wconf 81' lang='lat' dir='ltr'><strong>fuerit?</strong></span> <span class='ocrx_word' id='word_1_167' title='bbox 1038 1755 1304 1805; x_wconf 83' lang='lat' dir='ltr'><strong>Eusebius</strong></span> <span class='ocrx_word' id='word_1_168' title='bbox 1341 1757 1524 1822; x_wconf 88' lang='lat' dir='ltr'><strong>itaque</strong></span> <span class='ocrx_word' id='word_1_169' title='bbox 1550 1755 1926 1808; x_wconf 85' lang='lat' dir='ltr'><strong>Caesareensis</strong></span> <span class='ocrx_word' id='word_1_170' title='bbox 1962 1758 1997 1806; x_wconf 94' lang='lat' dir='ltr'><strong>l.</strong></span> <span class='ocrx_word' id='word_1_171' title='bbox 2024 1773 2070 1806; x_wconf 91' lang='lat' dir='ltr'><strong>c.</strong></span> <span class='ocrx_word' id='word_1_172' title='bbox 2098 1757 2307 1807; x_wconf 82' lang='lat' dir='ltr'><strong>scribit:</strong></span> <span class='ocrx_word' id='word_1_173' title='bbox 2345 1757 2629 1807; x_wconf 87' lang='lat' dir='ltr'><strong>Tatianum</strong></span> <span class='ocrx_word' id='word_1_174' title='bbox 2664 1755 3015 1822; x_wconf 84' lang='lat' dir='ltr'><strong>Evangelium</strong></span> 
     </span>
     <span class='ocr_line' id='line_1_16' title="bbox 541 1841 3015 1909; baseline 0 -19"><span class='ocrx_word' id='word_1_175' title='bbox 541 1856 606 1890; x_wconf 87' lang='lat' dir='ltr'><strong>ex</strong></span> <span class='ocrx_word' id='word_1_176' title='bbox 631 1846 862 1906; x_wconf 90' lang='lat' dir='ltr'><strong>quatuor</strong></span> <span class='ocrx_word' id='word_1_177' title='bbox 887 1841 1194 1908; x_wconf 83' lang='lat' dir='ltr'><strong>Evangeliis</strong></span> <span class='ocrx_word' id='word_1_178' title='bbox 1219 1843 1610 1908; x_wconf 69' lang='lat' dir='ltr'><strong>composuisse,</strong></span> <span class='ocrx_word' id='word_1_179' title='bbox 1650 1843 1793 1909; x_wconf 85' lang='lat' dir='ltr'><strong>quod</strong></span> <span class='ocrx_word' id='word_1_180' title='bbox 1816 1843 1957 1892; x_wconf 88' lang='lat' dir='ltr'><strong>idem</strong></span> <span class='ocrx_word' id='word_1_181' title='bbox 1980 1843 2337 1894; x_wconf 82' lang='lat' dir='ltr'><strong>Historiarum</strong></span> <span class='ocrx_word' id='word_1_182' title='bbox 2367 1845 2592 1908; x_wconf 87' lang='lat' dir='ltr'><strong>scriptor</strong></span> <span class='ocrx_word' id='word_1_183' title='bbox 2623 1847 2785 1892; x_wconf 81' lang='lat' dir='ltr'><strong>vocat</strong></span> <span class='ocrx_word' id='word_1_184' title='bbox 2809 1843 3015 1891; x_wconf 89' lang='lat' dir='ltr'><strong>nomine</strong></span> 
     </span>
     <span class='ocr_line' id='line_1_17' title="bbox 539 1925 3017 1998; baseline 0 -21"><span class='ocrx_word' id='word_1_185' title='bbox 539 1927 873 1992; x_wconf 85' lang='lat' dir='ltr'><strong>significante</strong></span> <span class='ocrx_word' id='word_1_186' title='bbox 916 1925 1244 1996; x_wconf 82' lang='grc' dir='ltr'>,,συνάφειαν“</span> <span class='ocrx_word' id='word_1_187' title='bbox 1287 1934 1340 1979; x_wconf 91' lang='lat' dir='ltr'><strong>et</strong></span> <span class='ocrx_word' id='word_1_188' title='bbox 1383 1925 1763 1998; x_wconf 82' lang='grc' dir='ltr'><strong>,,συναγωγὴν.“</strong></span> <span class='ocrx_word' id='word_1_189' title='bbox 1823 1930 1895 1980; x_wconf 92' lang='lat' dir='ltr'><strong>Et</strong></span> <span class='ocrx_word' id='word_1_190' title='bbox 1936 1930 2220 1980; x_wconf 88' lang='lat' dir='ltr'><strong>Tatianum</strong></span> <span class='ocrx_word' id='word_1_191' title='bbox 2262 1929 2473 1994; x_wconf 88' lang='lat' dir='ltr'><strong>quidem</strong></span> <span class='ocrx_word' id='word_1_192' title='bbox 2516 1931 2573 1978; x_wconf 90' lang='lat' dir='ltr'><strong>in</strong></span> <span class='ocrx_word' id='word_1_193' title='bbox 2612 1929 2709 1979; x_wconf 89' lang='lat' dir='ltr'><strong>illa</strong></span> <span class='ocrx_word' id='word_1_194' title='bbox 2756 1927 3017 1994; x_wconf 82' lang='lat' dir='ltr'><strong>synaphia</strong></span> 
     </span>
     <span class='ocr_line' id='line_1_18' title="bbox 539 2014 3013 2082; baseline 0 -18"><span class='ocrx_word' id='word_1_195' title='bbox 539 2015 970 2080; x_wconf 84' lang='lat' dir='ltr'><strong>Evangeliorum,</strong></span> <span class='ocrx_word' id='word_1_196' title='bbox 1007 2032 1116 2066; x_wconf 89' lang='lat' dir='ltr'><strong>non</strong></span> <span class='ocrx_word' id='word_1_197' title='bbox 1149 2021 1384 2067; x_wconf 87' lang='lat' dir='ltr'><strong>mutasse</strong></span> <span class='ocrx_word' id='word_1_198' title='bbox 1421 2016 1514 2068; x_wconf 91' lang='lat' dir='ltr'><strong>sed</strong></span> <span class='ocrx_word' id='word_1_199' title='bbox 1554 2017 1835 2068; x_wconf 85' lang='lat' dir='ltr'><strong>retinuisse</strong></span> <span class='ocrx_word' id='word_1_200' title='bbox 1872 2017 2039 2066; x_wconf 78' lang='lat' dir='ltr'><strong>verba</strong></span> <span class='ocrx_word' id='word_1_201' title='bbox 2070 2017 2553 2082; x_wconf 80' lang='lat' dir='ltr'><strong>Evangelistarum,</strong></span> <span class='ocrx_word' id='word_1_202' title='bbox 2590 2014 2715 2066; x_wconf 87' lang='lat' dir='ltr'><strong>inde</strong></span> <span class='ocrx_word' id='word_1_203' title='bbox 2752 2017 3013 2081; x_wconf 90' lang='lat' dir='ltr'><strong>sequitur:</strong></span> 
     </span>
     <span class='ocr_line' id='line_1_19' title="bbox 541 2101 3016 2170; baseline 0 -19"><span class='ocrx_word' id='word_1_204' title='bbox 541 2102 687 2168; x_wconf 88' lang='lat' dir='ltr'><strong>quod</strong></span> <span class='ocrx_word' id='word_1_205' title='bbox 721 2103 990 2154; x_wconf 85' lang='lat' dir='ltr'><strong>Eusebius</strong></span> <span class='ocrx_word' id='word_1_206' title='bbox 1037 2105 1188 2169; x_wconf 83' lang='lat' dir='ltr'><strong>quasi</strong></span> <span class='ocrx_word' id='word_1_207' title='bbox 1227 2119 1292 2154; x_wconf 87' lang='lat' dir='ltr'><strong>ex</strong></span> <span class='ocrx_word' id='word_1_208' title='bbox 1329 2103 1576 2154; x_wconf 82' lang='lat' dir='ltr'><strong>antithesi</strong></span> <span class='ocrx_word' id='word_1_209' title='bbox 1618 2103 1784 2153; x_wconf 90' lang='lat' dir='ltr'><strong>addat</strong></span> <span class='ocrx_word' id='word_1_210' title='bbox 1828 2103 2311 2170; x_wconf 83' lang='lat' dir='ltr'><strong>reprehensionem,</strong></span> <span class='ocrx_word' id='word_1_211' title='bbox 2361 2104 2645 2154; x_wconf 88' lang='lat' dir='ltr'><strong>Tatianum</strong></span> <span class='ocrx_word' id='word_1_212' title='bbox 2693 2103 2749 2152; x_wconf 90' lang='lat' dir='ltr'><strong>in</strong></span> <span class='ocrx_word' id='word_1_213' title='bbox 2786 2117 2828 2151; x_wconf 88' lang='lat' dir='ltr'><strong>s.</strong></span> <span class='ocrx_word' id='word_1_214' title='bbox 2863 2101 3016 2152; x_wconf 90' lang='lat' dir='ltr'><strong>Pauli</strong></span> 
     </span>
     <span class='ocr_line' id='line_1_20' title="bbox 541 2186 3017 2258; baseline -0 -19"><span class='ocrx_word' id='word_1_215' title='bbox 541 2189 778 2254; x_wconf 86' lang='lat' dir='ltr'><strong>epistolis</strong></span> <span class='ocrx_word' id='word_1_216' title='bbox 815 2186 1182 2258; x_wconf 82' lang='grc' dir='ltr'>,,μ.ετάφρασιν“</span> <span class='ocrx_word' id='word_1_217' title='bbox 1218 2195 1471 2242; x_wconf 86' lang='lat' dir='ltr'><strong>tentasse.</strong></span> <span class='ocrx_word' id='word_1_218' title='bbox 1515 2191 1735 2241; x_wconf 85' lang='lat' dir='ltr'><strong>Praeter</strong></span> <span class='ocrx_word' id='word_1_219' title='bbox 1768 2191 1903 2241; x_wconf 87' lang='lat' dir='ltr'><strong>haec</strong></span> <span class='ocrx_word' id='word_1_220' title='bbox 1940 2193 2097 2241; x_wconf 87' lang='lat' dir='ltr'><strong>etiam</strong></span> <span class='ocrx_word' id='word_1_221' title='bbox 2124 2207 2153 2242; x_wconf 90' lang='lat' dir='ltr'><strong>e</strong></span> <span class='ocrx_word' id='word_1_222' title='bbox 2177 2190 2515 2253; x_wconf 88' lang='lat' dir='ltr'><strong>Theodoreti,</strong></span> <span class='ocrx_word' id='word_1_223' title='bbox 2550 2208 2591 2240; x_wconf 92' lang='lat' dir='ltr'><strong>s.</strong></span> <span class='ocrx_word' id='word_1_224' title='bbox 2618 2189 2652 2240; x_wconf 89' lang='lat' dir='ltr'><strong>l.</strong></span> <span class='ocrx_word' id='word_1_225' title='bbox 2679 2205 2725 2240; x_wconf 90' lang='lat' dir='ltr'><strong>c.</strong></span> <span class='ocrx_word' id='word_1_226' title='bbox 2750 2189 3017 2256; x_wconf 80' lang='lat' dir='ltr'><strong>colligitur</strong></span> 
     </span>
     <span class='ocr_line' id='line_1_21' title="bbox 537 2271 3014 2344; baseline 0 -19"><span class='ocrx_word' id='word_1_227' title='bbox 537 2275 892 2342; x_wconf 88' lang='lat' dir='ltr'><strong>Evangelium</strong></span> <span class='ocrx_word' id='word_1_228' title='bbox 926 2278 1139 2327; x_wconf 84' lang='lat' dir='ltr'><strong>Tatiani</strong></span> <span class='ocrx_word' id='word_1_229' title='bbox 1177 2271 1230 2328; x_wconf 79' lang='grc' dir='ltr'><strong>τὸ</strong></span> <span class='ocrx_word' id='word_1_230' title='bbox 1266 2271 1347 2326; x_wconf 80' lang='grc' dir='ltr'><strong>διὰ</strong></span> <span class='ocrx_word' id='word_1_231' title='bbox 1381 2273 1631 2344; x_wconf 78' lang='grc' dir='ltr'>τεσσάρων</span> <span class='ocrx_word' id='word_1_232' title='bbox 1669 2279 1881 2328; x_wconf 89' lang='lat' dir='ltr'><strong>nomine</strong></span> <span class='ocrx_word' id='word_1_233' title='bbox 1918 2277 2243 2344; x_wconf 86' lang='lat' dir='ltr'><strong>adpellatum</strong></span> <span class='ocrx_word' id='word_1_234' title='bbox 2270 2277 2451 2340; x_wconf 82' lang='lat' dir='ltr'><strong>fuisse,</strong></span> <span class='ocrx_word' id='word_1_235' title='bbox 2490 2283 2649 2342; x_wconf 85' lang='lat' dir='ltr'><strong>atque</strong></span> <span class='ocrx_word' id='word_1_236' title='bbox 2676 2293 2705 2326; x_wconf 91' lang='lat' dir='ltr'><strong>e</strong></span> <span class='ocrx_word' id='word_1_237' title='bbox 2743 2277 3014 2326; x_wconf 86' lang='lat' dir='ltr'><strong>canonicis</strong></span> 
     </span>
     <span class='ocr_line' id='line_1_22' title="bbox 539 2363 3014 2431; baseline -0.001 -17"><span class='ocrx_word' id='word_1_238' title='bbox 539 2363 818 2414; x_wconf 81' lang='lat' dir='ltr'><strong>Ecclesiae</strong></span> <span class='ocrx_word' id='word_1_239' title='bbox 853 2365 1165 2431; x_wconf 80' lang='lat' dir='ltr'><strong>Evangeliis</strong></span> <span class='ocrx_word' id='word_1_240' title='bbox 1201 2365 1480 2416; x_wconf 86' lang='lat' dir='ltr'><strong>coaluisse.</strong></span> <span class='ocrx_word' id='word_1_241' title='bbox 1537 2364 1644 2414; x_wconf 85' lang='lat' dir='ltr'><strong>Cfr.</strong></span> <span class='ocrx_word' id='word_1_242' title='bbox 1670 2365 1738 2414; x_wconf 80' lang='lat' dir='ltr'><strong>H.</strong></span> <span class='ocrx_word' id='word_1_243' title='bbox 1764 2366 1827 2415; x_wconf 87' lang='lat' dir='ltr'><strong>A.</strong></span> <span class='ocrx_word' id='word_1_244' title='bbox 1856 2365 2068 2429; x_wconf 87' lang='lat' dir='ltr'><strong>Daniel,</strong></span> <span class='ocrx_word' id='word_1_245' title='bbox 2105 2365 2363 2415; x_wconf 87' lang='lat' dir='ltr'><strong>Tatianus</strong></span> <span class='ocrx_word' id='word_1_246' title='bbox 2400 2365 2495 2414; x_wconf 89' lang='lat' dir='ltr'><strong>der</strong></span> <span class='ocrx_word' id='word_1_247' title='bbox 2529 2364 2801 2429; x_wconf 83' lang='lat' dir='ltr'><strong>Apologet.</strong></span> <span class='ocrx_word' id='word_1_248' title='bbox 2842 2363 3014 2413; x_wconf 87' lang='lat' dir='ltr'><strong>Halle.</strong></span> 
     </span>
     <span class='ocr_line' id='line_1_23' title="bbox 543 2449 3014 2518; baseline -0 -17"><span class='ocrx_word' id='word_1_249' title='bbox 543 2451 694 2501; x_wconf 84' lang='grc'><strong>1837.</strong></span> <span class='ocrx_word' id='word_1_250' title='bbox 740 2466 792 2516; x_wconf 88' lang='lat' dir='ltr'><strong>p.</strong></span> <span class='ocrx_word' id='word_1_251' title='bbox 829 2453 913 2502; x_wconf 87' lang='grc'><strong>97.</strong></span> <span class='ocrx_word' id='word_1_252' title='bbox 951 2467 1060 2518; x_wconf 90' lang='lat' dir='ltr'><strong>seq.</strong></span> <span class='ocrx_word' id='word_1_253' title='bbox 1121 2453 1184 2502; x_wconf 85' lang='lat' dir='ltr'><strong>R.</strong></span> <span class='ocrx_word' id='word_1_254' title='bbox 1230 2453 1434 2518; x_wconf 84' lang='lat' dir='ltr'><strong>Anger,</strong></span> <span class='ocrx_word' id='word_1_255' title='bbox 1481 2467 1679 2518; x_wconf 77' lang='lat' dir='ltr'><strong>synops</strong></span> <span class='ocrx_word' id='word_1_256' title='bbox 1724 2453 1931 2518; x_wconf 88' lang='lat' dir='ltr'><strong>Evang.</strong></span> <span class='ocrx_word' id='word_1_257' title='bbox 1974 2451 2105 2518; x_wconf 92' lang='lat' dir='ltr'><strong>prol.</strong></span> <span class='ocrx_word' id='word_1_258' title='bbox 2151 2469 2205 2518; x_wconf 89' lang='lat' dir='ltr'><strong>p.</strong></span> <span class='ocrx_word' id='word_1_259' title='bbox 2242 2453 2324 2501; x_wconf 91' lang='grc'><strong>28.</strong></span> <span class='ocrx_word' id='word_1_260' title='bbox 2363 2454 2445 2501; x_wconf 90' lang='grc'><strong>29.</strong></span> <span class='ocrx_word' id='word_1_261' title='bbox 2496 2451 2555 2502; x_wconf 89' lang='lat' dir='ltr'><strong>C.</strong></span> <span class='ocrx_word' id='word_1_262' title='bbox 2591 2450 2722 2512; x_wconf 83' lang='lat' dir='ltr'><strong>Aen.</strong></span> <span class='ocrx_word' id='word_1_263' title='bbox 2762 2449 3014 2513; x_wconf 88' lang='lat' dir='ltr'><strong>Semisch,</strong></span> 
     </span>
     <span class='ocr_line' id='line_1_24' title="bbox 538 2537 3013 2605; baseline 0 -17"><span class='ocrx_word' id='word_1_264' title='bbox 538 2539 752 2588; x_wconf 87' lang='lat' dir='ltr'><strong>Tatiani</strong></span> <span class='ocrx_word' id='word_1_265' title='bbox 779 2539 1124 2589; x_wconf 84' lang='lat' dir='ltr'><strong>diatessaron.</strong></span> <span class='ocrx_word' id='word_1_266' title='bbox 1151 2539 1366 2589; x_wconf 82' lang='lat' dir='ltr'><strong>Vratisl.</strong></span> <span class='ocrx_word' id='word_1_267' title='bbox 1385 2541 1534 2590; x_wconf 81' lang='lat'><strong>1856.</strong></span> <span class='ocrx_word' id='word_1_268' title='bbox 1556 2555 1606 2605; x_wconf 92' lang='lat' dir='ltr'><strong>p.</strong></span> <span class='ocrx_word' id='word_1_269' title='bbox 1624 2541 1704 2589; x_wconf 87' lang='lat'><strong>15.</strong></span> <span class='ocrx_word' id='word_1_270' title='bbox 1722 2555 1761 2589; x_wconf 95' lang='lat' dir='ltr'><strong>s.</strong></span> <span class='ocrx_word' id='word_1_271' title='bbox 1800 2539 1953 2600; x_wconf 83' lang='lat' dir='ltr'><strong>Quae</strong></span> <span class='ocrx_word' id='word_1_272' title='bbox 1978 2539 2139 2590; x_wconf 87' lang='lat' dir='ltr'><strong>fuerit</strong></span> <span class='ocrx_word' id='word_1_273' title='bbox 2162 2555 2319 2605; x_wconf 91' lang='lat' dir='ltr'><strong>porro</strong></span> <span class='ocrx_word' id='word_1_274' title='bbox 2345 2539 2479 2588; x_wconf 88' lang='lat' dir='ltr'><strong>ratio</strong></span> <span class='ocrx_word' id='word_1_275' title='bbox 2504 2537 2662 2589; x_wconf 89' lang='lat' dir='ltr'><strong>huius</strong></span> <span class='ocrx_word' id='word_1_276' title='bbox 2688 2537 3013 2588; x_wconf 84' lang='lat' dir='ltr'><strong>Harmoniae</strong></span> 
     </span>
     <span class='ocr_line' id='line_1_25' title="bbox 537 2623 3011 2690; baseline 0 -16"><span class='ocrx_word' id='word_1_277' title='bbox 537 2640 636 2675; x_wconf 89' lang='lat' dir='ltr'><strong>nos</strong></span> <span class='ocrx_word' id='word_1_278' title='bbox 662 2625 820 2676; x_wconf 89' lang='lat' dir='ltr'><strong>docet</strong></span> <span class='ocrx_word' id='word_1_279' title='bbox 840 2625 981 2676; x_wconf 88' lang='lat' dir='ltr'><strong>idem</strong></span> <span class='ocrx_word' id='word_1_280' title='bbox 1005 2625 1401 2690; x_wconf 82' lang='lat' dir='ltr'><strong>Theodoretus3</strong></span> <span class='ocrx_word' id='word_1_281' title='bbox 1439 2627 1525 2676; x_wconf 89' lang='lat' dir='ltr'><strong>cui</strong></span> <span class='ocrx_word' id='word_1_282' title='bbox 1551 2627 1596 2676; x_wconf 87' lang='lat' dir='ltr'><strong>si</strong></span> <span class='ocrx_word' id='word_1_283' title='bbox 1621 2626 1771 2689; x_wconf 89' lang='lat' dir='ltr'><strong>fides,</strong></span> <span class='ocrx_word' id='word_1_284' title='bbox 1810 2625 2047 2676; x_wconf 86' lang='lat' dir='ltr'><strong>exhibuit</strong></span> <span class='ocrx_word' id='word_1_285' title='bbox 2083 2626 2351 2676; x_wconf 84' lang='lat' dir='ltr'><strong>concisam</strong></span> <span class='ocrx_word' id='word_1_286' title='bbox 2388 2641 2559 2676; x_wconf 88' lang='lat' dir='ltr'><strong>rerum</strong></span> <span class='ocrx_word' id='word_1_287' title='bbox 2598 2623 2793 2676; x_wconf 82' lang='lat' dir='ltr'><strong>Christi</strong></span> <span class='ocrx_word' id='word_1_288' title='bbox 2832 2625 3011 2676; x_wconf 88' lang='lat' dir='ltr'><strong>adum-</strong></span> 
     </span>
     <span class='ocr_line' id='line_1_26' title="bbox 538 2711 3015 2780; baseline 0 -18"><span class='ocrx_word' id='word_1_289' title='bbox 538 2713 850 2775; x_wconf 89' lang='lat' dir='ltr'><strong>brationem,</strong></span> <span class='ocrx_word' id='word_1_290' title='bbox 889 2713 1002 2763; x_wconf 81' lang='lat' dir='ltr'><strong>sive</strong></span> <span class='ocrx_word' id='word_1_291' title='bbox 1039 2715 1304 2778; x_wconf 89' lang='lat' dir='ltr'><strong>epitomen</strong></span> <span class='ocrx_word' id='word_1_292' title='bbox 1328 2713 1745 2779; x_wconf 84' lang='lat' dir='ltr'><strong>Evangeliorum</strong></span> <span class='ocrx_word' id='word_1_293' title='bbox 1779 2715 1910 2780; x_wconf 87' lang='lat' dir='ltr'><strong>ipsis</strong></span> <span class='ocrx_word' id='word_1_294' title='bbox 1935 2714 2113 2764; x_wconf 79' lang='lat' dir='ltr'><strong>verbis</strong></span> <span class='ocrx_word' id='word_1_295' title='bbox 2150 2711 2648 2778; x_wconf 83' lang='lat' dir='ltr'><strong>Hagiographorum</strong></span> <span class='ocrx_word' id='word_1_296' title='bbox 2686 2717 3015 2774; x_wconf 81' lang='lat' dir='ltr'><strong>contextam3</strong></span> 
     </span>
     <span class='ocr_line' id='line_1_27' title="bbox 539 2799 3017 2865; baseline -0.001 -15"><span class='ocrx_word' id='word_1_297' title='bbox 539 2801 595 2851; x_wconf 88' lang='lat' dir='ltr'><strong>in</strong></span> <span class='ocrx_word' id='word_1_298' title='bbox 633 2814 740 2865; x_wconf 90' lang='lat' dir='ltr'><strong>qua</strong></span> <span class='ocrx_word' id='word_1_299' title='bbox 777 2799 1180 2865; x_wconf 83' lang='lat' dir='ltr'><strong>reperiebantur</strong></span> <span class='ocrx_word' id='word_1_300' title='bbox 1216 2801 1394 2850; x_wconf 89' lang='lat' dir='ltr'><strong>omnia</strong></span> <span class='ocrx_word' id='word_1_301' title='bbox 1427 2800 1497 2850; x_wconf 87' lang='lat' dir='ltr'><strong>ad</strong></span> <span class='ocrx_word' id='word_1_302' title='bbox 1535 2801 1827 2852; x_wconf 85' lang='lat' dir='ltr'><strong>Salvatoris</strong></span> <span class='ocrx_word' id='word_1_303' title='bbox 1866 2801 2132 2850; x_wconf 82' lang='lat' dir='ltr'><strong>Historias</strong></span> <span class='ocrx_word' id='word_1_304' title='bbox 2178 2801 2500 2865; x_wconf 85' lang='lat' dir='ltr'><strong>spectantia,</strong></span> <span class='ocrx_word' id='word_1_305' title='bbox 2552 2799 2739 2849; x_wconf 83' lang='lat' dir='ltr'><strong>demtis</strong></span> <span class='ocrx_word' id='word_1_306' title='bbox 2775 2800 2842 2848; x_wconf 87' lang='lat' dir='ltr'><strong>iis</strong></span> <span class='ocrx_word' id='word_1_307' title='bbox 2880 2814 3017 2864; x_wconf 84' lang='lat' dir='ltr'><strong>quae</strong></span> 
     </span>
     <span class='ocr_line' id='line_1_28' title="bbox 541 2885 3014 2953; baseline -0.001 -15"><span class='ocrx_word' id='word_1_308' title='bbox 541 2885 734 2938; x_wconf 85' lang='lat' dir='ltr'><strong>Christi</strong></span> <span class='ocrx_word' id='word_1_309' title='bbox 771 2887 1152 2952; x_wconf 84' lang='lat' dir='ltr'><strong>genealogiam,</strong></span> <span class='ocrx_word' id='word_1_310' title='bbox 1191 2893 1466 2953; x_wconf 88' lang='lat' dir='ltr'><strong>ortumque</strong></span> <span class='ocrx_word' id='word_1_311' title='bbox 1505 2903 1532 2937; x_wconf 89' lang='lat' dir='ltr'><strong>e</strong></span> <span class='ocrx_word' id='word_1_312' title='bbox 1568 2889 1825 2953; x_wconf 85' lang='lat' dir='ltr'><strong>prosapia</strong></span> <span class='ocrx_word' id='word_1_313' title='bbox 1859 2887 2081 2937; x_wconf 74' lang='lat' dir='ltr'><strong>Davidis</strong></span> <span class='ocrx_word' id='word_1_314' title='bbox 2120 2888 2359 2937; x_wconf 86' lang='lat' dir='ltr'><strong>attinent.</strong></span> <span class='ocrx_word' id='word_1_315' title='bbox 2408 2887 2598 2936; x_wconf 86' lang='lat' dir='ltr'><strong>Primis</strong></span> <span class='ocrx_word' id='word_1_316' title='bbox 2636 2887 2813 2952; x_wconf 87' lang='lat' dir='ltr'><strong>quarti</strong></span> <span class='ocrx_word' id='word_1_317' title='bbox 2836 2887 3014 2936; x_wconf 84' lang='lat' dir='ltr'><strong>Evan-</strong></span> 
     </span>
     <span class='ocr_line' id='line_1_29' title="bbox 537 2972 3015 3040; baseline -0.001 -16"><span class='ocrx_word' id='word_1_318' title='bbox 537 2972 664 3039; x_wconf 84' lang='lat' dir='ltr'><strong>gelii</strong></span> <span class='ocrx_word' id='word_1_319' title='bbox 711 2975 886 3024; x_wconf 88' lang='lat' dir='ltr'><strong>verbis</strong></span> <span class='ocrx_word' id='word_1_320' title='bbox 939 2975 1024 3035; x_wconf 79' lang='lat' dir='ltr'><strong>„iu</strong></span> <span class='ocrx_word' id='word_1_321' title='bbox 1072 2975 1332 3040; x_wconf 90' lang='lat' dir='ltr'><strong>principio</strong></span> <span class='ocrx_word' id='word_1_322' title='bbox 1381 2980 1497 3024; x_wconf 90' lang='lat' dir='ltr'><strong>erat</strong></span> <span class='ocrx_word' id='word_1_323' title='bbox 1531 2974 1795 3024; x_wconf 85' lang='lat' dir='ltr'><strong>Verbum“</strong></span> <span class='ocrx_word' id='word_1_324' title='bbox 1836 2974 2109 3024; x_wconf 83' lang='lat' dir='ltr'><strong>exordium</strong></span> <span class='ocrx_word' id='word_1_325' title='bbox 2158 2976 2372 3036; x_wconf 66' lang='lat' dir='ltr'><strong>sumsit,</strong></span> <span class='ocrx_word' id='word_1_326' title='bbox 2416 2977 2551 3023; x_wconf 88' lang='lat' dir='ltr'><strong>teste</strong></span> <span class='ocrx_word' id='word_1_327' title='bbox 2588 2973 2849 3038; x_wconf 80' lang='lat' dir='ltr'><strong>Dionysio</strong></span> <span class='ocrx_word' id='word_1_328' title='bbox 2888 2973 3015 3022; x_wconf 86' lang='lat' dir='ltr'><strong>Bar-</strong></span> 
     </span>
     <span class='ocr_line' id='line_1_30' title="bbox 537 3059 3012 3126; baseline -0.001 -16"><span class='ocrx_word' id='word_1_329' title='bbox 537 3059 692 3110; x_wconf 85' lang='lat' dir='ltr'><strong>salibi</strong></span> <span class='ocrx_word' id='word_1_330' title='bbox 727 3060 763 3111; x_wconf 91' lang='lat' dir='ltr'><strong>l.</strong></span> <span class='ocrx_word' id='word_1_331' title='bbox 789 3076 852 3124; x_wconf 86' lang='lat' dir='ltr'><strong>c.,</strong></span> <span class='ocrx_word' id='word_1_332' title='bbox 890 3059 1031 3111; x_wconf 89' lang='lat' dir='ltr'><strong>unde</strong></span> <span class='ocrx_word' id='word_1_333' title='bbox 1057 3061 1308 3110; x_wconf 90' lang='lat' dir='ltr'><strong>continuo</strong></span> <span class='ocrx_word' id='word_1_334' title='bbox 1335 3060 1404 3110; x_wconf 93' lang='lat' dir='ltr'><strong>ad</strong></span> <span class='ocrx_word' id='word_1_335' title='bbox 1429 3059 1636 3111; x_wconf 85' lang='lat' dir='ltr'><strong>natales</strong></span> <span class='ocrx_word' id='word_1_336' title='bbox 1664 3060 1857 3111; x_wconf 86' lang='lat' dir='ltr'><strong>Christi</strong></span> <span class='ocrx_word' id='word_1_337' title='bbox 1896 3061 2119 3122; x_wconf 87' lang='lat' dir='ltr'><strong>transiit,</strong></span> <span class='ocrx_word' id='word_1_338' title='bbox 2160 3059 2345 3110; x_wconf 89' lang='lat' dir='ltr'><strong>tabula</strong></span> <span class='ocrx_word' id='word_1_339' title='bbox 2374 3061 2582 3126; x_wconf 87' lang='lat' dir='ltr'><strong>generis</strong></span> <span class='ocrx_word' id='word_1_340' title='bbox 2613 3059 2748 3109; x_wconf 85' lang='lat' dir='ltr'><strong>Jesu</strong></span> <span class='ocrx_word' id='word_1_341' title='bbox 2779 3063 3012 3125; x_wconf 89' lang='lat' dir='ltr'><strong>praeter-</strong></span> 
     </span>
     <span class='ocr_line' id='line_1_31' title="bbox 537 3147 3015 3214; baseline -0 -17"><span class='ocrx_word' id='word_1_342' title='bbox 537 3147 715 3198; x_wconf 87' lang='lat' dir='ltr'><strong>missa.</strong></span> <span class='ocrx_word' id='word_1_343' title='bbox 779 3147 986 3198; x_wconf 82' lang='lat' dir='ltr'><strong>Novam</strong></span> <span class='ocrx_word' id='word_1_344' title='bbox 1033 3162 1251 3214; x_wconf 89' lang='lat' dir='ltr'><strong>prorsus</strong></span> <span class='ocrx_word' id='word_1_345' title='bbox 1288 3148 1428 3198; x_wconf 85' lang='lat' dir='ltr'><strong>viam</strong></span> <span class='ocrx_word' id='word_1_346' title='bbox 1465 3147 1724 3197; x_wconf 84' lang='lat' dir='ltr'><strong>Tatianus</strong></span> <span class='ocrx_word' id='word_1_347' title='bbox 1768 3147 1975 3213; x_wconf 87' lang='lat' dir='ltr'><strong>aperuit</strong></span> <span class='ocrx_word' id='word_1_348' title='bbox 2010 3147 2318 3212; x_wconf 83' lang='lat' dir='ltr'><strong>Evangeliis</strong></span> <span class='ocrx_word' id='word_1_349' title='bbox 2361 3147 2417 3195; x_wconf 92' lang='lat' dir='ltr'><strong>in</strong></span> <span class='ocrx_word' id='word_1_350' title='bbox 2460 3161 2621 3196; x_wconf 89' lang='lat' dir='ltr'><strong>unum</strong></span> <span class='ocrx_word' id='word_1_351' title='bbox 2666 3147 3015 3196; x_wconf 88' lang='lat' dir='ltr'><strong>concinnatis.</strong></span> 
     </span>
     <span class='ocr_line' id='line_1_32' title="bbox 539 3233 3014 3301; baseline -0.001 -17"><span class='ocrx_word' id='word_1_352' title='bbox 539 3233 725 3300; x_wconf 82' lang='lat' dir='ltr'><strong>Syriae</strong></span> <span class='ocrx_word' id='word_1_353' title='bbox 761 3235 968 3284; x_wconf 86' lang='lat' dir='ltr'><strong>interim</strong></span> <span class='ocrx_word' id='word_1_354' title='bbox 1003 3234 1196 3285; x_wconf 88' lang='lat' dir='ltr'><strong>limites</strong></span> <span class='ocrx_word' id='word_1_355' title='bbox 1222 3249 1398 3301; x_wconf 89' lang='lat' dir='ltr'><strong>pauca</strong></span> <span class='ocrx_word' id='word_1_356' title='bbox 1431 3239 1638 3284; x_wconf 87' lang='lat' dir='ltr'><strong>tantum</strong></span> <span class='ocrx_word' id='word_1_357' title='bbox 1674 3233 1985 3300; x_wconf 87' lang='lat' dir='ltr'><strong>apographa</strong></span> <span class='ocrx_word' id='word_1_358' title='bbox 2009 3234 2221 3284; x_wconf 88' lang='lat' dir='ltr'><strong>Tatiani</strong></span> <span class='ocrx_word' id='word_1_359' title='bbox 2260 3234 2431 3299; x_wconf 89' lang='lat' dir='ltr'><strong>operis</strong></span> <span class='ocrx_word' id='word_1_360' title='bbox 2464 3247 2701 3284; x_wconf 87' lang='lat' dir='ltr'><strong>emeasse</strong></span> <span class='ocrx_word' id='word_1_361' title='bbox 2737 3233 3014 3297; x_wconf 79' lang='lat' dir='ltr'><strong>videntur3</strong></span> 
     </span>
     <span class='ocr_line' id='line_1_33' title="bbox 491 3319 3015 3387; baseline -0.001 -16"><span class='ocrx_word' id='word_1_362' title='bbox 491 3341 499 3350; x_wconf 94' lang='lat'>·</span> <span class='ocrx_word' id='word_1_363' title='bbox 539 3337 606 3371; x_wconf 89' lang='lat' dir='ltr'><strong>ne</strong></span> <span class='ocrx_word' id='word_1_364' title='bbox 632 3320 998 3372; x_wconf 85' lang='lat' dir='ltr'><strong>eruditissimis</strong></span> <span class='ocrx_word' id='word_1_365' title='bbox 1025 3321 1238 3387; x_wconf 87' lang='lat' dir='ltr'><strong>quidem</strong></span> <span class='ocrx_word' id='word_1_366' title='bbox 1261 3323 1388 3372; x_wconf 86' lang='lat' dir='ltr'><strong>viris</strong></span> <span class='ocrx_word' id='word_1_367' title='bbox 1412 3323 1468 3372; x_wconf 91' lang='lat' dir='ltr'><strong>in</strong></span> <span class='ocrx_word' id='word_1_368' title='bbox 1495 3320 1713 3371; x_wconf 87' lang='lat' dir='ltr'><strong>Oriente</strong></span> <span class='ocrx_word' id='word_1_369' title='bbox 1739 3321 2051 3386; x_wconf 84' lang='lat' dir='ltr'><strong>degentibus</strong></span> <span class='ocrx_word' id='word_1_370' title='bbox 2071 3348 2137 3358; x_wconf 94' lang='lat'>—</span> <span class='ocrx_word' id='word_1_371' title='bbox 2155 3320 2323 3370; x_wconf 83' lang='lat' dir='ltr'><strong>veluti</strong></span> <span class='ocrx_word' id='word_1_372' title='bbox 2355 3320 2606 3382; x_wconf 88' lang='lat' dir='ltr'><strong>Eusebio,</strong></span> <span class='ocrx_word' id='word_1_373' title='bbox 2644 3333 2685 3370; x_wconf 88' lang='lat' dir='ltr'><strong>s.</strong></span> <span class='ocrx_word' id='word_1_374' title='bbox 2711 3319 3015 3386; x_wconf 89' lang='lat' dir='ltr'><strong>Epiphanio</strong></span> 
     </span>
     <span class='ocr_line' id='line_1_34' title="bbox 539 3407 3015 3474; baseline -0.001 -15"><span class='ocrx_word' id='word_1_375' title='bbox 539 3413 593 3459; x_wconf 87' lang='lat' dir='ltr'><strong>et</strong></span> <span class='ocrx_word' id='word_1_376' title='bbox 627 3423 667 3458; x_wconf 89' lang='lat' dir='ltr'><strong>s.</strong></span> <span class='ocrx_word' id='word_1_377' title='bbox 696 3409 1020 3474; x_wconf 85' lang='lat' dir='ltr'><strong>Hieronymo</strong></span> <span class='ocrx_word' id='word_1_378' title='bbox 1046 3436 1111 3446; x_wconf 89' lang='lat'>—</span> <span class='ocrx_word' id='word_1_379' title='bbox 1138 3409 1360 3474; x_wconf 90' lang='lat' dir='ltr'><strong>contigit</strong></span> <span class='ocrx_word' id='word_1_380' title='bbox 1407 3413 1464 3458; x_wconf 88' lang='lat' dir='ltr'><strong>ut</strong></span> <span class='ocrx_word' id='word_1_381' title='bbox 1509 3408 1948 3458; x_wconf 86' lang='lat' dir='ltr'><strong>Diatessaron</strong></span> <span class='ocrx_word' id='word_1_382' title='bbox 1997 3407 2165 3458; x_wconf 91' lang='lat' dir='ltr'><strong>oculis</strong></span> <span class='ocrx_word' id='word_1_383' title='bbox 2212 3408 2323 3458; x_wconf 89' lang='lat' dir='ltr'><strong>suis</strong></span> <span class='ocrx_word' id='word_1_384' title='bbox 2370 3411 2662 3456; x_wconf 89' lang='lat' dir='ltr'><strong>cernerent.</strong></span> <span class='ocrx_word' id='word_1_385' title='bbox 2724 3407 3015 3472; x_wconf 87' lang='lat' dir='ltr'><strong>Postquam</strong></span> 
     </span>
     <span class='ocr_line' id='line_1_35' title="bbox 537 3493 3017 3561; baseline -0.001 -16"><span class='ocrx_word' id='word_1_386' title='bbox 537 3495 906 3546; x_wconf 83' lang='lat' dir='ltr'><strong>Theodoretus</strong></span> <span class='ocrx_word' id='word_1_387' title='bbox 942 3510 1163 3561; x_wconf 88' lang='lat' dir='ltr'><strong>graecos</strong></span> <span class='ocrx_word' id='word_1_388' title='bbox 1201 3495 1413 3548; x_wconf 86' lang='lat' dir='ltr'><strong>codices</strong></span> <span class='ocrx_word' id='word_1_389' title='bbox 1448 3497 1586 3546; x_wconf 89' lang='lat' dir='ltr'><strong>inter</strong></span> <span class='ocrx_word' id='word_1_390' title='bbox 1622 3494 1783 3560; x_wconf 86' lang='lat' dir='ltr'><strong>Syros</strong></span> <span class='ocrx_word' id='word_1_391' title='bbox 1821 3495 1985 3545; x_wconf 89' lang='lat' dir='ltr'><strong>deleri</strong></span> <span class='ocrx_word' id='word_1_392' title='bbox 2020 3495 2200 3558; x_wconf 83' lang='lat' dir='ltr'><strong>iussit3</strong></span> <span class='ocrx_word' id='word_1_393' title='bbox 2245 3494 2373 3545; x_wconf 89' lang='lat' dir='ltr'><strong>solis</strong></span> <span class='ocrx_word' id='word_1_394' title='bbox 2412 3493 2689 3543; x_wconf 88' lang='lat' dir='ltr'><strong>aramaicis</strong></span> <span class='ocrx_word' id='word_1_395' title='bbox 2727 3495 2923 3556; x_wconf 83' lang='lat' dir='ltr'><strong>evenit,</strong></span> <span class='ocrx_word' id='word_1_396' title='bbox 2960 3500 3017 3543; x_wconf 89' lang='lat' dir='ltr'><strong>ut</strong></span> 
     </span>
     <span class='ocr_line' id='line_1_36' title="bbox 539 3579 3015 3648; baseline -0 -16"><span class='ocrx_word' id='word_1_397' title='bbox 539 3581 606 3632; x_wconf 88' lang='lat' dir='ltr'><strong>ad</strong></span> <span class='ocrx_word' id='word_1_398' title='bbox 644 3582 918 3633; x_wconf 87' lang='lat' dir='ltr'><strong>saeculum</strong></span> <span class='ocrx_word' id='word_1_399' title='bbox 953 3598 1122 3648; x_wconf 89' lang='lat' dir='ltr'><strong>usque</strong></span> <span class='ocrx_word' id='word_1_400' title='bbox 1153 3583 1285 3632; x_wconf 88' lang='lat' dir='ltr'>XIII</span> <span class='ocrx_word' id='word_1_401' title='bbox 1311 3587 1365 3632; x_wconf 91' lang='lat' dir='ltr'><strong>et</strong></span> <span class='ocrx_word' id='word_1_402' title='bbox 1388 3582 1532 3632; x_wconf 86' lang='lat' dir='ltr'><strong>ultra</strong></span> <span class='ocrx_word' id='word_1_403' title='bbox 1566 3587 1922 3648; x_wconf 85' lang='lat' dir='ltr'><strong>superessent.</strong></span> <span class='ocrx_word' id='word_1_404' title='bbox 1972 3581 2055 3631; x_wconf 80' lang='lat' dir='ltr'><strong>Ad</strong></span> <span class='ocrx_word' id='word_1_405' title='bbox 2091 3580 2419 3630; x_wconf 87' lang='lat' dir='ltr'><strong>occidentem</strong></span> <span class='ocrx_word' id='word_1_406' title='bbox 2454 3581 2557 3630; x_wconf 89' lang='lat' dir='ltr'><strong>nisi</strong></span> <span class='ocrx_word' id='word_1_407' title='bbox 2593 3579 2783 3645; x_wconf 87' lang='lat' dir='ltr'><strong>aliquis</strong></span> <span class='ocrx_word' id='word_1_408' title='bbox 2820 3581 3015 3631; x_wconf 89' lang='lat' dir='ltr'><strong>subob-</strong></span> 
     </span>
     <span class='ocr_line' id='line_1_37' title="bbox 538 3667 3015 3734; baseline -0 -15"><span class='ocrx_word' id='word_1_409' title='bbox 538 3684 724 3720; x_wconf 88' lang='lat' dir='ltr'><strong>scurus</strong></span> <span class='ocrx_word' id='word_1_410' title='bbox 777 3684 954 3719; x_wconf 87' lang='lat' dir='ltr'><strong>rumor</strong></span> <span class='ocrx_word' id='word_1_411' title='bbox 1007 3669 1258 3734; x_wconf 85' lang='lat' dir='ltr'><strong>delapsus</strong></span> <span class='ocrx_word' id='word_1_412' title='bbox 1315 3674 1423 3733; x_wconf 84' lang='lat' dir='ltr'><strong>est3</strong></span> <span class='ocrx_word' id='word_1_413' title='bbox 1480 3674 1643 3734; x_wconf 87' lang='lat' dir='ltr'><strong>atque</strong></span> <span class='ocrx_word' id='word_1_414' title='bbox 1688 3669 1917 3719; x_wconf 88' lang='lat' dir='ltr'><strong>Victor</strong></span> <span class='ocrx_word' id='word_1_415' title='bbox 1970 3667 2185 3718; x_wconf 87' lang='lat' dir='ltr'><strong>saeculo</strong></span> <span class='ocrx_word' id='word_1_416' title='bbox 2240 3684 2291 3733; x_wconf 90' lang='lat' dir='ltr'><strong>p.</strong></span> <span class='ocrx_word' id='word_1_417' title='bbox 2332 3667 2391 3717; x_wconf 98' lang='lat' dir='ltr'><strong>C.</strong></span> <span class='ocrx_word' id='word_1_418' title='bbox 2428 3683 2481 3718; x_wconf 88' lang='lat' dir='ltr'><strong>n.</strong></span> <span class='ocrx_word' id='word_1_419' title='bbox 2528 3672 2679 3718; x_wconf 85' lang='lat' dir='ltr'><strong>sexto</strong></span> <span class='ocrx_word' id='word_1_420' title='bbox 2730 3668 3015 3733; x_wconf 89' lang='lat' dir='ltr'><strong>episcopus</strong></span> 
     </span>
     <span class='ocr_line' id='line_1_38' title="bbox 539 3753 3014 3823; baseline -0.001 -17"><span class='ocrx_word' id='word_1_421' title='bbox 539 3755 828 3822; x_wconf 89' lang='lat' dir='ltr'><strong>Capuanus</strong></span> <span class='ocrx_word' id='word_1_422' title='bbox 865 3757 1052 3807; x_wconf 89' lang='lat' dir='ltr'><strong>saltem</strong></span> <span class='ocrx_word' id='word_1_423' title='bbox 1091 3757 1264 3823; x_wconf 89' lang='lat' dir='ltr'><strong>operis</strong></span> <span class='ocrx_word' id='word_1_424' title='bbox 1301 3757 1603 3807; x_wconf 88' lang='lat' dir='ltr'><strong>memoriam</strong></span> <span class='ocrx_word' id='word_1_425' title='bbox 1640 3755 1709 3806; x_wconf 85' lang='lat' dir='ltr'><strong>ab</strong></span> <span class='ocrx_word' id='word_1_426' title='bbox 1748 3755 2017 3806; x_wconf 83' lang='lat' dir='ltr'><strong>oblivione</strong></span> <span class='ocrx_word' id='word_1_427' title='bbox 2053 3755 2361 3804; x_wconf 77' lang='lat' dir='ltr'><strong>vindicavit.</strong></span> <span class='ocrx_word' id='word_1_428' title='bbox 2411 3753 2492 3803; x_wconf 86' lang='lat' dir='ltr'><strong>Cf.</strong></span> <span class='ocrx_word' id='word_1_429' title='bbox 2528 3753 2667 3804; x_wconf 79' lang='lat' dir='ltr'><strong>Max.</strong></span> <span class='ocrx_word' id='word_1_430' title='bbox 2702 3753 2831 3804; x_wconf 87' lang='lat' dir='ltr'><strong>bibl.</strong></span> <span class='ocrx_word' id='word_1_431' title='bbox 2870 3755 2930 3803; x_wconf 92' lang='lat' dir='ltr'><strong>P.</strong></span> <span class='ocrx_word' id='word_1_432' title='bbox 2956 3755 3014 3804; x_wconf 90' lang='lat' dir='ltr'><strong>P.</strong></span> 
     </span>
     <span class='ocr_line' id='line_1_39' title="bbox 537 3840 3015 3909; baseline -0.001 -17"><span class='ocrx_word' id='word_1_433' title='bbox 537 3843 710 3909; x_wconf 85' lang='lat' dir='ltr'><strong>Lugd.</strong></span> <span class='ocrx_word' id='word_1_434' title='bbox 749 3844 899 3894; x_wconf 92' lang='grc'><strong>1677.</strong></span> <span class='ocrx_word' id='word_1_435' title='bbox 945 3843 1042 3906; x_wconf 91' lang='lat'><strong>111,</strong></span> <span class='ocrx_word' id='word_1_436' title='bbox 1081 3844 1198 3893; x_wconf 84' lang='grc'><strong>265.</strong></span> <span class='ocrx_word' id='word_1_437' title='bbox 1237 3860 1278 3894; x_wconf 92' lang='lat' dir='ltr'><strong>s.</strong></span> <span class='ocrx_word' id='word_1_438' title='bbox 1340 3845 1492 3906; x_wconf 83' lang='lat' dir='ltr'><strong>Quae</strong></span> <span class='ocrx_word' id='word_1_439' title='bbox 1536 3858 1663 3893; x_wconf 83' lang='lat' dir='ltr'><strong>vero</strong></span> <span class='ocrx_word' id='word_1_440' title='bbox 1714 3841 1889 3892; x_wconf 90' lang='lat' dir='ltr'><strong>adhuc</strong></span> <span class='ocrx_word' id='word_1_441' title='bbox 1924 3857 2165 3892; x_wconf 89' lang='lat' dir='ltr'><strong>sermone</strong></span> <span class='ocrx_word' id='word_1_442' title='bbox 2202 3841 2368 3890; x_wconf 90' lang='lat' dir='ltr'><strong>latino</strong></span> <span class='ocrx_word' id='word_1_443' title='bbox 2404 3840 2619 3890; x_wconf 85' lang='lat' dir='ltr'><strong>Tatiani</strong></span> <span class='ocrx_word' id='word_1_444' title='bbox 2664 3840 2763 3890; x_wconf 87' lang='lat' dir='ltr'><strong>sub</strong></span> <span class='ocrx_word' id='word_1_445' title='bbox 2800 3842 3015 3890; x_wconf 87' lang='lat' dir='ltr'><strong>nomine</strong></span> 
     </span>
     <span class='ocr_line' id='line_1_40' title="bbox 536 3927 3014 3996; baseline -0.002 -15"><span class='ocrx_word' id='word_1_446' title='bbox 536 3930 764 3981; x_wconf 87' lang='lat' dir='ltr'><strong>habetur</strong></span> <span class='ocrx_word' id='word_1_447' title='bbox 812 3931 1108 3980; x_wconf 84' lang='lat' dir='ltr'><strong>Harmonia</strong></span> <span class='ocrx_word' id='word_1_448' title='bbox 1159 3930 1577 3996; x_wconf 85' lang='lat' dir='ltr'><strong>Evangeliorum</strong></span> <span class='ocrx_word' id='word_1_449' title='bbox 1613 3957 1681 3966; x_wconf 91' lang='lat'>—</span> <span class='ocrx_word' id='word_1_450' title='bbox 1718 3928 1803 3979; x_wconf 86' lang='lat' dir='ltr'><strong>ed.</strong></span> <span class='ocrx_word' id='word_1_451' title='bbox 1836 3928 2084 3990; x_wconf 83' lang='lat' dir='ltr'><strong>Menleri,</strong></span> <span class='ocrx_word' id='word_1_452' title='bbox 2121 3928 2264 3994; x_wconf 85' lang='lat' dir='ltr'><strong>Meg.</strong></span> <span class='ocrx_word' id='word_1_453' title='bbox 2306 3930 2454 3978; x_wconf 85' lang='grc'><strong>1524.</strong></span> <span class='ocrx_word' id='word_1_454' title='bbox 2504 3927 2557 3978; x_wconf 86' lang='lat' dir='ltr'><strong>J.</strong></span> <span class='ocrx_word' id='word_1_455' title='bbox 2592 3927 2690 3977; x_wconf 88' lang='lat' dir='ltr'><strong>Ph.</strong></span> <span class='ocrx_word' id='word_1_456' title='bbox 2728 3927 3014 3990; x_wconf 85' lang='lat' dir='ltr'><strong>Palthenii,</strong></span> 
     </span>
     <span class='ocr_line' id='line_1_41' title="bbox 538 4014 3016 4084; baseline -0.002 -16"><span class='ocrx_word' id='word_1_457' title='bbox 538 4017 832 4084; x_wconf 78' lang='lat' dir='ltr'><strong>Gryphisw.</strong></span> <span class='ocrx_word' id='word_1_458' title='bbox 861 4019 1011 4068; x_wconf 85' lang='grc'><strong>1706.</strong></span> <span class='ocrx_word' id='word_1_459' title='bbox 1053 4017 1106 4067; x_wconf 84' lang='lat' dir='ltr'><strong>J.</strong></span> <span class='ocrx_word' id='word_1_460' title='bbox 1133 4016 1394 4080; x_wconf 85' lang='lat' dir='ltr'><strong>Schilteri,</strong></span> <span class='ocrx_word' id='word_1_461' title='bbox 1419 4018 1476 4066; x_wconf 89' lang='lat' dir='ltr'><strong>in</strong></span> <span class='ocrx_word' id='word_1_462' title='bbox 1501 4016 1597 4066; x_wconf 89' lang='lat' dir='ltr'><strong>Th.</strong></span> <span class='ocrx_word' id='word_1_463' title='bbox 1623 4017 1687 4065; x_wconf 87' lang='lat' dir='ltr'><strong>A.</strong></span> <span class='ocrx_word' id='word_1_464' title='bbox 1711 4017 1866 4066; x_wconf 89' lang='lat' dir='ltr'><strong>Teut.</strong></span> <span class='ocrx_word' id='word_1_465' title='bbox 1892 4015 2031 4066; x_wconf 90' lang='lat' dir='ltr'><strong>Ulm.</strong></span> <span class='ocrx_word' id='word_1_466' title='bbox 2060 4016 2209 4065; x_wconf 89' lang='grc'><strong>1727.</strong></span> <span class='ocrx_word' id='word_1_467' title='bbox 2236 4015 2304 4064; x_wconf 89' lang='lat'><strong>11.</strong></span> <span class='ocrx_word' id='word_1_468' title='bbox 2326 4043 2392 4051; x_wconf 95' lang='lat'>—</span> <span class='ocrx_word' id='word_1_469' title='bbox 2412 4014 2535 4064; x_wconf 90' lang='lat' dir='ltr'><strong>huic</strong></span> <span class='ocrx_word' id='word_1_470' title='bbox 2560 4015 2803 4079; x_wconf 88' lang='lat' dir='ltr'><strong>scriptori</strong></span> <span class='ocrx_word' id='word_1_471' title='bbox 2830 4016 3016 4080; x_wconf 89' lang='lat' dir='ltr'><strong>nequit</strong></span> 
     </span>
     <span class='ocr_line' id='line_1_42' title="bbox 537 4096 3014 4170; baseline -0.001 -16"><span class='ocrx_word' id='word_1_472' title='bbox 537 4105 768 4156; x_wconf 87' lang='lat' dir='ltr'><strong>attribui.</strong></span> <span class='ocrx_word' id='word_1_473' title='bbox 805 4103 1212 4170; x_wconf 86' lang='lat' dir='ltr'><strong>Theophilus</strong></span> <span class='ocrx_word' id='word_1_474' title='bbox 1233 4131 1300 4140; x_wconf 90' lang='lat'>—</span> <span class='ocrx_word' id='word_1_475' title='bbox 1317 4107 1354 4168; x_wconf 90' lang='lat'>†</span> <span class='ocrx_word' id='word_1_476' title='bbox 1376 4104 1490 4153; x_wconf 87' lang='lat'><strong>186.</strong></span> <span class='ocrx_word' id='word_1_477' title='bbox 1509 4119 1560 4168; x_wconf 89' lang='lat' dir='ltr'><strong>p.</strong></span> <span class='ocrx_word' id='word_1_478' title='bbox 1581 4103 1642 4153; x_wconf 93' lang='lat' dir='ltr'><strong>C.</strong></span> <span class='ocrx_word' id='word_1_479' title='bbox 1662 4096 1784 4153; x_wconf 81' lang='lat' dir='ltr'><strong>n.‘v.</strong></span> <span class='ocrx_word' id='word_1_480' title='bbox 1806 4102 1867 4153; x_wconf 87' lang='lat' dir='ltr'><strong>G.</strong></span> <span class='ocrx_word' id='word_1_481' title='bbox 1887 4103 2155 4168; x_wconf 89' lang='lat' dir='ltr'><strong>Lumperi‚</strong></span> <span class='ocrx_word' id='word_1_482' title='bbox 2182 4101 2320 4152; x_wconf 90' lang='lat' dir='ltr'><strong>Hist.</strong></span> <span class='ocrx_word' id='word_1_483' title='bbox 2346 4101 2504 4151; x_wconf 87' lang='lat' dir='ltr'><strong>theol.</strong></span> <span class='ocrx_word' id='word_1_484' title='bbox 2531 4117 2601 4152; x_wconf 90' lang='lat' dir='ltr'><strong>cr.</strong></span> <span class='ocrx_word' id='word_1_485' title='bbox 2622 4099 2755 4166; x_wconf 77' lang='lat' dir='ltr'><strong>Aug.</strong></span> <span class='ocrx_word' id='word_1_486' title='bbox 2776 4101 2839 4150; x_wconf 79' lang='lat' dir='ltr'><strong>V.</strong></span> <span class='ocrx_word' id='word_1_487' title='bbox 2863 4103 3014 4152; x_wconf 87' lang='grc'><strong>1784.</strong></span> 
     </span>
     <span class='ocr_line' id='line_1_43' title="bbox 535 4188 3013 4256; baseline -0.001 -16"><span class='ocrx_word' id='word_1_488' title='bbox 535 4190 635 4254; x_wconf 88' lang='lat'><strong>111,</strong></span> <span class='ocrx_word' id='word_1_489' title='bbox 666 4194 782 4243; x_wconf 91' lang='grc'><strong>127.</strong></span> <span class='ocrx_word' id='word_1_490' title='bbox 803 4219 867 4228; x_wconf 91' lang='lat'><strong>——</strong></span> <span class='ocrx_word' id='word_1_491' title='bbox 887 4190 1336 4242; x_wconf 75' lang='lat' dir='ltr'><strong>Antioche-norum</strong></span> <span class='ocrx_word' id='word_1_492' title='bbox 1363 4192 1647 4256; x_wconf 88' lang='lat' dir='ltr'><strong>episcopus</strong></span> <span class='ocrx_word' id='word_1_493' title='bbox 1666 4217 1730 4226; x_wconf 92' lang='lat'><strong>—-</strong></span> <span class='ocrx_word' id='word_1_494' title='bbox 1751 4194 1886 4240; x_wconf 88' lang='lat' dir='ltr'><strong>teste</strong></span> <span class='ocrx_word' id='word_1_495' title='bbox 1910 4189 2163 4252; x_wconf 85' lang='lat' dir='ltr'><strong>Eusebio,</strong></span> <span class='ocrx_word' id='word_1_496' title='bbox 2189 4189 2259 4238; x_wconf 92' lang='lat' dir='ltr'><strong>H.</strong></span> <span class='ocrx_word' id='word_1_497' title='bbox 2278 4189 2343 4238; x_wconf 87' lang='lat' dir='ltr'><strong>E.</strong></span> <span class='ocrx_word' id='word_1_498' title='bbox 2362 4188 2453 4250; x_wconf 90' lang='lat' dir='ltr'><strong>IV,</strong></span> <span class='ocrx_word' id='word_1_499' title='bbox 2481 4190 2563 4237; x_wconf 90' lang='grc'><strong>20.</strong></span> <span class='ocrx_word' id='word_1_500' title='bbox 2590 4204 2641 4253; x_wconf 90' lang='lat' dir='ltr'><strong>p.</strong></span> <span class='ocrx_word' id='word_1_501' title='bbox 2670 4189 2784 4237; x_wconf 91' lang='grc'><strong>141.</strong></span> <span class='ocrx_word' id='word_1_502' title='bbox 2812 4193 2867 4238; x_wconf 86' lang='lat' dir='ltr'><strong>et</strong></span> <span class='ocrx_word' id='word_1_503' title='bbox 2890 4188 3013 4238; x_wconf 76' lang='lat' dir='ltr'><strong>divo</strong></span> 
     </span>
     <span class='ocr_line' id='line_1_44' title="bbox 535 4274 3013 4345; baseline -0 -18"><span class='ocrx_word' id='word_1_504' title='bbox 535 4278 881 4344; x_wconf 81' lang='lat' dir='ltr'><strong>Hieronymo,</strong></span> <span class='ocrx_word' id='word_1_505' title='bbox 913 4295 996 4345; x_wconf 91' lang='lat' dir='ltr'><strong>ep.</strong></span> <span class='ocrx_word' id='word_1_506' title='bbox 1026 4281 1140 4330; x_wconf 93' lang='grc'><strong>121.</strong></span> <span class='ocrx_word' id='word_1_507' title='bbox 1169 4278 1236 4328; x_wconf 86' lang='lat' dir='ltr'><strong>ad</strong></span> <span class='ocrx_word' id='word_1_508' title='bbox 1261 4277 1546 4345; x_wconf 77' lang='lat' dir='ltr'><strong>Algasiam,</strong></span> <span class='ocrx_word' id='word_1_509' title='bbox 1573 4293 1622 4342; x_wconf 91' lang='lat' dir='ltr'><strong>q.</strong></span> <span class='ocrx_word' id='word_1_510' title='bbox 1648 4277 1740 4326; x_wconf 88' lang='lat' dir='ltr'><strong>VI.</strong></span> <span class='ocrx_word' id='word_1_511' title='bbox 1766 4293 1818 4342; x_wconf 89' lang='lat' dir='ltr'><strong>p.</strong></span> <span class='ocrx_word' id='word_1_512' title='bbox 1844 4277 1962 4327; x_wconf 92' lang='grc'><strong>866.</strong></span> <span class='ocrx_word' id='word_1_513' title='bbox 1996 4281 2258 4342; x_wconf 81' lang='lat' dir='ltr'><strong>„quatuor</strong></span> <span class='ocrx_word' id='word_1_514' title='bbox 2282 4274 2747 4341; x_wconf 83' lang='lat' dir='ltr'><strong>Evangelistarum</strong></span> <span class='ocrx_word' id='word_1_515' title='bbox 2770 4275 2827 4324; x_wconf 89' lang='lat' dir='ltr'><strong>in</strong></span> <span class='ocrx_word' id='word_1_516' title='bbox 2850 4291 3013 4326; x_wconf 88' lang='lat' dir='ltr'><strong>unum</strong></span> 
     </span>
     <span class='ocr_line' id='line_1_45' title="bbox 536 4361 3013 4432; baseline -0.001 -17"><span class='ocrx_word' id='word_1_517' title='bbox 536 4379 672 4430; x_wconf 88' lang='lat' dir='ltr'><strong>opus</strong></span> <span class='ocrx_word' id='word_1_518' title='bbox 697 4365 844 4415; x_wconf 88' lang='lat' dir='ltr'><strong>dicta</strong></span> <span class='ocrx_word' id='word_1_519' title='bbox 867 4366 1228 4432; x_wconf 87' lang='lat' dir='ltr'><strong>compingens,</strong></span> <span class='ocrx_word' id='word_1_520' title='bbox 1265 4365 1466 4431; x_wconf 83' lang='lat' dir='ltr'><strong>ingenii</strong></span> <span class='ocrx_word' id='word_1_521' title='bbox 1502 4363 1585 4415; x_wconf 90' lang='lat' dir='ltr'><strong>sui</strong></span> <span class='ocrx_word' id='word_1_522' title='bbox 1609 4364 1765 4414; x_wconf 84' lang='lat' dir='ltr'><strong>nobis</strong></span> <span class='ocrx_word' id='word_1_523' title='bbox 1788 4368 2131 4414; x_wconf 87' lang='lat' dir='ltr'><strong>monumenta</strong></span> <span class='ocrx_word' id='word_1_524' title='bbox 2166 4363 2408 4413; x_wconf 87' lang='lat' dir='ltr'><strong>dimisit.“</strong></span> <span class='ocrx_word' id='word_1_525' title='bbox 2437 4391 2503 4400; x_wconf 89' lang='lat'><strong>—-</strong></span> <span class='ocrx_word' id='word_1_526' title='bbox 2526 4362 2611 4412; x_wconf 92' lang='lat' dir='ltr'><strong>De</strong></span> <span class='ocrx_word' id='word_1_527' title='bbox 2635 4362 2731 4412; x_wconf 84' lang='lat' dir='ltr'><strong>vir.</strong></span> <span class='ocrx_word' id='word_1_528' title='bbox 2756 4361 2829 4411; x_wconf 90' lang='lat' dir='ltr'><strong>ill.</strong></span> <span class='ocrx_word' id='word_1_529' title='bbox 2856 4378 2903 4412; x_wconf 93' lang='lat' dir='ltr'><strong>c.</strong></span> <span class='ocrx_word' id='word_1_530' title='bbox 2930 4363 3013 4412; x_wconf 81' lang='grc'><strong>26.</strong></span> 
     </span>
     <span class='ocr_line' id='line_1_46' title="bbox 533 4448 3011 4518; baseline -0.001 -17"><span class='ocrx_word' id='word_1_531' title='bbox 533 4468 586 4518; x_wconf 90' lang='lat' dir='ltr'><strong>p.</strong></span> <span class='ocrx_word' id='word_1_532' title='bbox 613 4451 696 4505; x_wconf 81' lang='lat'><strong>95.</strong></span> <span class='ocrx_word' id='word_1_533' title='bbox 723 4479 788 4488; x_wconf 88' lang='lat'>—</span> <span class='ocrx_word' id='word_1_534' title='bbox 817 4452 999 4518; x_wconf 81' lang='lat' dir='ltr'><strong>„Legi,</strong></span> <span class='ocrx_word' id='word_1_535' title='bbox 1037 4453 1210 4518; x_wconf 83' lang='lat' dir='ltr'><strong>inquit</strong></span> <span class='ocrx_word' id='word_1_536' title='bbox 1245 4466 1287 4502; x_wconf 91' lang='lat' dir='ltr'><strong>s.</strong></span> <span class='ocrx_word' id='word_1_537' title='bbox 1314 4451 1697 4516; x_wconf 79' lang='lat' dir='ltr'><strong>Hieronymus,</strong></span> <span class='ocrx_word' id='word_1_538' title='bbox 1734 4451 1835 4502; x_wconf 90' lang='lat' dir='ltr'><strong>sub</strong></span> <span class='ocrx_word' id='word_1_539' title='bbox 1873 4451 2085 4502; x_wconf 90' lang='lat' dir='ltr'><strong>nomine</strong></span> <span class='ocrx_word' id='word_1_540' title='bbox 2122 4451 2237 4500; x_wconf 89' lang='lat' dir='ltr'><strong>eius</strong></span> <span class='ocrx_word' id='word_1_541' title='bbox 2272 4451 2329 4499; x_wconf 91' lang='lat' dir='ltr'><strong>in</strong></span> <span class='ocrx_word' id='word_1_542' title='bbox 2358 4448 2714 4514; x_wconf 83' lang='lat' dir='ltr'><strong>Evangelium</strong></span> <span class='ocrx_word' id='word_1_543' title='bbox 2749 4464 3011 4499; x_wconf 89' lang='lat' dir='ltr'><strong>commen·</strong></span> 
     </span>
     <span class='ocr_line' id='line_1_47' title="bbox 534 4535 3011 4604; baseline -0 -16"><span class='ocrx_word' id='word_1_544' title='bbox 534 4539 759 4602; x_wconf 82' lang='lat' dir='ltr'><strong>tarios“;</strong></span> <span class='ocrx_word' id='word_1_545' title='bbox 797 4540 888 4604; x_wconf 90' lang='lat' dir='ltr'><strong>qui</strong></span> <span class='ocrx_word' id='word_1_546' title='bbox 913 4543 1091 4588; x_wconf 91' lang='lat' dir='ltr'><strong>tamen</strong></span> <span class='ocrx_word' id='word_1_547' title='bbox 1129 4555 1170 4588; x_wconf 88' lang='lat' dir='ltr'><strong>s.</strong></span> <span class='ocrx_word' id='word_1_548' title='bbox 1195 4539 1418 4589; x_wconf 89' lang='lat' dir='ltr'><strong>Doctori</strong></span> <span class='ocrx_word' id='word_1_549' title='bbox 1443 4553 1562 4588; x_wconf 91' lang='lat' dir='ltr'><strong>cum</strong></span> <span class='ocrx_word' id='word_1_550' title='bbox 1593 4537 1921 4587; x_wconf 78' lang='lat' dir='ltr'><strong>voluminum</strong></span> <span class='ocrx_word' id='word_1_551' title='bbox 1956 4535 2238 4602; x_wconf 87' lang='lat' dir='ltr'><strong>Theophili</strong></span> <span class='ocrx_word' id='word_1_552' title='bbox 2268 4536 2567 4601; x_wconf 79' lang='lat' dir='ltr'><strong>„elegantia</strong></span> <span class='ocrx_word' id='word_1_553' title='bbox 2592 4542 2645 4585; x_wconf 88' lang='lat' dir='ltr'><strong>et</strong></span> <span class='ocrx_word' id='word_1_554' title='bbox 2668 4535 2866 4601; x_wconf 90' lang='lat' dir='ltr'><strong>phrasi,</strong></span> <span class='ocrx_word' id='word_1_555' title='bbox 2904 4551 3011 4587; x_wconf 89' lang='lat' dir='ltr'><strong>non</strong></span> 
     </span>
     <span class='ocr_line' id='line_1_48' title="bbox 533 4622 3013 4691; baseline -0.001 -17"><span class='ocrx_word' id='word_1_556' title='bbox 533 4625 839 4675; x_wconf 82' lang='lat' dir='ltr'><strong>viderentur</strong></span> <span class='ocrx_word' id='word_1_557' title='bbox 874 4630 1214 4690; x_wconf 83' lang='lat' dir='ltr'><strong>congruere.“</strong></span> <span class='ocrx_word' id='word_1_558' title='bbox 1262 4625 1334 4675; x_wconf 89' lang='lat' dir='ltr'><strong>ib.</strong></span> <span class='ocrx_word' id='word_1_559' title='bbox 1371 4625 1586 4674; x_wconf 88' lang='lat' dir='ltr'><strong>Interim</strong></span> <span class='ocrx_word' id='word_1_560' title='bbox 1631 4625 1799 4691; x_wconf 80' lang='lat' dir='ltr'><strong>praef.</strong></span> <span class='ocrx_word' id='word_1_561' title='bbox 1838 4639 2023 4674; x_wconf 90' lang='lat' dir='ltr'><strong>comm.</strong></span> <span class='ocrx_word' id='word_1_562' title='bbox 2062 4639 2177 4688; x_wconf 89' lang='lat' dir='ltr'><strong>sup.</strong></span> <span class='ocrx_word' id='word_1_563' title='bbox 2214 4623 2401 4674; x_wconf 88' lang='lat' dir='ltr'><strong>Matth.</strong></span> <span class='ocrx_word' id='word_1_564' title='bbox 2450 4622 2685 4674; x_wconf 81' lang='lat' dir='ltr'><strong>volvisse</strong></span> <span class='ocrx_word' id='word_1_565' title='bbox 2722 4637 2780 4673; x_wconf 86' lang='lat' dir='ltr'><strong>se</strong></span> <span class='ocrx_word' id='word_1_566' title='bbox 2816 4623 3013 4674; x_wconf 79' lang='lat' dir='ltr'><strong>fatetur</strong></span> 
     </span>
    </p>
   </div>
   <div class='ocr_carea' id='block_1_3' title="bbox 3222 1994 3238 2656">
    <p class='ocr_par' dir='ltr' id='par_1_3' title="bbox 3222 1994 3238 2656">
     <span class='ocr_line' id='line_1_49' title="bbox 3222 1994 3238 2656; baseline 0 0"><span class='ocrx_word' id='word_1_567' title='bbox 3222 1994 3238 2656; x_wconf 95' lang='lat' dir='ltr'><strong> </strong></span> 
     </span>
    </p>
   </div>
  </div>
 </body>
</html>
