3267 5259
996 466 1285 515 Genealogiso
1313 469 1358 507 S.
1376 464 1591 507 Matthaei
1618 468 1668 507 et
1693 468 1737 507 S.
1758 466 1916 508 Lucas.
2583 456 2703 520 187

190 650 369 702 tatur
423 645 745 703 Jeehoniae
763 691 777 717 ,
826 649 925 724 qui
980 647 1223 722 proinde
1276 665 1587 703 numerum
1636 652 1909 704 exactum
1963 648 2252 705 decimum
2297 654 2356 705 et
2407 654 2702 725 quartum,

188 750 449 806 secundi
495 750 725 807 ordinis
772 750 1011 807 claudit.
1072 750 1219 807 Cum
1263 768 1407 807 vero
1450 770 1495 807 s.
1529 751 1864 807 Matthaeus
1909 752 2109 808 eodem
2155 752 2322 809 modo
2367 753 2436 809 de
2474 752 2707 809 Christo

192 854 491 931 loquatur
536 858 715 931 atque
756 855 826 911 de
856 854 1115 925 Davide3
1162 853 1431 911 Christus
1463 874 1535 911 ex
1568 854 1982 928 Evangelistae
2027 855 2300 913 instituto
2345 856 2418 913 ad
2463 857 2707 913 tertium

194 957 383 1032 plane
431 976 671 1015 censum
716 960 991 1033 pertinet.
1052 959 1177 1015 Nee
1204 960 1275 1015 de
1304 960 1414 1016 hoe
1444 978 1562 1015 esse
1606 959 1824 1035 poterit
1867 960 2143 1031 dubium,
2196 963 2246 1016 si
2275 960 2704 1017 animadverte·-

194 1062 399 1117 rimus
461 1081 581 1118 non
642 1062 1044 1135 generationes
1104 1064 1359 1133 activas,
1434 1064 1531 1119 sed
1592 1064 1853 1137 passivas
1912 1064 1955 1121 i.
2002 1083 2052 1120 e.
2115 1082 2386 1139 personas
2461 1064 2614 1139 ipsas
2673 1082 2708 1121 a

192 1188 245 1223 s.
276 1166 589 1223 Matthaeo
620 1172 957 1223 numeratas
987 1186 1123 1222 esse.
1177 1166 1481 1223 Joakimus
1512 1186 1650 1239 ergo
1679 1167 1879 1223 eadem
1911 1169 1981 1225 de
2013 1185 2186 1225 causa
2213 1166 2449 1225 silentio
2479 1172 2705 1243 praete-

194 1272 363 1327 ritus
398 1272 475 1327 ab
505 1270 905 1343 Evangelista,
940 1289 1015 1326 ex
1046 1288 1163 1347 qua
1192 1274 1311 1327 tres
1340 1289 1503 1343 reges
1534 1290 1714 1346 supra
1743 1272 2086 1341 memorati3
2133 1290 2209 1328 so.
2243 1273 2394 1349 quod
2427 1292 2462 1329 a
2492 1271 2708 1329 tabulis

194 1374 467 1449 publicis
498 1376 739 1433 abesset.
804 1376 915 1431 Ast
944 1376 1306 1450 expedienda
1338 1380 1517 1431 restat
1548 1374 1898 1433 difficultas:
1946 1377 1995 1432 si
2036 1377 2520 1454 quemadmodum
2550 1395 2706 1433 sum-

196 1479 397 1535 simus
444 1480 625 1535 tertia
668 1480 844 1535 series
896 1498 929 1537 a
974 1478 1293 1536 Salathiele
1348 1480 1589 1536 initium
1643 1481 1853 1551 habet,
1911 1482 2193 1557 quomodo
2245 1485 2448 1539 tuetur
2497 1500 2707 1539 nomen

192 1603 405 1652 suum,
438 1583 743 1640 duodecim
772 1583 1083 1641 dumtaxat
1111 1584 1332 1641 Christi
1362 1584 1764 1659 progenitores
1793 1602 2126 1653 recensens3
2167 1585 2380 1663 quibus
2409 1586 2602 1660 ipsum
2631 1586 2705 1642 ad

196 1695 553 1745 extremum
598 1689 885 1745 decimum
931 1690 1175 1746 tertium
1219 1689 1521 1761 adiungit3
1570 1707 1648 1745 an
1693 1708 1810 1745 non
1852 1689 1942 1745 ita
1983 1690 2038 1745 d.
2086 1690 2420 1747 Matthaeus
2465 1689 2706 1747 oonsilio

196 1792 497 1849 defuisset
520 1790 663 1849 suo?
706 1792 935 1850 Revera
958 1812 1145 1871 neque
1174 1794 1285 1849 hac
1314 1793 1634 1850 obiectione
1666 1793 1957 1850 evertitur
1987 1794 2126 1851 ordo
2155 1796 2256 1851 abs
2299 1795 2465 1851 nobis
2499 1814 2707 1870 propo-

198 1898 380 1953 situs·
449 1896 800 1971 Deipara
844 1898 1046 1954 enim
1084 1916 1233 1953 una
1270 1901 1383 1954 est
1428 1916 1517 1953 ex
1558 1898 2159 1973 quatuordeeim
2195 1897 2377 1955 illis
2423 1898 2711 1956 ultima

196 2022 249 2057 S.
286 2000 587 2058 Matthaei
618 2002 767 2057 serie
799 2002 1176 2077 eomputatis;
1226 2003 1285 2059 id
1331 2000 1503 2076 plane
1534 2001 1725 2059 voluit
1767 2001 2210 2079 vindicavitque
2254 2023 2298 2059 s.
2331 2002 2712 2076 Evangelista

200 2105 414 2161 verbis
446 2105 539 2175 ,de
568 2124 687 2181 qua
716 2110 885 2162 natus
916 2111 1003 2162 est
1030 2106 1237 2161 Jesus.‘
1290 2110 1343 2175 1,
1377 2109 1475 2163 16.
1523 2103 1747 2161 Christi
1777 2125 1852 2161 ex
1883 2124 2045 2162 mera
2065 2105 2288 2164 femina
2315 2107 2520 2180 geniti,
2555 2106 2710 2164 nihil

202 2210 345 2265 viro
378 2208 493 2265 ulli
524 2208 737 2266 debens
760 2214 939 2279 ortus,
967 2228 1085 2266 non
1113 2210 1307 2283 potuit
1335 2228 1455 2266 non
1486 2210 1551 2267 in
1582 2228 1892 2267 numerum
1923 2212 2364 2285 progenitorum
2393 2211 2707 2286 imputari3

202 2312 511 2391 siquidem
540 2332 613 2370 ex
657 2332 800 2370 vero
845 2313 1227 2371 recensendus
1272 2318 1417 2371 erat.
1488 2314 1730 2371 Instant
1773 2314 1930 2371 ultro
1975 2316 2315 2386 adversarii,
2349 2317 2502 2372 unde
2533 2316 2712 2375 habet

202 2440 253 2474 s.
288 2417 631 2474 Matthaeus
678 2422 703 2473 1
727 2462 741 2487 ,
790 2420 887 2474 13.
922 2416 1258 2487 ,zorobabel
1288 2418 1493 2491 genuit
1523 2420 1778 2487 Abiud‘3
1829 2424 1888 2476 et
1917 2440 1976 2477 v.
2016 2424 2114 2477 12.
2172 2418 2476 2490 ,Salathiel
2506 2420 2712 2493 genuit

200 2521 575 2579 zorobabel!
608 2521 739 2578 Hoc
761 2520 950 2579 videri
975 2541 1301 2579 erroneum.
1336 2522 1654 2580 Enimvero
1671 2522 1702 2577 I
1723 2523 1859 2580 Par.
1882 2528 1936 2595 3,
1980 2529 2005 2580 1
2021 2528 2078 2580 9.
2100 2523 2318 2597 legitur
2343 2525 2434 2595 ,de
2451 2524 2712 2578 Phadaia

202 2626 327 2683 orti
376 2628 519 2681 sunt
560 2623 878 2681 Zorobabel
922 2628 981 2681 et
1027 2624 1235 2682 Semei.
1298 2625 1615 2683 Zorobabel
1661 2628 1866 2699 genuit
1917 2629 2231 2695 Mosollam,
2279 2628 2612 2695 Ηαηαηίατη,
2660 2636 2711 2683 et

200 2730 481 2783 Salomitlt
504 2746 761 2785 sororem
792 2732 1033 2785 eornm!
1078 2728 1395 2786 Zorobabel
1427 2748 1563 2803 ergo
1594 2736 1837 2805 parente
1867 2732 2130 2788 Phadaia
2160 2736 2330 2789 natus
2361 2732 2566 2805 genuit
2595 2750 2706 2803 eos,

202 2852 359 2911 quos
394 2838 653 2895 recenset
706 2833 893 2891 dietus
939 2833 1113 2903 loeus,
1149 2834 1399 2890 Abiudis
1446 2840 1642 2890 autem
1687 2833 1854 2891 nulla
1881 2836 1952 2893 fit
1981 2837 2221 2892 mentio.
2276 2835 2710 2911 Respondemus

198 2936 629 2995 zorobabelem
659 2938 725 2994 in
756 2936 795 2995 l.
829 2937 1317 3013 Paralipomenon
1360 2942 1874 2994 oommemoratum
1891 2982 1904 3009 ,
1950 2940 2052 3015 qui
2084 2940 2290 3011 genuit
2319 2936 2620 2996 Mosollam
2653 2946 2712 2997 et

204 3042 617 3113 Hannaniam,
638 3061 757 3099 non
780 3062 899 3099 esse
919 3043 1183 3113 eundem,
1204 3044 1273 3100 de
1292 3061 1405 3119 quo
1424 3042 1690 3119 loquitur
1707 3062 1750 3097 s.
1765 3043 2116 3113 Matthaeus,
2137 3044 2238 3120 qui
2265 3044 2470 3117 genuit
2490 3042 2706 3101 Abiud.

208 3146 305 3201 (Ὗ.
344 3146 687 3215 Patritium,
726 3146 845 3203 III.
878 3147 1011 3204 dise.
1047 3146 1171 3216 IX,
1214 3151 1309 3203 16.
1337 3165 1393 3220 p.
1428 3150 1524 3203 77.
1558 3150 1654 3201 78.
1702 3145 1968 3219 Pergunt
1997 3147 2264 3204 obiicere.
2312 3146 2706 3218 Salathiel,

202 3250 315 3327 qui
364 3250 573 3323 genuit
616 3248 1054 3319 zorobabelem,
1104 3248 1371 3306 filium
1413 3249 1450 3306 J
1468 3250 1842 3306 eohoniae
1893 3250 2009 3307 dioi
2063 3252 2216 3325 apud
2261 3271 2307 3308 s.
2341 3250 2710 3309 Mat-thaeum

212 3362 271 3418 1,
308 3358 441 3421 12.;
474 3354 647 3409 iuxta
674 3373 721 3409 s.
744 3352 963 3409 Lucam
992 3372 1133 3409 vero
1166 3358 1223 3423 3,
1254 3358 1353 3410 27.
1384 3352 1579 3410 filium
1608 3354 1659 3409 N
1687 3356 1801 3410 eri
1832 3354 2143 3411 exstitisse.
2193 3356 2392 3413 Unum
2434 3355 2709 3412 eundem-

204 3477 327 3535 que
358 3458 515 3532 apud
546 3462 865 3535 utrumque
894 3456 1337 3531 Evangelistam
1382 3458 1668 3515 recenseri
1715 3459 2106 3531 :ignominium
2153 3463 2462 3535 propterea
2503 3458 2709 3535 opina-

206 3581 351 3618 mur
382 3560 761 3618 Salathielem
794 3561 971 3618 fuisse
1016 3562 1209 3618 filium
1240 3564 1517 3616 carnalem
1544 3561 1884 3633 Jeohoniae,
1919 3561 2222 3637 legalem
2251 3582 2391 3621 vero
2419 3562 2512 3619 τοῦ
2541 3564 2706 3620 Neri.

208 3666 443 3722 Verum
488 3664 679 3721 adhue
722 3665 1124 3737 interrogant:
1174 3684 1279 3723 eur
1331 3666 1562 3723 dicatur
1606 3668 1670 3723 in
1715 3668 1913 3723 eadem
1967 3666 2183 3725 tabella
2233 3673 2258 3723 1
2282 3711 2295 3736 ,
2351 3672 2448 3725 11.
2523 3668 2710 3724 Josias

210 3770 451 3846 pridem
482 3774 743 3827 mortuus
764 3769 802 3825 J
804 3769 1106 3826 eohoniam
1136 3774 1405 3844 nepotem
1429 3774 1489 3826 et
1511 3770 1726 3827 fratres
1758 3770 1822 3827 in
1853 3772 2368 3844 transmigratione
2389 3771 2712 3847 Babylonis

210 3872 527 3948 genuisse?
588 3874 683 3929 Ad
729 3873 881 3929 hano
924 3872 1325 3950 quaestionem
1357 3874 1797 3949 respondemus:
1844 3874 1973 3931 Hoo
2003 3894 2120 3932 non
2163 3876 2248 3933 sio
2286 3876 2705 3950 accipiendum,

208 3978 381 4055 quasi
414 3976 509 4033 illi
558 3982 689 4051 post
730 3978 1308 4049 transmigrationem
1355 3978 1542 4050 geniti
1574 3979 1714 4035 sint.
1777 3978 1930 4035 Nam
1960 3979 2266 4036 Jeohonias
2310 3980 2594 4036 abductus
2624 3985 2712 4035 est

206 4083 503 4157 captivus,
538 4085 601 4136 et
627 4080 757 4136 ideo
786 4085 961 4137 antea
989 4082 1223 4154 genitus
1251 4080 1464 4138 fuerat.
1526 4081 1910 4155 Evangelista
1946 4082 2182 4157 scripsit
2227 4077 2334 4154 ,ἐπὶ
2373 4084 2472 4153 τῆς
2519 4098 2708 4153 μετοι-

206 4183 401 4252 κεσίας
446 4179 805 4253 Βαβυλῶνοςι
858 4189 911 4253 1,
952 4190 979 4241 1
996 4190 1086 4253 1.;
1134 4186 1287 4263 quod
1330 4186 1485 4243 eirea
1514 4216 1595 4227 --—
1632 4180 1720 4241 ἐπὶ
1757 4204 1890 4242 oum
1935 4185 2249 4243 latitudine
2293 4184 2494 4263 aliqua
2538 4184 2712 4261 plura

208 4287 659 4363 comprehendit
690 4294 953 4363 tempora
978 4320 1059 4329 —-
1082 4292 1169 4344 vel
1198 4292 1299 4343 sub
1348 4290 1846 4361 tranmiqrationio
1877 4296 2107 4343 aetatem
2153 4291 2277 4345 nati
2319 4290 2457 4347 sint.
2507 4290 2710 4367 Neque

210 4394 649 4452 incommodum
712 4396 801 4448 est
852 4392 885 4448 I
931 4392 1067 4450 Par.
1113 4398 1179 4463 3,
1234 4397 1331 4451 15.
1382 4397 1481 4451 16.
1528 4392 1665 4467 legi.
1751 4391 1914 4463 ‚Filii
1968 4396 2163 4449 autem
2219 4393 2410 4450 Josiae
2467 4392 2712 4452 fuerunt

206 4500 525 4557 Johannan
546 4542 561 4567 ‚
610 4496 649 4551 J
652 4494 877 4565 oakim,
920 4494 1181 4553 Sedeoias
1201 4542 1214 4566 ‚
1249 4496 1489 4554 Sellum.
1566 4496 1655 4554 De
1683 4496 1918 4554 Joakim
1965 4503 2137 4553 natus
2183 4502 2270 4554 est
2297 4497 2605 4557 Jeehonias
2651 4503 2710 4556 et

208 4604 527 4671 Sedeeias‘3
578 4620 657 4657 ex
704 4618 820 4676 quo
864 4604 1088 4657 constat
1128 4600 1165 4657 J
1166 4600 1467 4659 oakimum
1510 4600 1690 4658 fuisse
1727 4606 1956 4677 patrem
2001 4600 2332 4659 naturalem
2375 4603 2706 4661 Jeohoniae.
