3267 5259
1170 471 1369 525 Epistola
1394 472 1448 513 ui
1476 470 1672 515 oniam.
2535 458 2665 525 385

176 644 301 711 illos
332 646 689 732 pertinere,
725 647 837 733 qui
866 645 997 711 fide
1026 646 1319 711 nituntur
1341 650 1381 710 ¹.
1442 646 1615 712 Item
1646 669 1682 711 e
1717 645 1918 712 verbo
1954 645 2174 712 divino
2207 644 2608 732 Prophetico
2629 647 2656 689 ²

178 758 517 824 manifesto
560 757 862 845 intelligi:
908 760 1297 825 iustitiam
1337 781 1433 823 ex
1471 758 1669 824 fiide
1717 782 1882 843 esse,
1942 760 2012 823 in
2050 782 2183 846 qua
2215 760 2352 823 vita
2398 760 2662 844 promit-

178 874 380 937 1111113.
414 872 482 935 A
504 871 671 937 dura
686 874 999 937 servitute
1023 870 1223 957 Legis
1247 894 1369 958 per
1384 871 1430 937 J
1432 894 1615 937 esum
1636 870 1964 937 Christum
1996 871 2405 937 miserandae
2437 873 2664 937 mortis

178 1008 383 1071 poena
430 985 771 1069 affectum,
816 1008 937 1051 nos
982 985 1313 1051 redemtos
1360 1008 1503 1051 esse
1550 987 1792 1051 sentire
1839 985 2174 1051 debemus.
2251 960 2664 1050 Redemtoris

178 1107 375 1162 morte
426 1107 495 1163 et
549 1097 708 1164 illud
762 1099 1011 1164 factum
1060 1120 1233 1164 esse:
1280 1108 1352 1164 ut
1396 1122 1529 1164 non
1574 1099 1770 1165 modo
1819 1097 2078 1183 Judaei,
2123 1120 2352 1163 verum
2411 1097 2664 1161 alienae

180 1232 437 1297 quoque
468 1212 767 1275 nationes
796 1212 1105 1276 iustitiam
1136 1209 1443 1277 Abrahae
1475 1213 1864 1297 promissam
1909 1192 2393 1298 consequantur
2410 1213 2456 1273 ⁴.
2505 1208 2652 1290 Quo

182 1322 390 1387 divina
409 1333 479 1388 et
502 1323 813 1389 coelestia
842 1322 1097 1389 facilius
1129 1334 1445 1411 caperent
1470 1324 1770 1408 Galatae,
1797 1325 1976 1389 facta
1997 1325 2368 1391 testamenti
2391 1323 2658 1389 humani

182 1434 556 1517 collatione,
627 1434 849 1501 docet:
919 1438 1417 1522 promissionem
1484 1437 1614 1503 Dei
1660 1436 1970 1502 Abrahae
2017 1439 2276 1524 saepius
2321 1437 2666 1522 repetitam

178 1546 659 1633 Christumque,
708 1571 832 1614 6611
875 1550 1127 1635 prolem
1188 1551 1327 1615 eius
1372 1549 1808 1635 spectandum
1855 1572 2032 1634 esse3
2099 1549 2300 1615 veluti
2362 1547 2662 1613 haeredi-

180 1670 371 1725 tatem
422 1661 753 1747 quandam
814 1660 901 1727 ad
948 1684 1143 1748 quam
1204 1662 1577 1728 adeundam
1636 1664 1986 1749 requiritur
2044 1661 2238 1745 fides,
2306 1685 2440 1727 non
2506 1682 2664 1725 vero

182 1775 417 1838 iustitia
465 1796 550 1838 ex
594 1774 801 1860 Lege.
879 1774 991 1839 Sic
1053 1797 1221 1862 quae
1282 1778 1606 1841 recentior
1667 1776 1790 1841 fuit
1847 1776 1997 1840 Lex
2057 1776 2489 1861 antiquiorem
2535 1794 2667 1837 non

182 1886 450 1970 sustulit,
496 1909 713 1974 neque
761 1886 1003 1953 delevit
1032 1890 1528 1975 promissionem
1549 1894 1595 1951 ⁵.
1645 1889 1858 1953 Affert
1893 1910 2069 1953 nunc
2103 1887 2448 1974 quaedam,
2497 1908 2666 1972 61166

180 1998 257 2061 ab
286 1999 681 2065 adversariis
724 1999 893 2065 forte
934 2000 1427 2093 obiiciebantur,
1461 2024 1671 2088 eaque
1702 2002 2061 2088 prudenter
2105 1999 2416 2066 dissolvit.
2480 1998 2548 2063 Si
2582 1996 2667 2062 ad

180 2111 479 2175 iustitiam
526 2134 663 2177 non
702 2112 1005 2199 perducit
1030 2111 1199 2196 Lex,
1245 2123 1317 2177 ut
1362 2114 1538 2200 quid,
1583 2115 1814 2201 inquit,
1862 2136 2008 2179 eam
2039 2114 2212 2178 ferre
2245 2135 2410 2199 opus
2441 2110 2666 2176 erat?⁶

180 2221 341 2287 Lata
370 2224 497 2289 fuit
524 2224 675 2289 Lex
702 2226 1217 2292 ministrantibus
1250 2226 1515 2313 quidem
1546 2226 1797 2313 angelis
1818 2230 1861 2310 ⁷,
1895 2229 1961 2291 in
1991 2248 2192 2291 manu
2221 2224 2595 2291 mediatoris
2619 2226 2662 2289 3.

384 2470 423 2537 ¹)
460 2471 525 2523 Id
564 2472 709 2537 qnod
755 2472 935 2524 divino
984 2473 1311 2525 demonstrat
1346 2474 1581 2525 oraculo.
1631 2474 1764 2524 Gen.
1803 2475 1893 2535 13,
1931 2475 1980 2523 3.
2027 2471 2384 2537 Evangelinm
2417 2470 2666 2522 Abrahae

180 2558 491 2621 promissum
526 2558 633 2608 hoc
669 2562 767 2621 est,
804 2560 920 2611 fore
954 2566 1018 2609 111
1050 2562 1108 2611 111
1144 2562 1344 2612 semine
1390 2577 1489 2612 suo
1538 2576 1720 2611 omnes
1762 2565 1948 2626 gentes
1985 2560 2159 2610 661616
2196 2559 2538 2609 donarentur.
2597 2559 2671 2608 Et

180 2658 323 2705 sane,
361 2644 507 2709 quod
542 2644 793 2695 Abrahae
828 2647 1072 2712 promisit
1106 2648 1275 2710 Deus,
1310 2646 1416 2698 illis
1455 2646 1633 2710 efficit,
1674 2648 1766 2712 qui
1801 2650 2061 2713 promtam
2098 2651 2393 2711 sequuntur
2420 2645 2668 2696 Abrahae

180 2730 535 2781 obedientiam
581 2736 635 2781 et
678 2730 853 2782 fidem.
904 2735 965 2795 3,
1002 2734 1156 2783 6-9.
1217 2733 1419 2783 Contra
1464 2749 1588 2784 vero
1638 2748 1846 2795 omnes,
1895 2735 1988 2799 qni
2025 2732 2096 2782 ad
2130 2734 2386 2783 iustitiam
2419 2731 2668 2781 Abrahae

180 2818 489 2880 promissam
532 2834 631 2884 per
665 2818 827 2884 Legis
876 2834 1041 2885 opera
1083 2820 1365 2885 festinant3
1412 2824 1619 2870 tantum
1667 2821 1820 2871 abest
1863 2825 1924 2869 ut
1958 2819 2027 2869 ad
2065 2820 2167 2869 Dei
2212 2820 2436 2885 gratiam
2483 2834 2668 2883 perve-

180 2904 353 2967 niant,
395 2905 451 2954 in
490 2905 597 2955 illis
633 2906 899 2957 irascatur
932 2908 1111 2972 potius
1146 2908 1298 2957 Deus
1336 2912 1389 2957 61
1424 2912 1756 2970 succenseat,
1795 2911 2049 2973 tanquam
2084 2906 2250 2972 ipsius
2287 2905 2450 2971 Legis
2509 2906 2670 2955 Dent.

182 2991 273 3051 27,
306 2992 386 3041 26.
422 2994 793 3044 exsecratione
830 2993 1109 3045 damnatis.
1182 2992 1224 3058 ²)
1272 2994 1428 3055 Quod
1473 2998 1555 3044 661
1595 2994 1738 3044 Hah.
1774 2996 1834 3057 2,
1868 2996 1917 3044 4.
1991 2992 2032 3059 ³)
2070 2995 2129 3056 3,
2168 2994 2387 3043 10-12.
2447 2992 2529 3043 cf.
2566 2992 2670 3041 huc

182 3082 411 3127 attamen
448 3084 607 3129 caute
643 3079 741 3129 Th.
769 3080 1035 3142 Dassovii‚
1075 3080 1200 3131 diss.
1226 3081 1297 3130 ad
1323 3080 1441 3132 Gal.
1469 3082 1517 3143 3,
1547 3083 1629 3131 13.
1667 3082 1721 3130 in
1758 3080 1918 3132 Thes.
1943 3080 2016 3129 th.
2051 3097 2103 3145 p.
2139 3082 2256 3131 614.
2287 3098 2330 3131 s.
2379 3080 2669 3142 Hofmann,

184 3162 269 3212 die
294 3162 505 3215 Solu-ist.
532 3165 583 3215 d.
608 3166 675 3215 N.
700 3166 763 3216 T.
789 3166 860 3216 11.
888 3169 935 3229 1,
963 3168 1048 3217 62.
1072 3184 1114 3218 6.
1162 3167 1337 3233 Atque
1362 3167 1497 3217 haec
1521 3174 1603 3219 est
1641 3170 1934 3219 exsecratio
1960 3168 2055 3218 illa
2077 3168 2256 3233 Legis,
2295 3167 2380 3217 cui
2407 3169 2664 3232 interpre-

182 3250 375 3301 tandae
419 3254 675 3318 iungatur
722 3252 965 3304 doctrina
1001 3253 1053 3304 S.
1096 3254 1253 3305 Pauli
1289 3255 1359 3304 ad
1394 3256 1546 3306 Rom.
1582 3258 1652 3318 3.,
1699 3256 1792 3305 ubi
1828 3255 2006 3305 multis
2043 3255 2204 3320 Legis
2241 3256 2408 3320 ipsius
2446 3270 2670 3319 congru—

180 3337 391 3389 entibus
426 3340 770 3403 testimoniis,
818 3356 1001 3392 omnes
1038 3330 1110 3391 ad
1144 3357 1309 3393 unum
1344 3340 1586 3393 homines
1620 3346 1878 3394 nocentes
1915 3342 2046 3392 facit
2081 3347 2134 3391 61
2169 3357 2290 3392 1606
2327 3340 2670 3391 discessionis

182 3438 217 3471 a
238 3424 399 3490 Lege.
452 3426 702 3477 Ceterum
740 3432 795 3477 et
817 3427 873 3477 in
900 3427 1018 3479 aliis
1057 3443 1217 3493 quam
1251 3428 1493 3494 plurimis
1530 3430 1786 3480 convenit
1820 3434 2187 3495 argumentum
2223 3426 2380 3478 huius
2413 3426 2672 3493 epistolae

182 3525 307 3559 cum
342 3528 405 3562 66
440 3527 581 3578 quae
605 3513 675 3563 ad
700 3514 970 3566 Romanos
1005 3516 1265 3581 inscripta
1288 3520 1384 3567 est.
1434 3516 1497 3565 V.
1526 3514 1893 3581 Sei-mandam,
1931 3515 2000 3565 ad
2024 3514 2075 3565 h.
2101 3515 2134 3564 1.
2169 3532 2220 3581 p.
2246 3516 2330 3565 43.
2368 3518 2422 3563 et
2456 3515 2670 3579 passim.

182 3598 225 3659 ⁴)
266 3598 349 3647 Ea
380 3599 435 3649 in
471 3614 531 3650 se
568 3602 809 3651 continet
852 3600 1010 3651 fidem
1054 3603 1381 3653 remissionis
1428 3607 1770 3669 peccatorum
1808 3619 1872 3653 ex
1909 3603 2165 3653 immenso
2211 3601 2408 3651 Christi
2455 3604 2670 3665 merit03

178 3699 281 3747 per
306 3700 460 3749 quam
486 3686 645 3737 datur
681 3686 921 3737 credenti
944 3687 1171 3754 Spiritus
1198 3687 1269 3751 8.,
1307 3706 1411 3755 660
1439 3690 1575 3740 11666
1602 3704 1766 3755 opera
1789 3689 1924 3739 flunt
1943 3690 2064 3740 Deo
2092 3694 2331 3755 accepta.
2371 3690 2420 3751 3,
2449 3690 2669 3739 13-14,

182 3771 223 3831 ⁵)
252 3774 307 3831 3,
327 3774 543 3823 15-18,
570 3773 851 3834 Quomodo
876 3775 1221 3840 computandi
1245 3776 1353 3826 61111
1368 3778 1471 3827 430
1492 3777 1633 3838 anni,
1661 3776 1726 3826 de
1753 3776 1946 3841 quibus
1971 3776 2146 3841 agitur
2169 3778 2218 3837 3,
2236 3777 2336 3837 17„
2365 3774 2564 3825 dictum
2589 3778 2671 3823 est

180 3857 237 3907 in
256 3858 331 3907 H.
348 3859 409 3909 R.
426 3860 495 3909 D.
516 3860 581 3909 V.
600 3860 665 3909 Τ.
684 3877 736 3925 p.
758 3862 844 3910 52.
882 3860 923 3926 ⁶)
949 3862 1031 3911 De
1050 3862 1213 3927 Legis
1232 3862 1429 3925 officio,
1456 3864 1802 3913 diuturnitate
1823 3868 1876 3912 et
1895 3861 2092 3913 latione
2113 3861 2373 3927 disputat:
2399 3862 2456 3910 in
2476 3861 2670 3926 quibus

178 3943 345 3993 solita
386 3946 479 3996 illa
522 3962 623 3997 sna
668 3952 901 4013 augusta
936 3953 990 3998 61
1026 3950 1242 3999 60116166
1277 3948 1538 3999 brevitate
1576 3948 1838 4011 declarat,
1890 3963 2028 4014 quae
2065 3948 2328 3998 habentur
2361 3951 2420 4008 3,.
2450 3949 2668 3997 19-27.

183 4030 225 4094 7)
264 4032 351 4080 Ι)6
384 4049 489 4098 6110
526 4034 820 4084 ministerio
856 4034 1089 4100 loquitur
1126 4036 1284 4085 etiam
1322 4035 1375 4085 S.
1403 4034 1706 4101 Stephanus
1743 4036 1858 4084 Act.
1889 4036 1934 4097 7,
1961 4036 2044 4084 38.
2069 4037 2171 4096 53.,
2211 4038 2264 4083 61
2288 4033 2576 4099 Apostolus
2601 4032 2670 4082 ad

180 4117 350 4167 Hebr.
374 4121 421 4179 2,
448 4121 497 4169 2.
547 4118 589 4187 8)
614 4120 680 4169 111
703 4120 767 4170 T.
794 4120 857 4171 Ο.
883 4120 1108 4186 legimus
1144 4124 1195 4184 3,
1221 4124 1306 4171 20.
1343 4119 1631 4189 ,,μ·εσ11ης“,
1669 4136 1808 4187 61166
1832 4137 1935 4171 vox
1961 4120 2304 4171 mediatorem
2331 4124 2386 4169 et
2421 4119 2670 4169 concilia-

178 4210 355 4252 torem
381 4210 538 4271 atque
578 4221 788 4255 omnem
814 4208 904 4271 qui
937 4208 1077 4258 inter
1112 4208 1245 4258 duas
1280 4212 1461 4274 partes
1497 4208 1728 4258 medium
1753 4223 1812 4259 se
1837 4208 2126 4272 interponit
2160 4205 2441 4271 significat.
2489 4206 2670 4256 Locus

176 4292 282 4338 iste
314 4290 443 4340 inter
472 4292 842 4343 vexatissimos
869 4291 922 4342 S.
944 4292 997 4343 S.
1022 4298 1315 4359 reputatur.
1362 4295 1682 4345 Tercentum
1709 4296 1820 4345 fere
1848 4294 2139 4345 tentamina
2163 4297 2510 4343 numerantur
2535 4294 2671 4343 eius-

177 4376 309 4425 dem
335 4393 543 4427 sensnm
582 4378 917 4442 enucleandi,
956 4395 1094 4445 6666
1120 4380 1348 4431 60116616
1373 4386 1425 4431 61
1449 4381 1519 4430 ad
1544 4381 1803 4446 quasdam
1827 4381 2033 4447 species
2059 4384 2314 4430 revocata
2337 4380 2674 4444 reperiuntur

177 4465 235 4512 in
272 4462 481 4529 Koppe,
517 4465 657 4515 Nov.
683 4465 829 4517 Test-
855 4482 933 4531 gr.
956 4482 1105 4533 perp.
1132 4481 1255 4517 ann.
1280 4467 1355 4517 ill.
1380 4484 1429 4517 v.
1462 4467 1554 4517 VI.
1582 4467 1665 4517 ed.
1693 4470 1744 4517 3.
1779 4482 1832 4533 p.
1872 4468 1986 4517 128.
2023 4483 2134 4517 6116.
2171 4466 2291 4516 VH.
2339 4466 2428 4517 Fr.
2461 4468 2672 4528 Bonita,

176 4548 527 4613 plurimorum
566 4549 633 4599 de
669 4549 705 4599 1.
742 4552 801 4600 P.
840 4550 955 4601 Gal.
992 4554 1051 4615 3,
1087 4554 1169 4603 20.
1219 4558 1353 4603 66111.
1390 4567 1558 4603 exam.
1597 4553 1745 4617 Lips.
1785 4554 1936 4610 1800.
1985 4553 2169 4605 Eiusd.
2209 4552 2566 4619 Specilcgium
2603 4552 2672 4603 ad

174 4635 283 4685 loc.
316 4634 431 4687 Gal.
455 4639 505 4699 3,
540 4638 625 4687 20.
653 4637 725 4686 ib.
754 4638 903 4687 1802.
952 4638 1049 4689 Τ11.
1075 4640 1270 4702 Δ111011,
1299 4640 1332 4689 1.
1360 4638 1477 4689 Gal.
1505 4642 1553 4702 3,
1582 4642 1666 4690 20.
1693 4656 1766 4689 61.
1801 4640 1852 4689 11.
1891 4656 2040 4707 exeg.
2066 4642 2170 4691 Vit.
2201 4642 2351 4691 1802.
2399 4640 2500 4692 Τ11.
2535 4640 2672 4703 Keil,

290 4728 499 4779 Dsnko.
528 4730 647 4771 nist.
678 4730 976 4772 Revelationis
1003 4732 1193 4773 divinae.
1222 4732 1277 4772 11.
2297 4729 2364 4776 25
