3267 5259
617 407 699 471 38
1286 416 1402 457 nist.
1434 416 1541 457 sev.
1570 416 1660 456 aiv.
1691 414 1746 457 u.
1773 414 1822 455 τ.
1853 414 2022 455 renos.
2051 414 2088 455 1.
2107 424 2200 465 ap.
2230 412 2431 464 primun.

632 596 785 655 1703,
820 594 862 653 Ι,
896 595 979 643 38.
1012 610 1053 642 s.
1091 592 1143 642 J.
1176 590 1241 641 G.
1269 590 1656 649 Rosenmssller‚
1683 588 1902 639 Scholia
1925 590 1982 639 in
2007 589 2072 638 N.
2097 588 2161 637 T.
2187 588 2312 639 Nor.
2353 590 2504 639 1801.
2543 588 2586 637 Ι.
2625 590 2708 639 68.
2737 587 2792 639 S.
2817 588 3100 646 annuet,

626 683 771 731 Neue
798 679 1075 730 ansichten
1100 678 1259 729 schxv.
1286 678 1363 727 St.
1390 692 1437 727 a.
1464 677 1515 725 d.
1540 677 1633 727 lv.
1657 677 1760 725 Ev.
1788 675 1966 725 Gotha
1991 676 2141 725 1819.
2167 692 2218 739 p.
2245 678 2330 725 20.
2355 692 2398 725 s.
2447 674 2756 737 Feilmoser,
2789 675 2828 724 l.
2853 690 2898 724 c.
2925 677 3040 725 219.
3063 692 3100 724 s.

622 768 681 818 C.
708 768 769 817 T.
794 765 1043 827 Kuinoel‚
1072 765 1271 815 Comm.
1300 781 1381 813 ev.
1408 764 1595 813 Matth.
1620 764 1704 813 ed.
1731 762 1829 811 ΙΙΙ.
1857 780 1908 828 p.
1935 764 2020 812 81.
2045 779 2088 813 s.
2126 762 2372 811 arbitrati
2397 768 2524 812 sunt
2547 778 2658 827 per.
2693 758 2922 828 διάβολον
2959 762 3098 811 intel·

622 854 889 921 ligendum
926 868 1045 903 esse
1082 851 1481 901 fraudulentum
1516 850 1800 911 Judaeum,
1829 850 1922 915 qui
1957 849 2146 899 Jesum
2181 849 2469 899 identidem
2506 849 2832 907 convenerit„
2857 852 2912 897 et
2947 854 3006 897 ut
3039 863 3100 897 an

616 946 759 992 esset
778 940 1005 989 Messias
1032 938 1348 1004 exploraret.
1374 938 1585 987 Inventi
1608 940 1735 987 sunt
1758 952 1917 1001 porro
1952 936 2050 985 111.
2078 936 2172 985 alii
2195 938 2536 997 interpretes,
2576 936 2670 1001 qui
2693 934 2944 985 historias
2981 936 3100 984 istas

619 1028 851 1093 mythum
896 1026 1203 1076 historicum
1250 1024 1335 1075 vel
1378 1023 1808 1089 philosophicum
1845 1022 2109 1083 dicerent,
2147 1024 2252 1071 uti:
2285 1023 2338 1073 J.
2369 1022 2432 1071 Ο.
2469 1022 2684 1083 Thiess,
2717 1038 2772 1071 n.
2799 1021 2877 1069 kr.
2903 1021 3099 1071 Komm.

618 1120 669 1165 u.
704 1114 753 1163 d.
788 1114 852 1163 N.
886 1114 947 1161 T.
984 1111 1147 1162 Halle
1183 1114 1332 1161 1804.
1370 1111 1413 1171 1,
1449 1113 1533 1161 55.
1570 1126 1611 1160 s.
1659 1110 1712 1160 J.
1740 1108 1800 1158 C.
1827 1110 1888 1159 T.
1915 1109 2130 1169 Liiffler,
2167 1109 2222 1157 in
2257 1109 2308 1157 d.
2343 1109 2427 1158 Kl.
2465 1108 2612 1158 Schr.
2639 1109 2832 1159 lVeim.
2861 1112 3010 1159 1817.
3035 1110 3098 1167 ΙΙ,

620 1202 735 1261 166,
762 1218 805 1251 s.
832 1200 953 1249 Car.
978 1198 1065 1247 Fr.
1086 1198 1148 1247 A.
1166 1197 1458 1258 Fritzsche,
1484 1197 1585 1246 Ev.
1612 1194 1802 1246 Matth.
1827 1212 1880 1261 p.
1909 1198 2024 1245 172.
2051 1212 2092 1245 s.
2117 1195 2182 1245 L.
2209 1195 2403 1257 Usteri‚
2429 1196 2484 1245 iu
2509 1210 2632 1245 ann.
2659 1194 2736 1245 St.
2762 1212 2816 1245 ιι.
2839 1198 2932 1245 Kr.
2963 1199 3098 1247 1832.

618 1289 707 1337 IV.
742 1288 810 1337 D.
836 1287 925 1336 Fr.
952 1286 1193 1345 Strauss,
1230 1284 1326 1335 das
1359 1284 1547 1333 Leben
1579 1283 1631 1333 J.
1667 1282 1804 1332 Tub.
1843 1282 1992 1332 1835.
2029 1282 2074 1343 Ι,
2109 1284 2402 1332 396-428.
2448 1283 2512 1331 A.
2535 1282 2624 1331 Fr.
2661 1281 2904 1343 Gfrtirer,
2941 1284 3024 1332 die
3053 1282 3098 1331 h.

618 1374 773 1439 Sage.
810 1372 1000 1436 Stuttg.
1034 1373 1183 1423 1838.
1216 1371 1259 1433 Ι,
1294 1384 1343 1419 a.
1372 1372 1491 1420 379.
1528 1387 1571 1420 s.
1604 1368 1669 1419 G.
1701 1369 1768 1419 de
1801 1370 2006 1431 Wette,
2041 1369 2109 1418 Κ.
2147 1384 2194 1418 e.
2231 1368 2299 1418 H.
2343 1368 2426 1418 ed.
2457 1368 2699 1419 Messner
2733 1370 2920 1435 Leipz.
2961 1372 3096 1420 1857.

626 1462 671 1511 Ι.
694 1465 739 1521 1,
762 1462 845 1510 60.
882 1460 967 1508 w,
988 1459 1187 1522 Meyer,
1217 1458 1297 1507 kr.
1328 1474 1408 1507 ex.
1428 1458 1493 1507 K.
1514 1462 1565 1506 fl.
1586 1457 1638 1507 d.
1659 1457 1724 1507 E.
1743 1456 1932 1505 Matth.
1952 1474 2003 1521 p.
2029 1458 2144 1506 117.
2179 1455 2332 1505 Adde
2357 1456 2446 1505 IV.
2469 1456 2603 1507 alios
2641 1458 2735 1522 qui
2757 1472 2858 1506 ceu
2881 1458 3098 1523 parabo·

619 1548 727 1597 lam
750 1546 849 1597 has
876 1546 1125 1595 historias
1154 1544 1439 1595 sumendas
1466 1560 1583 1593 esse
1612 1543 1920 1607 voluerunt;
1947 1558 1978 1592 e
2004 1543 2200 1608 quibus
2219 1548 2402 1593 sunto:
2429 1542 2749 1594 Thaddaeus
2775 1558 2824 1593 a.
2845 1561 2886 1594 s.
2906 1545 3097 1594 Adamo

620 1662 685 1671 —
705 1635 936 1684 Dereser
956 1660 1023 1669 —
1042 1632 1129 1681 die
1154 1630 1685 1695 Vesuchungsgesch.
1717 1629 1839 1679 Chr.
1873 1629 1964 1679 erl.
1989 1629 2161 1680 Bouu.
2189 1631 2340 1680 1794.
2368 1629 2566 1691 Cunze,
2585 1630 2718 1695 quid
2741 1632 2808 1681 de
2831 1638 2960 1681 tent.
2987 1630 3098 1680 Chr.

618 1720 996 1773 statuendum?
1021 1720 1075 1769 in
1096 1718 1223 1783 Syll.
1252 1734 1435 1769 comm.
1464 1717 1623 1767 theol.
1652 1717 1732 1767 ed.
1761 1732 1796 1781 a
1819 1718 1945 1768 Pott
1969 1722 2023 1766 et
2046 1716 2294 1781 Ruperti,
2321 1716 2544 1767 Helmst.
2575 1718 2724 1768 1808.
2749 1716 2899 1777 VIII,
2925 1720 3040 1767 308.
3063 1734 3100 1767 s.

618 1808 707 1857 Fr.
730 1806 1197 1867 Schleiermacher,
1218 1810 1269 1855 ii.
1292 1804 1340 1854 d.
1364 1804 1644 1853 Schriften.
1664 1804 1715 1854 d.
1735 1804 1938 1853 Lukas.
1959 1820 2004 1853 c.
2025 1803 2106 1853 kr.
2125 1804 2274 1853 Vers.
2299 1802 2498 1853 Berlin.
2521 1806 2671 1854 1817.
2691 1804 2736 1867 1,
2761 1806 2844 1854 54.
2877 1822 2920 1855 s.
2957 1806 3020 1853 Ε.
3043 1805 3098 1853 Α.

618 1895 862 1955 Richter,
894 1894 1047 1945 form.
1076 1899 1204 1943 tent.
1236 1891 1424 1942 Matth.
1456 1891 1548 1940 IV.
1570 1906 1683 1956 par.
1701 1892 1809 1940 vit.
1841 1892 1990 1941 1823.
2033 1890 2096 1939 Δ.
2127 1889 2440 1951 Schweizer,
2471 1890 2549 1939 kr.
2569 1891 2823 1941 Dar-stell.
2843 1892 2896 1940 d.
2917 1892 3098 1941 Versu-

620 1980 1003 2045 chungsgesch.
1026 1981 1145 2029 Ziir.
1176 1978 1539 2039 1833.Theile,
1553 1977 1932 2043 z.Biog'raphie
1953 1977 2102 2027 Jesu.
2123 1977 2306 2043 Leipz.
2323 1978 2534 2043 18:3⁷4).
2554 1980 2638 2027 49.
2661 1980 2747 2028 50.
2763 1979 2866 2029 Est
2883 1978 3098 2043 denique

624 2070 686 2119 V.
730 2068 1069 2117 nonullorum
1089 2067 1369 2125 sententia,
1392 2080 1530 2131 quae
1550 2066 1908 2115 narrationem
1927 2065 1994 2113 de
2015 2064 2226 2115 Christo
2247 2078 2280 2113 a
2299 2070 2492 2114 satana
2507 2069 2729 2127 tentato,
2749 2081 2926 2130 neque
2951 2066 3098 2113 visio-

620 2172 759 2217 nem,
777 2170 953 2221 neque
966 2154 1319 2219 phantasiam,
1336 2168 1511 2217 neque
1530 2153 1808 2213 somnium,
1821 2168 1996 2217 neque
2017 2150 2354 2216 parabolam3
2375 2151 2470 2201 sed
2489 2154 2566 2201 rei
2580 2168 2704 2201 vere
2725 2156 2910 2215 gestae
2923 2153 3098 2201 seriem

622 2243 822 2293 referre
856 2242 1107 2305 largitur,
1142 2238 1609 2303 Evangelistarum
1634 2242 1816 2287 tamen
1841 2238 2018 2288 verbis
2041 2238 2256 2287 minime
2279 2238 2538 2287 inhaeret.
2564 2239 2700 2287 Vide
2727 2239 2904 2299 Kuhn,
2932 2239 2966 2287 l.
2991 2254 3032 2287 s.
3055 2252 3094 2285 c.

616 2346 668 2395 p.
694 2330 812 2379 391.
838 2344 879 2377 s.
906 2326 1177 2387 Neander‚
1203 2325 1267 2374 L.
1293 2324 1345 2374 J.
1372 2341 1423 2389 p.
1452 2326 1567 2374 114.
1594 2341 1636 2375 s.
1663 2324 1933 2385 Ullmann,
1959 2324 1994 2373 l.
2022 2340 2067 2373 c.
2093 2340 2144 2389 p.
2175 2326 2288 2374 159.
2317 2327 2434 2375 166.
2461 2326 2628 2385 Hase,
2655 2326 2720 2375 L.
2739 2326 2792 2375 J.
2829 2342 2880 2388 p.
2909 2326 2990 2375 88.
3013 2324 3092 2373 Fr.

616 2416 703 2463 W.
726 2414 912 2475 Laufs,
938 2418 991 2463 fl.
1010 2413 1061 2463 d.
1086 2414 1237 2463 Vers.
1256 2413 1391 2463 Jesu
1418 2413 1473 2461 in
1498 2426 1622 2461 ann.
1651 2410 1726 2460 St.
1751 2427 1804 2460 u.
1830 2412 1922 2461 Kr.
1951 2412 2102 2462 1853.
2128 2411 2198 2459 ΙΙ.
2225 2412 2433 2473 Ewald,
2469 2412 2662 2463 Gesch.
2691 2412 2816 2463 chr.
2839 2428 2894 2461 u.
2919 2430 2962 2463 s.
2985 2412 3093 2461 zeit.

620 2501 763 2551 (ἔδει.
792 2503 941 2551 1855.
966 2517 1017 2565 p.
1044 2502 1163 2550 244.
1190 2516 1231 2549 s.
1282 2500 1383 2549 His
1418 2499 1800 2563 interpretibus
1836 2498 2180 2549 censentibus
2215 2500 2428 2564 ineptae
2464 2499 2796 2549 Judaeorum
2821 2500 2888 2549 de
2911 2499 3094 2548 Messia

620 2590 899 2655 opiniones
919 2614 986 2625 --·
1006 2587 1127 2637 coll.
1153 2585 1448 2647 Bertholdt,
1478 2586 1798 2651 Christolog.
1822 2586 1860 2636 J
1863 2585 2078 2635 udaeor.
2105 2585 2218 2635 Erl.
2247 2588 2398 2635 1811.
2423 2604 2474 2651 p.
2499 2588 2584 2636 69.
2610 2604 2652 2637 s.
2675 2614 2743 2623 -
2759 2603 2868 2637 non
2893 2588 3092 2651 ignotae

620 2680 774 2725 erant
810 2675 1037 2725 Christo.
1100 2674 1187 2725 Sic
1220 2674 1384 2738 igitur
1418 2688 1603 2723 secum
1636 2673 1922 2723 meditatus
1959 2677 2068 2723 est:
2106 2688 2228 2722 cum
2257 2673 2544 2738 populares
2575 2676 2679 2723 mei
2709 2690 2796 2725 res
2825 2674 3093 2724 admodum

620 2761 883 2812 absurdas
930 2766 985 2810 et
1030 2762 1223 2826 impias
1270 2760 1521 2809 Messiam
1570 2759 1880 2809 effecturum
1927 2760 2238 2824 opinentur,
2289 2774 2430 2810 anne
2479 2776 2576 2811 eae
2625 2760 2777 2822 mihi,
2821 2766 2884 2810 ut
2927 2775 3092 2810 eorum

622 2848 758 2897 votis
795 2847 1161 2912 respondeam,
1200 2846 1483 2897 obeundae
1518 2849 1682 2895 sunt?
1716 2846 1908 2895 Fuisse
1948 2860 2078 2896 sane
2114 2848 2170 2895 in
2201 2846 2284 2897 his
2319 2848 2756 2898 meditationibus
2789 2850 3094 2898 tentationes

620 2933 853 2995 diaboli,
888 2934 985 2983 sed
1032 2948 1171 2998 quae
1220 2934 1419 2983 fuerint
1466 2934 1581 2982 eius
1617 2938 1800 2997 partes
1845 2948 2000 2982 nemo
2047 2932 2256 2983 dixerit.
2315 2934 2700 2999 Evangelistae
2745 2950 2830 2985 res
2873 2936 3013 2983 intus
3045 2934 3092 2981 in

620 3022 799 3071 animo
837 3018 1034 3069 Christi
1068 3024 1329 3085 peractas,
1356 3021 1434 3069 ita
1464 3034 1800 3081 enarravere‚
1829 3024 1888 3069 ut
1923 3034 2016 3069 eas
2053 3021 2212 3081 visas,
2241 3021 2641 3071 animadversas
2679 3026 2734 3071 et
2769 3038 2894 3072 vere
2929 3026 3093 3087 gestas

622 3122 741 3157 esse
766 3106 1115 3169 contendant3
1154 3106 1383 3171 ideoque
1408 3108 1571 3156 menti
1593 3106 1730 3157 Jesu
1755 3106 1954 3169 oblata,
1981 3122 2158 3157 rerum
2187 3108 2432 3158 sensibus
2469 3114 2842 3174 perceptarum
2876 3108 3094 3159 historiis

620 3194 965 3245 incluserunt.
1029 3191 1327 3259 Scriptores
1371 3193 1792 3258 Evangeliorum
1835 3193 1934 3243 has
1981 3192 2196 3258 quidem
2237 3210 2302 3243 ex
2341 3193 2536 3245 Christi
2574 3210 2664 3245 ore
2709 3195 2976 3257 hausisse,
3009 3192 3092 3243 sed

622 3280 895 3331 nonnullis
932 3296 963 3329 e
998 3280 1287 3330 traditione
1320 3280 1527 3331 haustis
1564 3281 1780 3330 auxisse
1822 3280 2019 3330 dicunt.
2079 3279 2167 3329 Ita
2200 3282 2558 3331 narrationem
2595 3282 2894 3332 confectam
2927 3282 3092 3337 fuisse,

625 3382 765 3433 quae
790 3382 899 3417 non
923 3367 994 3418 sit
1016 3366 1087 3417 ad
1112 3370 1265 3418 extus
1285 3371 1451 3432 gesta,
1480 3366 1573 3417 sed
1602 3367 1673 3417 ad
1697 3368 1856 3429 intus,
1896 3372 2130 3417 attamen
2153 3368 2308 3417 vera!
2347 3366 2401 3418 S.
2427 3366 2481 3417 S.
2501 3369 2690 3420 Patres
2727 3374 2782 3419 et
2815 3368 3092 3435 Scriptores

622 3454 753 3503 eccl.
798 3458 959 3519 atque
990 3454 1305 3519 interpretes
1342 3455 1579 3519 priorum
1610 3454 1946 3505 saeculorum
1975 3454 2226 3505 catholici
2253 3455 2362 3505 fere
2391 3470 2574 3505 omnes
2593 3492 2606 3517 ,
2645 3456 3092 3521 Evangelistamm

622 3540 917 3590 narrationi
943 3540 1287 3601 inhaerendo,
1306 3540 1625 3591 historias
1651 3544 2054 3592 tentationis
2077 3542 2158 3591 ad
2183 3542 2450 3592 literam
2487 3558 2636 3593 esse
2673 3540 3092 3608 explicandas

624 3626 933 3677 defendunt.
962 3628 1201 3688 Quorum
1230 3630 1459 3693 vestigia
1490 3628 1778 3692 premendo
1810 3629 2020 3678 interim
2043 3630 2098 3679 in
2125 3644 2380 3679 summam
2413 3630 2748 3679 conferemus
2783 3632 3091 3695 argumenta,

624 3729 690 3763 ex
738 3714 859 3778 ipsa
904 3716 1162 3765 sermonis
1216 3716 1353 3765 serie
1408 3715 1680 3777 desumta,
1737 3730 1878 3781 quae
1923 3730 2048 3765 vere
2093 3714 2232 3764 haec
2287 3716 2466 3765 omnia
2517 3720 2672 3779 gesta
2725 3732 2844 3765 esse
2898 3714 3092 3763 eredere

624 3800 829 3850 tubent.
892 3801 1091 3851 Verum
1116 3807 1495 3867 externumque
1522 3818 1864 3867 congressum
1889 3802 2276 3851 demonstrant:
2335 3802 2400 3851 A.
2423 3802 2591 3851 verba
2619 3798 2883 3870 λαμβάνειν
2909 3796 3094 3855 ἱστάναι,

622 3884 1031 3955 παραλαμβάνειν,
1084 3887 1465 3957 προσέρχεσθαι,
1522 3888 1738 3954 aliaque
1783 3904 1922 3954 quae
1969 3889 2035 3938 de
2083 3904 2212 3938 vero
2265 3885 2576 3956 ὑφισταμένῳ
2623 3892 2872 3954 usurpari
2923 3888 3091 3939 solent.

626 3972 797 4023 Simili
831 3976 1039 4025 ratione
1072 3976 1401 4025 locutiones:
1432 3969 1855 4043 προσελθὼνᾶυτῷ
1891 3970 1917 4023 ὁ
1951 3972 2208 4043 πειράζων,
2253 3972 2420 4043 ὕπαγε,
2459 3980 2512 4024 et
2545 3972 2652 4025 τότε
2687 3970 2882 4043 ἀφίησιν
2909 3968 3040 4024 αὑτὸν
3071 3965 3092 4018 ὃ

622 4056 877 4126 διάβολος,
916 4062 981 4111 de
1019 4076 1241 4111 accessu
1290 4067 1345 4111 et
1391 4076 1608 4111 recessu
1643 4062 1805 4111 locali
1839 4064 2118 4112 tentatoris
2163 4062 2232 4112 ad
2279 4061 2546 4113 Christum
2583 4066 2638 4112 et
2675 4078 2710 4113 a
2747 4062 2972 4123 Christe,
3007 4058 3090 4109 sub

622 4146 795 4197 forma
816 4149 1017 4199 visibili
1065 4153 1118 4197 et
1154 4152 1387 4209 externa,
1426 4150 1619 4213 exponi
1645 4148 1855 4197 debent.
1881 4149 2094 4197 Etenim
2131 4148 2317 4197 literae
2336 4150 2632 4213 proprietas
2670 4149 2874 4214 absque
2911 4158 3092 4198 summa

626 4236 945 4285 necessitate
990 4250 1099 4285 non
1149 4240 1231 4284 est
1275 4234 1597 4295 deserenda,
1645 4252 1712 4285 ne
1759 4234 2159 4300 phantasiarum
2209 4240 2263 4284 et
2311 4237 2736 4285 coniecturarum
2781 4236 2976 4285 delitiis
3017 4234 3092 4280 vis

626 4325 907 4371 sternatur.
966 4322 1103 4371 Nam
1150 4323 1195 4371 si
1244 4321 1347 4371 hoc
1396 4326 1664 4371 certamen
1713 4322 1911 4371 Christi
1958 4322 2028 4370 ad
2063 4323 2346 4383 visionem,
2387 4324 2674 4383 somnium,
2717 4322 3091 4373 meditationem

627 4406 877 4469 referunt,
902 4408 1043 4457 idem
1066 4423 1255 4473 urgere
1280 4414 1505 4474 possunt
1528 4408 1820 4473 mythologi
1845 4408 1926 4457 illi
1947 4424 1994 4457 e.
2015 4424 2060 4457 c.
2083 4408 2148 4458 de
2173 4410 2426 4473 passione
2447 4413 2501 4457 et
2525 4408 2868 4459 crucifixione
2901 4407 3088 4460 Christi.

628 4506 767 4557 quae
830 4508 865 4541 a
932 4508 1137 4543 summa
1188 4496 1303 4544 eius
1368 4495 1625 4558 dignitate
1681 4494 1856 4544 adhue
1915 4496 2082 4560 magis
2143 4494 2466 4545 videbuntur
2519 4494 2715 4545 aliena.
2795 4496 2959 4545 Sicuti
3007 4496 3092 4541 iter

630 4576 821 4628 Christi
872 4580 927 4627 in
966 4578 1231 4629 desertum
1279 4586 1332 4629 et
1378 4581 1633 4630 ieiunium
1683 4596 1808 4630 vere
1857 4588 2010 4647 gesta
2052 4582 2292 4645 fuerunt3
2343 4584 2421 4631 ita
2465 4587 2518 4632 et
2562 4586 2804 4645 tentatio,
2843 4586 2966 4651 quia
3007 4583 3092 4629 ista
