3267 5259
590 422 717 488 248
1356 433 1549 475 nodeca
1578 432 1940 483 nimai-itionum
1967 430 2319 481 theologicarum.

590 617 884 693 Martyres
938 616 995 671 b.
1049 619 1295 673 mortem
1354 619 1423 671 ut
1474 617 1846 671 exarmatum
1899 613 2124 669 hostem
2177 612 2430 687 aspicere
2484 614 2790 686 poterant;
2849 609 3046 667 Christo

591 726 788 777 autem
838 738 969 776 cum
1012 722 1199 775 morte
1236 738 1327 775 res
1372 722 1526 789 erat,
1574 720 1864 794 quatenus
1905 721 2194 773 venenato
2225 716 2397 788 Legis
2437 714 2637 773 aculeo
2677 722 2894 773 armata
2935 716 3044 771 fuit.

592 826 887 900 Martyres
917 842 967 880 c.
998 822 1291 898 Spiritum
1320 842 1365 879 s.
1391 840 1648 879 amorem
1680 820 1792 877 Dei
1823 822 1886 877 in
1917 821 2091 877 corda
2119 820 2358 878 illorum
2389 820 2792 877 effundentem
2819 820 3046 893 experie-

596 930 847 997 bantur3
881 946 1087 985 verum
1118 926 1387 983 Christus
1416 945 1475 983 u.
1502 946 1560 983 v.
1586 944 1661 981 ne
1691 929 1921 999 gut-tam
1950 925 2186 1002 quidem
2209 923 2620 981 consolationis
2649 924 3044 998 experiebatur.

591 1033 715 1089 Nec
745 1034 923 1089 etiam
954 1030 1383 1107 praeiudicium
1416 1026 1467 1100 β.
1498 1029 1644 1087 facit
1665 1030 1790 1086 eius
1823 1028 2034 1101 agonia
2063 1030 2363 1105 orat-ioque
2391 1028 2708 1085 sanctitati
2741 1046 2808 1085 ac
2832 1026 3044 1090 Pietati;

596 1156 733 1195 nam
782 1120 970 1213 nedue
1022 1136 1087 1193 in
1139 1136 1411 1201 tristitia,
1468 1152 1656 1211 neque
1707 1135 1774 1191 in
1825 1133 2109 1208 petit-ione
2167 1132 2284 1190 fuit
2333 1151 2597 1189 excessus
2651 1136 2756 1189 aut
2807 1130 3044 1187 defectus.

592 1240 891 1297 Virtutem
921 1240 985 1297 in
1018 1240 1207 1296 medio
1238 1238 1566 1308 consistere,
1602 1242 1778 1315 atque
1807 1234 1868 1293 ‘cb
1897 1238 2176 1295 vitiosum
2207 1236 2302 1295 vel
2334 1256 2632 1293 excessum
2663 1236 2760 1294 vel
2793 1235 3042 1292 defectum

596 1363 859 1417 arguere,
912 1346 1031 1401 iam
1076 1342 1328 1400 ethnicis
1371 1342 1694 1399 dicebatur.
1755 1340 1867 1397 Sed
1898 1340 2056 1398 nihil
2093 1342 2192 1398 hic
2229 1346 2346 1411 est,
2395 1341 2546 1417 quod
2577 1340 2876 1397 Christum
2911 1360 2942 1395 a
2966 1340 3046 1395 via

594 1447 938 1505 Sanctitatis
968 1448 1263 1504 recessisse
1292 1450 1521 1519 arguat.
1572 1446 1709 1502 Non
1731 1463 1998 1503 excessus
2019 1446 2086 1503 in
2108 1445 2372 1516 tristitia,
2407 1448 2546 1523 quia
2571 1465 2688 1502 non
2713 1450 2834 1501 erat
2859 1440 3044 1511 dation-

590 1568 711 1626 τες,
760 1569 865 1608 nec
909 1570 1027 1607 esse
1072 1550 1405 1627 oportebat3
1466 1550 1756 1627 siquidem
1799 1550 1997 1610 Passio
2041 1551 2166 1607 eius
2209 1552 2338 1609 veri
2385 1550 2642 1607 nominis
2689 1568 2808 1606 esse
2857 1549 3046 1606 debuit.

592 1656 789 1729 Igitur
816 1654 1109 1712 sensibilis
1138 1655 1255 1711 fuit
1286 1654 1571 1723 Christus,
1618 1658 1796 1731 atque
1827 1673 1892 1711 eo
1923 1654 2110 1727 magis
2138 1653 2448 1725 sensibilis,
2497 1672 2616 1731 quo
2643 1656 2830 1727 magis
2859 1652 3048 1728 pecoeti

590 1760 875 1818 acerbitas
912 1762 971 1815 et
1008 1759 1358 1816 demeritum
1396 1764 1572 1835 atque
1608 1757 1872 1816 iustitiae
1915 1760 2077 1831 rigor
2113 1778 2234 1815 una
2270 1777 2404 1815 cum
2445 1758 2842 1815 Redemt-ionis
2885 1758 3046 1832 pretio

590 1865 911 1922 constabat.
970 1862 1082 1921 Sed
1114 1880 1223 1920 nec
1250 1863 1317 1920 in
1346 1863 1573 1920 defectu
1604 1863 1926 1937 patientiae
1972 1862 2070 1921 vel
2099 1862 2462 1921 obedientiae
2509 1862 2738 1940 aliquid
2782 1880 3050 1937 perperam

590 1968 822 2027 accidit.
884 1968 1019 2025 Non
1050 1968 1115 2025 in
1146 1969 1449 2043 patientia,
1499 1968 1642 2045 quia
1669 1966 1778 2024 illa
1805 1985 1926 2024 non
1957 1966 2170 2025 stolida
2199 1964 2436 2023 ἀπάθεια
2477 1972 2599 2034 est;
2643 1967 2742 2023 sed
2774 1964 3044 2024 rationalis

590 2072 975 2149 apprehensio
1018 2070 1161 2128 mali
1206 2088 1339 2129 cum
1384 2090 1555 2128 sensu
1603 2072 1856 2145 ingrato.
1918 2071 2054 2128 Non
2084 2073 2148 2128 in
2177 2071 2529 2141 obedientia,
2573 2089 2693 2127 non
2725 2070 2878 2127 enim
2905 2068 3048 2145 petiit

590 2176 887 2235 contraria
914 2176 1039 2233 Deo
1068 2180 1173 2232 aut
1200 2176 1315 2232 sibi
1346 2176 1477 2251 ipsi,
1527 2178 1645 2232 imo
1691 2194 1838 2253 quae
1883 2175 2058 2251 petiit
2102 2194 2236 2233 cum
2280 2194 2418 2233 suae
2457 2174 2784 2233 voluntatis
2829 2174 3048 2245 abnega-

596 2282 755 2339 tione
808 2284 867 2337 et
918 2279 1251 2337 omnimoda
1300 2280 1409 2337 sub
1461 2278 1828 2337 voluntatem
1879 2280 2075 2337 Patris
2131 2281 2224 2337 sui
2275 2280 2635 2337 subiectione
2697 2279 2882 2355 petiit.
2957 2276 3050 2333 Sed

592 2404 779 2463 neque
820 2384 929 2442 hoc
973 2388 1263 2459 repugnat
1305 2402 1359 2457 γ.
1406 2383 1627 2441 Christi
1673 2384 2006 2459 Sapientiae
2049 2384 2146 2443 vel
2191 2384 2548 2441 Prudentiae
2567 2429 2580 2455 ,
2633 2386 2825 2459 ipsum
2853 2380 3047 2459 aliquid

590 2491 843 2567 petiisse,
879 2489 1034 2567 quod
1065 2508 1137 2545 ne
1167 2489 1403 2566 quidem
1436 2487 1708 2563 possibile
1737 2507 1856 2545 esse
1885 2491 2027 2545 satis
2053 2490 2246 2545 sciret.
2301 2489 2456 2546 Nam
2485 2506 2704 2547 arcana
2725 2488 2834 2544 Dei
2863 2486 3047 2545 volun-

590 2599 707 2665 tas,
752 2596 1075 2652 orationem
1104 2612 1208 2669 pro
1236 2594 1609 2667 mitigatione
1636 2592 1734 2651 vel
1781 2592 2076 2651 ablatione
2121 2594 2590 2668 impendentium
2633 2593 2916 2651 malorum
2951 2609 3048 2647 nou

592 2698 769 2769 tollit,
818 2698 915 2755 sed
964 2697 1217 2767 limitat3
1268 2702 1337 2755 ut
1382 2698 1617 2755 nonnisi
1663 2716 1790 2754 eam
1835 2716 1968 2753 cum
2013 2697 2344 2755 conditione
2373 2698 2421 2754 si
2453 2696 2586 2753 fieri
2629 2698 2824 2771 possit,
2871 2697 2910 2753 i.
2939 2715 2982 2751 e.
3009 2692 3050 2749 si

590 2802 715 2859 Deo
760 2801 1045 2877 placitum
1090 2802 1171 2858 sit
1214 2806 1408 2876 petere
1454 2802 1786 2859 debeamus.
1848 2800 2008 2859 Talis
2052 2819 2195 2858 vero
2238 2802 2446 2875 petitio
2477 2806 2600 2858 tam
2631 2818 2766 2858 cnm
2795 2800 3051 2875 sapientia

591 2924 769 2983 quam
812 2924 947 2962 cum
992 2906 1208 2980 pietate
1254 2904 1565 2962 consistere
1610 2908 1816 2981 potest.
1885 2904 1971 2974 (ff.
2019 2923 2065 2961 ε.
2095 2904 2396 2973 Hilarium,
2443 2907 2510 2959 de
2563 2906 2847 2975 Mileto,
2889 2901 2964 2971 X,
2997 2907 3045 2958 9.

590 3030 637 3067 s.
670 3028 725 3083 p.
762 3011 906 3065 383.
938 3026 985 3064 s.
1021 3012 1121 3065 36.
1154 3028 1200 3064 s.
1234 3027 1291 3083 p.
1328 3012 1472 3065 399.
1534 3008 1591 3064 J.
1628 3008 1692 3062 A.
1733 3008 2046 3077 Quemtedt,
2093 3009 2226 3064 dice.
2263 3010 2329 3063 de
2369 3010 2752 3078 deprecatione
2783 3008 2972 3074 mucis,
3003 3006 3052 3059 ia

598 3114 693 3169 Th.
740 3112 811 3168 th.
851 3113 947 3183 pk.
1008 3112 1076 3165 II
1081 3154 1096 3182 ,
1138 3114 1275 3168 204.
1318 3130 1363 3171 ε.
1424 3112 1507 3169 M.
1552 3114 1625 3167 ab
1671 3113 2040 3184 Enyelhardt,
2095 3114 2164 3167 de
2209 3114 2502 3168 tentatione
2555 3112 2763 3169 eva-isti
2805 3116 3046 3167 comat.

595 3218 774 3287 Dor-p.
820 3218 993 3271 1858.
1030 3234 1093 3286 p.
1144 3219 1241 3273 45.
1289 3234 1335 3271 ε.
1406 3216 1666 3287 Binpinq,
1711 3218 1868 3271 Erkl.
1917 3219 2016 3271 der
2063 3218 2165 3273 Eu.
2211 3236 2264 3273 n.
2317 3218 2503 3273 Mark.
2549 3236 2608 3273 u.
2661 3218 2803 3273 Luk.
2839 3234 2896 3287 p.
2933 3216 3047 3269 433.

592 3324 842 3393 Lanqea,
874 3322 963 3376 die
996 3320 1031 3375 l.
1062 3322 1399 3393 Lebeutaqe
1431 3320 1569 3375 Jeeu
1592 3338 1650 3391 p.
1689 3322 1829 3377 209.
1865 3338 1908 3377 ε.

1771 3538 1895 3603 XI.

1086 3684 1169 3739 In
1214 3696 1485 3741 crucem
1529 3686 1607 3739 D.
1641 3686 1723 3741 N.
1755 3684 1814 3741 J.
1850 3686 1918 3741 C.
1953 3684 2581 3741 animadversiones.

798 3838 883 3897 Ut
911 3839 1143 3913 lignum
1180 3840 1386 3909 crucis,
1420 3841 1485 3895 in
1514 3858 1629 3917 quo
1661 3841 1938 3915 ‚pretium
1975 3840 2250 3915 pependit
2285 3840 2522 3899 saeculi‘
2555 3842 2845 3901 Dominus
2871 3841 3052 3899 Noster

590 3946 627 4003 J
630 3964 758 4002 esus
789 3944 1047 4020 plurima
1076 3945 1453 4001 veneratione
1471 3988 1485 4013 ,
1534 3946 1620 4001 ita
1650 3951 1710 4000 et
1738 3944 1799 4001 id
1845 3964 2016 4001 omne
2059 3945 2213 4021 quod
2259 3946 2332 4003 ad
2363 3945 2512 4004 illud
2546 3948 2843 4005 Passionis
2877 3943 3048 4003 Domi-

592 4050 757 4107 nicae
774 4048 1237 4106 instrumentum
1260 4048 1491 4117 attinet,
1519 4066 1782 4105 sermone
1801 4047 2072 4121 diligenti
2099 4049 2262 4107 decet
2278 4052 2573 4127 prosequi;
2600 4052 2816 4129 quibus
2833 4046 3047 4124 cognitis

592 4154 842 4211 clariora
862 4158 1053 4223 erunt,
1079 4171 1229 4230 quae
1244 4152 1657 4225 Evangelistae
1681 4152 1848 4209 nobis
1866 4152 1930 4207 in
1949 4150 2233 4209 Historiis
2247 4153 2368 4210 suis
2383 4162 2684 4213 enarrant.
2717 4154 3050 4231 Supplicium

595 4258 782 4315 crucis
811 4256 847 4314 J
850 4258 1049 4315 udaeis
1078 4261 1215 4314 ante
1246 4256 1465 4313 Christi
1498 4257 1623 4312 nati
1657 4262 1918 4331 tempora
1961 4276 2080 4313 non
2115 4259 2353 4315 omnino
2396 4259 2668 4332 ignotum
2701 4292 2786 4301 -—
2815 4264 2880 4316 ut
2905 4256 3051 4314 certis

596 4362 777 4419 evicit
804 4361 1166 4434 argumentis
1196 4361 1262 4417 P.
1296 4359 1577 4429 Mol-hius,
1612 4358 1747 4417 diss.
1781 4361 1851 4417 de
1881 4358 2102 4418 Christi
2141 4361 2428 4437 supplicio
2467 4363 2541 4420 ad
2571 4363 2788 4421 Matth.
2823 4366 2916 4431 27,
2947 4363 3048 4423 35„

593 4464 659 4520 in
691 4464 860 4521 Thes.
886 4466 972 4521 th.
1001 4464 1101 4540 ph.
1128 4484 1185 4539 p.
1208 4468 1350 4522 234.
1372 4464 1828 4521 —inusitatum
1859 4470 2122 4523 attamen
2151 4471 2282 4523 erat
2309 4484 2526 4540 poenae
2555 4486 2758 4541 genus,
2791 4466 2972 4524 Cicero
2997 4463 3050 4518 in

594 4568 837 4625 Verrem
876 4576 986 4625 act.
1034 4569 1123 4625 II.
1166 4568 1205 4627 l.
1240 4568 1310 4638 V,
1349 4572 1449 4626 64.
1505 4568 1994 4639 ,crudelissimum
2045 4570 2550 4647 teterrimumque‘
2609 4576 2712 4630 66.
2759 4566 3051 4643 ‚servitutis
