3267 5259
1110 456 1397 500 Clu-enotuis
1422 456 1698 507 Evangelia.
2477 442 2654 493 XLIX

187 633 277 681 3¹15.
307 648 347 681 s.
404 631 521 682 Sal.
556 646 671 683 van
704 631 813 694 Til,
854 632 1048 698 disput.
1085 632 1247 683 theol.
1286 632 1467 684 chron.
1506 633 1571 683 de
1607 633 1662 683 J.
1700 633 1761 683 B.
1797 634 2219 685 incarceratione
2261 632 2449 685 fictitia
2481 634 2651 685 Hero-

190 718 314 767 diana
336 718 557 769 vincula
596 720 973 770 antecedente.
1020 720 1193 785 Lugd.
1218 720 1279 770 B.
1310 722 1459 771 1710.
1498 721 1559 770 Τ.
1584 738 1634 770 v.
1662 720 1712 770 d.
1737 720 1923 783 Vecht,
1963 722 2029 771 de
2066 721 2117 771 J.
2143 721 2204 769 B.
2230 722 2653 772 incarceratione

192 808 329 855 unica.
370 806 551 872 Lngd.
576 806 642 855 B.
675 808 828 858 1708.
880 807 934 858 S.
960 808 1223 873 Basnage,
1262 809 1317 857 in
1352 808 1490 858 Ann.
1528 825 1580 874 p.
1612 807 1742 858 0001.
1780 808 1822 871 Ι,
1849 809 1966 857 274.
1994 825 2035 858 s.
2087 808 2151 858 L.
2175 807 2423 873 Deyling,
2453 808 2582 859 Obs.
2607 825 2651 859 s.

194 892 265 953 ΙΙΙ,
294 894 369 943 26.
402 910 457 959 p.
498 895 551 943 2.
590 894 655 943 Β.
694 910 737 943 8.
798 893 1101 957 Tillemont,
1138 896 1297 945 Mem.
1335 900 1443 945 not.
1482 910 1573 945 sur
1596 911 1639 945 s.
1667 895 1825 946 Jean.
1861 895 1923 945 Β.
1959 895 2052 945 ΙΧ.
2090 912 2142 961 p.
2180 897 2300 946 487.
2337 923 2404 933 -·
2440 896 2505 945 In
2541 910 2650 961 qua

196 986 309 1043 parte
342 982 555 1031 interim
592 982 813 1033 ditionis
851 998 982 1033 suae
1018 984 1253 1032 vinctum
1288 982 1553 1033 Joannem
1589 984 1821 1033 tenuerit
1843 983 2102 1045 Herodes,
2143 998 2209 1032 ex
2245 982 2420 1033 Sacris
2457 984 2652 1033 nostris

200 1068 437 1133 scripturis
491 1084 607 1119 11011
653 1068 838 1135 liquet.
912 1069 1019 1120 Sed
1066 1069 1198 1119 nihil
1231 1070 1469 1136 impedit,
1520 1071 1804 1138 quominus
1851 1071 2127 1121 credamus
2163 1070 2426 1136 Josepho,
2475 1070 2654 1136 Antiq.

200 1156 351 1205 XVIII.
376 1158 423 1217 5,
452 1158 503 1205 2.
542 1174 598 1222 p.
626 1158 764 1219 884„
802 1158 1125 1209 sanctissimi
1162 1158 1259 1207 viri
1294 1172 1563 1208 carcerem
1597 1158 1656 1207 in
1692 1158 1915 1209 castello
1951 1156 2314 1209 Macheruntis
2351 1157 2651 1208 collocanti.

202 1243 367 1293 121101.
400 1248 438 1292 t.
478 1258 522 1293 s.
560 1260 745 1310 geogr.
791 1262 845 1309 p.
881 1244 1041 1294 XCV.
1103 1245 1255 1295 Idem
1298 1261 1455 1311 porro
1503 1244 1799 1311 Josephus,
1844 1244 1879 1295 l.
1917 1260 1963 1295 0.
2000 1244 2331 1295 vinculorum
2382 1250 2436 1295 et
2472 1244 2652 1295 caedis

206 1328 433 1395 Baptistae
482 1346 706 1380 causam
752 1331 933 1382 retulit
975 1332 1044 1381 ad
1088 1338 1507 1399 praetextum
1555 1332 1866 1399 simpliciter
1911 1333 2286 1399 politicum:
2335 1332 2651 1382 metuendae

208 1418 255 1465 ab
296 1433 350 1467 eo
397 1417 692 1468 seditionis.
770 1418 1070 1481 „Herodes,
1124 1420 1299 1485 inquit
1347 1420 1463 1483 ille,
1520 1421 1719 1470 veritus
1767 1436 1836 1469 ne
1887 1424 2038 1471 tanta
2082 1419 2312 1470 hominis
2361 1420 2651 1470 auctoritas

209 1505 400 1555 subditos
445 1506 517 1555 ad
562 1505 920 1557 defectionem
962 1506 1285 1573 impelleret,
1334 1509 1502 1559 satius
1554 1524 1672 1559 0880
1720 1508 1894 1571 duxit,
1942 1509 2252 1574 priusquam
2286 1509 2412 1557 novi
2449 1506 2653 1573 aliquid

210 1607 257 1640 ex
280 1592 357 1643 illo
390 1594 639 1655 oriretur,
676 1593 829 1643 illum
866 1610 897 1643 0
932 1595 1105 1645 medio
1142 1594 1355 1657 tollere,
1395 1610 1555 1662 quam
1590 1600 1652 1645 ut
1689 1596 1984 1647 mutatione
2017 1611 2192 1645 rernm
2227 1594 2396 1657 facta,
2445 1594 2560 1659 ipse
2596 1596 2654 1645 in

211 1679 443 1730 discrimen
488 1680 785 1745 adductus,
834 1683 1217 1747 poenitentiam
1266 1686 1497 1748 ageret.“
1569 1683 1726 1733 Haec
1774 1682 1844 1733 ad
1886 1684 2107 1733 verbum
2160 1682 2442 1748 descripsit
2491 1682 2652 1733 etiam

210 1766 445 1831 Eusebius,
480 1768 552 1817 Η.
576 1769 643 1817 Ε.
669 1769 713 1829 1,
744 1770 826 1818 11.
852 1786 904 1835 p.
932 1771 1014 1819 29.
1065 1770 1187 1819 Non
1226 1770 1451 1821 multum
1487 1776 1666 1821 autem
1702 1770 2052 1821 laborandum
2089 1772 2244 1821 nobis
2283 1774 2390 1833 est3
2427 1774 2488 1819 ut
2512 1783 2652 1836 quae
2691 1768 2696 1779 '

210 1853 419 1917 Judaeus,
454 1857 599 1906 circa
634 1856 975 1907 Herodiades
1011 1858 1278 1923 principes
1316 1858 1482 1907 aetati
1516 1873 1648 1909 suae
1673 1858 1941 1923 proximos
1967 1862 2224 1917 versatus,
2262 1856 2418 1906 aliter
2439 1855 2652 1906 locutus

208 1948 281 1998 est.
308 1958 415 1992 cum
435 1944 769 2008 Evangelica
804 1946 1027 1994 veritate
1065 1944 1425 1995 conciliemus.
1472 1945 1703 1995 Politica
1727 1947 1868 1995 enim
1902 1960 2068 1995 causa
2091 1959 2126 1994 a
2148 1944 2388 2010 Josepho
2425 1943 2650 2010 prolata,

204 2044 289 2079 uon
318 2030 537 2080 excludit
570 2033 875 2097 propiorem
912 2032 1073 2081 aliam
1108 2046 1327 2083 causam
1363 2048 1430 2083 ex
1464 2036 1617 2098 parte
1653 2032 1990 2095 Herodiadis,
2034 2032 2141 2082 imo
2180 2031 2407 2082 includit
2441 2031 2650 2096 potina

204 2116 587 2183 quandoquidem
632 2134 698 2169 ex
736 2117 829 2169 illo
866 2120 1201 2185 potissimum
1238 2121 1413 2186 capite
1452 2120 1690 2171 timenda
1725 2119 1916 2170 seditio
1955 2119 2250 2172 videbatur.

372 2264 459 2315 34.
495 2261 727 2317 Uberior
748 2264 1041 2335 vestiqatio
1066 2264 1361 2335 intervalli,
1390 2266 1540 2336 quod
1562 2270 1640 2319 est
1662 2264 1953 2319 minister-ii
1973 2264 2328 2320 Redemtoris.
2364 2262 2651 2321 Vocamus

198 2382 395 2438 munus,
418 2366 811 2425 ministerium
838 2367 1078 2438 Christi,
1112 2368 1409 2444 publicam
1434 2368 2003 2427 administrationem
2027 2368 2192 2426 1111118
2211 2368 2550 2439 functionis,
2577 2370 2651 2425 ad

194 2487 343 2545 quam
364 2472 595 2530 Messias
623 2474 785 2531 hunc
808 2472 873 2529 in
907 2474 1193 2531 mundum
1221 2494 1256 2531 a
1278 2474 1455 2531 Patre
1486 2476 1695 2532 missus
1725 2477 1876 2544 erat3
1909 2477 1980 2531 ut
2007 2474 2294 2549 inciperet
2321 2473 2391 2532 fa
2402 2469 2553 2532 ce're
2582 2478 2652 2531 et

192 2573 473 2633 docere¹.
542 2578 911 2635 Inveniendo
950 2579 1090 2636 huic
1132 2577 1450 2637 intervallo
1488 2579 1561 2636 ab
1600 2578 2026 2657 antiquissimis
2065 2579 2201 2635 inde
2245 2574 2651 2654 temporibus2

194 2684 424 2737 maxime
460 2682 731 2740 idoneum
772 2682 1047 2740 habitum
1077 2688 1165 2740 est
1204 2682 1685 2758 Evangelium
1725 2704 1770 2741 s.
1801 2684 1839 2741 J
1851 2682 2135 2754 oannis3
2182 2682 2399 2761 quippe
2429 2703 2505 2741 ex
2535 2702 2650 2761 quo

190 2782 367 2842 videre
393 2785 543 2857 licet,
594 2791 767 2865 quot
812 2787 1169 2845 Paschata
1195 2787 1401 2846 Jesus
1438 2787 1772 2846 Christus
1811 2787 1873 2845 in
1904 2787 2233 2845 ministerio
2264 2808 2367 2845 suo
2397 2788 2648 2845 docendo

192 2895 243 2941 et
268 2886 510 2949 faciendo
540 2894 795 2965 egerit.
857 2892 937 2949 Et
966 2893 1037 2949 de
1068 2893 1257 2951 tribus
1288 2894 1525 2971 quidem
1562 2892 1726 2950 festis
1759 2893 2030 2963 Paschae,
2078 2892 2246 2950 nulla
2291 2896 2378 2950 est
2415 2898 2647 2951 contro-

188 2991 387 3061 versia3
420 2995 627 3053 diserte
656 2998 817 3053 enim
846 2997 973 3073 ipsa
1001 3016 1141 3055 voce
1170 2997 1473 3055 Paschatis
1503 3016 1779 3073 expressa
1807 3002 2091 3055 notantur
2109 2994 2148 3053 ³.
2195 2998 2346 3055 Sane
2377 2997 2646 3075 plerique

188 3092 503 3172 interpretes
534 3100 643 3157 1100
672 3120 918 3159 numero
949 3101 1207 3159 contenti
1239 3106 1403 3171 sunt3
1438 3104 1591 3179 quia'
1606 3101 1955 3160 existimant
1983 3101 2122 3159 inde
2153 3101 2359 3159 confici
2389 3102 2646 3178 spatium

188 3197 349 3258 trium
370 3222 669 3261 annorum.
704 3205 816 3261 Sed
840 3204 1148 3277 falluntur,
1182 3205 1337 3263 fiunt
1365 3205 1523 3263 enim
1550 3206 1688 3263 inde
1718 3206 1854 3263 duo
1887 3210 2118 3264 tantum
2141 3206 2284 3265 anni
2311 3206 2548 3281 integri.
2581 3206 2645 3264 Si

184 3300 280 3360 illa
304 3310 645 3383 supputatio,
679 3328 828 3387 quae
858 3309 976 3367 iam
1022 3310 1225 3385 priscis
1257 3312 1542 3387 probatur
1560 3308 1617 3367 ⁴:
1665 3310 1966 3369 Christum
2011 3316 2128 3369 tres
2177 3311 2433 3387 integros
2464 3331 2646 3370 annos

372 3516 411 3577 ¹)
450 3514 529 3565 Cf.
564 3516 753 3566 Matth.
793 3518 877 3577 20,
918 3517 999 3566 18.
1048 3516 1213 3567 Marc.
1252 3518 1334 3579 10,
1370 3518 1456 3566 45.
1504 3515 1620 3565 Αο1.
1664 3519 1709 3579 1,
1749 3518 1797 3566 1.
1845 3516 1996 3567 Rom.
2028 3520 2109 3579 15,
2137 3520 2186 3569 8.
2234 3517 2305 3568 ΙΙ.
2334 3516 2456 3567 Cor.
2482 3520 2531 3580 5,
2559 3519 2642 3569 18.

184 3596 219 3648 ²³
256 3600 379 3651 vide
402 3620 441 3653 s.
467 3603 690 3666 Irenaei,
728 3604 848 3653 adit.
876 3603 1019 3653 haer.
1046 3604 1116 3653 11.
1143 3607 1226 3666 22,
1254 3606 1301 3655 3.
1341 3604 1382 3667 Ι,
1412 3606 1529 3655 357.
1578 3604 1820 3664 Eusebii,
1859 3606 2162 3655 Demonstr.
2187 3605 2286 3654 Ev.
2311 3605 2346 3655 l.
2373 3605 2521 3654 VIII.
2561 3605 2644 3655 ed.

184 3684 237 3734 R.
259 3686 325 3737 11.
350 3688 530 3741 Colon.
560 3693 710 3741 1688.
746 3708 801 3757 p.
828 3692 948 3741 400.
1012 3692 1187 3751 „Sane
1223 3691 1489 3756 proditum
1526 3696 1609 3742 est
1643 3692 1930 3741 memoriae
1967 3707 2122 3742 omne
2159 3692 2431 3741 doctrinae
2471 3692 2644 3742 erudi·

184 3774 423 3841 tionisqne
456 3778 833 3828 miraculorum
872 3779 1041 3828 nostri
1079 3778 1372 3829 Salvatoris
1410 3784 1618 3845 tempus
1657 3779 1814 3829 trium
1851 3792 2112 3829 annorum
2148 3784 2202 3829 et
2241 3780 2400 3829 semis
2448 3779 2642 3831 fuisse:

188 3862 311 3923 quod
344 3866 551 3929 quidem
575 3871 659 3917 est
684 3865 1033 3916 hebdomadis
1070 3866 1227 3915 unius
1265 3865 1553 3915 dimidium.
1602 3866 1724 3915 Hoc
1761 3866 1934 3931 ipsum
1965 3866 2196 3931 quodam
2219 3866 2378 3917 modo
2401 3866 2642 3917 «Ioannes

188 3946 503 4015 Evmgelista
536 3954 893 4003 attentissime
930 3952 1265 4018 evangelium
1290 3954 1405 4003 eius
1432 3954 1838 4004 observantibus
1864 3953 2208 4004 declarabit.“
2260 3954 2312 4003 S.
2337 3953 2642 4019 Epiphanii‚

190 4032 311 4086 haer.
332 4038 418 4099 LI,
440 4042 523 4090 23.
548 4058 601 4106 p.
626 4042 746 4091 446.
796 4040 849 4091 S.
876 4040 1205 4104 Hieronymi,
1235 4039 1283 4089 d.
1310 4040 1660 4107 Hippolytum
1686 4041 1869 4102 secuti,
1894 4042 1952 4089 in
1977 4042 2116 4091 Dan.
2137 4040 2232 4102 IX,
2254 4041 2336 4090 24.
2358 4056 2398 4089 s.
2437 4040 2501 4101 V,
2523 4041 2640 4089 690.

196 4122 478 4178 „Tricesimo
514 4130 659 4179 enim
692 4129 847 4178 iuxta
884 4126 1287 4193 Evangelistam
1331 4127 1538 4177 Lucam
1584 4144 1728 4177 anno
1765 4128 1958 4178 aetatis
2004 4142 2134 4178 suae
2177 4128 2354 4191 coepit
2387 4127 2444 4175 in
2480 4141 2642 4177 carne

197 4206 417 4263 Dominus
460 4215 819 4281 Evangelium
868 4215 1177 4280 praedicare
1228 4221 1281 4265 et
1328 4216 1479 4265 iuxta
1513 4215 1780 4265 Joannem
1825 4216 2224 4280 Evangelistam
2274 4213 2408 4263 duos
2454 4219 2644 4278 postea

198 4292 399 4361 implevit
430 4307 645 4354 annos.“
710 4301 1051 4363 Theodoreti,
1088 4302 1158 4351 ad
1194 4302 1335 4353 Dan.
1361 4304 1409 4364 9,
1437 4304 1521 4352 27.
1558 4302 1643 4353 ed.
1679 4303 1730 4353 J.
1768 4303 1832 4351 L.
1859 4301 2086 4353 Schulze
2125 4306 2178 4351 et
2211 4300 2264 4351 J.
2289 4301 2352 4350 A.
2376 4301 2641 4352 Noesselt.

200 4378 293 4433 Hal.
328 4388 464 4439 1769.
498 4390 569 4439 11.
608 4393 657 4452 2,
689 4391 844 4440 1250.
910 4388 1145 4450 „Quodsi
1182 4390 1321 4439 enim
1359 4391 1479 4454 quis
1515 4396 1725 4456 tempus
1765 4389 1968 4439 discere
2005 4390 2200 4455 cupiet,
2241 4404 2306 4438 ex
2341 4389 2640 4455 Evangelio

198 4466 381 4525 ΙΙ0411111111
414 4480 817 4542 cognoscetur.“
896 4476 939 4540 ³)
984 4476 1180 4526 Joann.
1220 4479 1269 4537 2,
1309 4478 1389 4525 13.
1438 4478 1486 4539 6,
1524 4478 1569 4527 4.
1612 4482 1668 4527 et
1703 4479 1786 4538 13,
1827 4479 1872 4525 1.
1945 4477 1985 4539 ⁴)
2032 4474 2168 4525 Vide
2203 4476 2428 4527 Eusebii
2466 4476 2638 4539 Caes„

195 4554 349 4612 Chron.
372 4563 422 4615 8.
442 4564 758 4630 Hieronym.
785 4564 881 4613 int.
908 4562 991 4612 ed.
1012 4562 1150 4613 vau.
1175 4563 1323 4626 VIII,
1350 4564 1468 4613 645.
1490 4580 1531 4615 8.
1568 4564 1755 4613 Eiusd.
1780 4563 1990 4614 Eccles.
2016 4564 2156 4613 Hist.
2180 4563 2223 4625 Ι,
2253 4566 2336 4614 10.
2361 4580 2412 4629 p.
2439 4564 2523 4613 28.
2548 4562 2642 4613 ubi

188 4654 335 4710 ²921oe
366 4652 439 4701 ait
474 4653 825 4713 „universum
860 4650 1278 4717 praedicationis
1314 4651 1611 4702 dominicae
1643 4656 1854 4719 tempus
1891 4666 2002 4702 non
2029 4654 2170 4702 totos
2208 4655 2436 4716 quatuor
2471 4664 2640 4701 annos

264 4740 451 4797 ano,
479 4746 595 4789 nist.
628 4744 943 4789 Revelationis
970 4743 1157 4785 divinae.
1186 4742 1243 4784 11.
2297 4736 2332 4789 d
