3267 5259
1180 394 1323 434 coena
1348 392 1536 435 nomini.
2486 378 2608 443 105

353 564 525 645 Quod
575 566 619 633 J
622 590 771 631 esus
832 566 1163 654 discipulis
1222 569 1355 631 suis
1414 568 1545 631 iam
1604 575 1758 631 ante
1819 566 2233 651 significavit,
2289 565 2608 651 ultimum,

194 679 329 763 quod
364 702 497 745 cum
538 679 659 745 illis
706 680 1154 745 celebraturus
1200 690 1391 763 esset,
1428 680 1555 745 hoc
1602 679 1867 766 epulum
1912 679 2133 763 fuisse,
2173 701 2390 765 neque
2434 681 2610 744 insti-

194 804 353 855 tutum
390 793 459 855 iri
500 814 539 857 a
562 773 651 857 'se
697 792 977 880 amplius
1034 793 1231 858 talem
1296 816 1602 876 coenam,
1651 816 1826 857 nunc
1875 794 2157 880 repetiit.
2231 792 2610 878 Antequam

196 915 359 968 autem
396 927 647 970 mensae
682 916 751 971 et
780 905 1081 971 ciborum
1121 906 1435 993 reliquiae
1472 916 1987 989 removerentur,
2019 905 2341 969 Dominus
2369 904 2612 969 Noster

194 1014 593 1082 Eucharistiam
616 1019 1047 1103 instituturus,
1081 1030 1427 1105 acceptum
1452 1041 1692 1105 panem
1715 1017 2059 1083 benedixit
2081 1019 2242 1082 actis
2259 1018 2406 1081 Deo
2429 1016 2611 1081 Patri

195 1130 363 1211 gratiis
384 1132 421 1194 ¹.
476 1130 661 1196 Fecit
708 1130 947 1197 deinde
996 1130 1289 1197 Christus
1336 1131 1686 1197 duodecim
1733 1154 1820 1195 ex
1863 1153 2036 1218 pane
2083 1140 2327 1218 parteS,
2375 1140 2442 1195 et
2485 1132 2611 1194 sin·

194 1345 313 1403 patet.
362 1358 401 1391 α.
434 1343 582 1404 Quod
632 1345 785 1410 origo
832 1342 1163 1394 Sacramenti
1207 1343 1367 1394 huius
1403 1347 1608 1393 remota
1644 1344 1714 1393 ab
1757 1342 2144 1393 Eucharisticis
2178 1342 2388 1393 Veteris
2425 1340 2610 1393 Testa-

194 1430 313 1477 menti
348 1430 677 1492 arcescenda‚
724 1445 866 1496 quae
910 1432 967 1481 in
1010 1430 1157 1496 Lege
1188 1413 1361 1493 ΟᾬΞΨ,
1388 1430 1518 1480 LeV.
1545 1432 1601 1493 3,
1629 1432 1680 1481 6.
1728 1432 1774 1493 7,
1811 1432 1895 1479 32.
1932 1433 2218 1493 vocantur,
2255 1445 2352 1495 per
2387 1445 2612 1495 quorum

195 1530 301 1563 esum
339 1515 659 1567 offerentibus
698 1517 963 1568 indultum
997 1520 1053 1567 in
1090 1519 1513 1569 communionem
1550 1518 1734 1571 altaris
1781 1517 2166 1584 perveniebant
2213 1518 2612 1583 participantes.

193 1600 315 1651 1C0r.
337 1604 405 1665 10,
430 1605 505 1656 16.
533 1606 615 1655 18.
664 1604 821 1655 Rom.
852 1607 932 1668 12,
962 1609 1007 1655 1.
1058 1604 1141 1655 cf.
1166 1606 1304 1655 Hist.
1329 1606 1394 1656 V.
1420 1606 1481 1655 T.
1508 1622 1558 1670 p.
1588 1606 1706 1655 142.
1735 1605 1852 1654 155.
1875 1620 1916 1655 s.
1968 1602 2120 1653 Sicut
2145 1601 2314 1653 Sacra
2338 1602 2616 1669 Scriptura

193 1688 291 1736 Novi
330 1689 633 1741 Testamenti
690 1691 861 1743 clavis
910 1696 993 1743 est
1037 1693 1107 1743 ad
1162 1693 1467 1758 aenigmata
1517 1692 1727 1741 Veteris
1780 1691 2109 1741 Testamenti
2163 1690 2482 1756 aperienda;
2537 1692 2616 1742 ita

193 1771 407 1840 Scriptura
424 1776 625 1829 Veteris
650 1779 983 1829 Testamenti
1019 1779 1193 1829 facem
1229 1779 1465 1844 praefert
1486 1779 1660 1841 Novo,
1687 1778 1893 1843 absque
1931 1792 2035 1843 quo
2071 1778 2362 1827 sanctuarii
2397 1777 2612 1839 lumine,

192 1876 319 1925 neque
363 1878 535 1914 sensus
585 1865 891 1930 plenitudo,
938 1882 1112 1932 neque
1158 1867 1529 1931 mysteriorum
1574 1880 1728 1929 seges
1769 1864 1925 1915 nobis
1974 1868 2198 1914 constat.
2269 1864 2422 1915 Haec
2470 1866 2612 1914 enim

192 1945 267 1995 duo
284 1948 593 2001 Testamenta
628 1956 873 2003 mutuam
908 1954 1299 2003 immeationem
1324 1955 1380 2002 in
1406 1968 1464 2001 se
1488 1952 1706 2015 habent,
1745 1952 1956 2017 sibique
1991 1952 2220 2001 invicem
2254 1951 2616 2001 testimonium

191 2035 391 2095 praebent
438 2052 499 2087 ac
550 2038 864 2103 perhibent3
922 2040 1067 2090 haud
1120 2044 1325 2090 tantum
1381 2039 1447 2089 de
1499 2040 1726 2089 veritate
1783 2044 1838 2088 et
1875 2039 2120 2103 ,genuino
2175 2053 2364 2100 sensu,
2413 2038 2508 2088 sed
2563 2044 2618 2089 et
2691 2034 2698 2043 ’

190 2124 395 2183 mysteriis
424 2126 626 2189 gratiae
662 2126 793 2175 hinc
829 2125 953 2176 inde
990 2126 1299 2189 latentibus,
1326 2132 1487 2192 atque
1524 2126 1812 2176 collatione
1843 2125 1940 2175 illa
1975 2124 2224 2191 neglecta
2259 2125 2616 2191 cognitionem

191 2214 369 2257 nostram
414 2210 761 2277 fugientibus.
833 2209 877 2277 β.
928 2213 1097 2283 Quod,
1132 2214 1345 2263 occasio
1396 2213 1611 2279 quidem
1659 2214 1936 2263 institutae
1981 2210 2035 2262 S.
2072 2210 2126 2262 S.
2160 2212 2533 2263 Eucharistiae
2582 2225 2617 2263 a

190 2292 414 2346 festivitate
444 2298 689 2363 paschali
728 2298 975 2350 desumta
998 2302 1083 2362 sit,
1109 2301 1374 2351 institutio
1404 2305 1585 2350 tamen
1620 2301 1863 2365 proxima
1882 2326 1949 2334 —
1967 2302 2030 2348 ut
2053 2298 2106 2348 S.
2131 2299 2287 2349 Pauli
2311 2300 2614 2349 testimonio

188 2378 317 2431 ICor.
341 2387 411 2447 11,
432 2386 513 2436 23.
548 2392 639 2437 sat
664 2386 1031 2437 indubitanter
1066 2388 1294 2437 traditur
1318 2415 1385 2423 —
1410 2388 1465 2437 in
1502 2386 1756 2437 mandato
1783 2385 1978 2436 Christi
2003 2386 2185 2448 lateat,
2214 2384 2428 2450 quando
2456 2384 2614 2435 dixit:

190 2466 301 2517 .Hoc
330 2470 469 2523 facite
502 2475 557 2523 in
594 2488 775 2523 meam
812 2476 1415 2525 commemorationem.“
1479 2474 1613 2525 Luc.
1639 2476 1724 2535 22,
1753 2476 1835 2524 19.

348 2558 379 2621 ¹)
414 2559 515 2609 Ubi
553 2560 951 2611 observandum
988 2566 1097 2611 est:
1134 2561 1512 2626 Evangelistas
1550 2562 1698 2611 varie
1735 2575 2024 2627 usurpasse
2061 2560 2159 2609 has
2197 2574 2358 2609 voces
2393 2575 2616 2626 graecas

190 2635 352 2708 ὲιλογεῖν
388 2648 420 2693 i.
445 2662 489 2696 e.
524 2648 880 2711 benedicere,
918 2653 972 2697 et
1008 2645 1310 2717 εὖχαριστεῗν
1346 2649 1380 2697 i.
1410 2664 1457 2697 e.
1494 2650 1695 2715 gratias
1739 2663 1914 2714 agere.
1975 2648 2112 2697 Nam
2149 2662 2190 2697 s.
2217 2646 2457 2710 Marcus,
2495 2663 2616 2709 cum

188 2725 235 2775 de
262 2742 373 2794 pane
405 2733 657 2800 loquitur,
692 2735 863 2784 utitur
896 2752 948 2785 v.
975 2732 1262 2803 εὐλογήσας,
1300 2750 1421 2785 cum
1458 2734 1524 2785 de
1561 2734 1732 2785 calice
1769 2731 2140 2803 εὐχαριστήσας.
2192 2732 2246 2784 S.
2271 2734 2451 2785 Lucas
2487 2750 2616 2785 vero

188 2821 224 2860 et
258 2830 292 2865 s.
313 2818 491 2871 Paulus
524 2826 761 2887 utroque
798 2822 919 2871 loco
954 2837 1005 2871 ν.
1045 2818 1415 2890 εὐχαριστήσας.
1479 2820 1693 2887 Optime
1739 2825 1918 2872 autem
1959 2820 2170 2871 videtur
2205 2821 2523 2885 Jansenius‚
2559 2823 2617 2871 in

190 2898 343 2952 Tetrst.
362 2922 401 2955 s.
424 2906 623 2959 Comm.
654 2908 757 2957 Εν.
786 2908 857 2957 ad
888 2907 1079 2958 Matth.
1114 2910 1197 2972 26,
1219 2909 1301 2957 26.
1328 2925 1381 2973 p.
1407 2910 1524 2958 232.
1560 2922 1796 2971 monere,
1831 2913 2115 2975 utrumque
2147 2908 2372 2958 verbum
2403 2923 2618 2959 servare

187 3000 297 3037 mm
326 2982 781 3059 significationem3
820 2994 995 3045 sedin
1018 3009 1129 3045 una
1153 2996 1365 3045 actione
1400 2994 1627 3061 intelligi
1664 2996 1824 3046 etiam
1861 2994 2102 3058 alteram,
2128 2996 2256 3061 quia
2291 2994 2448 3046 simul
2483 2994 2621 3046 fiunt

188 3076 417 3135 gutiarum
448 3082 589 3131 actio
630 3086 687 3131 et
721 3082 912 3131 oratio.
959 3081 1024 3130 Id
1060 3082 1191 3131 satis
1229 3082 1489 3147 probatur
1513 3097 1579 3131 ex
1607 3098 1690 3143 eo,
1729 3082 1874 3148 quod
1909 3097 2050 3133 unus
2085 3082 2440 3148 Evangelista
2473 3082 2620 3132 dicat

188 3158 415 3227 benedixit,
448 3166 584 3217 alter
622 3169 828 3232 gratias
864 3169 990 3233 egit.
1048 3168 1191 3217 Hinc
1227 3168 1366 3217 enim
1403 3168 1704 3234 colligimus
1743 3173 2026 3234 utrumque
2063 3182 2180 3219 esse
2215 3168 2432 3217 factum.
2481 3167 2618 3219 0011.

188 3244 325 3298 lTim.
351 3253 403 3313 4,
426 3254 473 3302 3.
506 3270 622 3319 seq.
688 3253 847 3316 Quod
894 3258 1073 3303 autem
1108 3254 1371 3303 Dominus
1406 3267 1601 3320 panem
1638 3255 1997 3317 benedixerit,
2043 3254 2302 3320 probatur
2338 3269 2404 3303 ex
2440 3254 2468 3303 I
2495 3254 2618 3304 Cor.

188 3334 243 3388 10,
274 3336 338 3385 16.
374 3338 459 3388 ubi
494 3346 721 3391 sanctus
754 3339 959 3391 Paulus
996 3340 1151 3389 dicit:
1200 3340 1365 3403 calix,
1410 3342 1495 3390 cni
1541 3340 1932 3404 benedicimus,
1979 3356 2156 3392 nonne
2202 3342 2615 3391 communicatio

186 3426 401 3487 sanguinis
444 3427 645 3479 Christi
690 3434 801 3494 est3
845 3429 939 3479 ubi
982 3430 1039 3479 in
1084 3444 1280 3495 graeco
1327 3434 1409 3479 est
1442 3426 1469 3478 ὃ
1506 3426 1828 3499 εὐλογοῦμεν,
1863 3430 1915 3481 h.
1951 3446 1996 3480 e.
2035 3446 2192 3496 quem
2236 3430 2620 3483 benedicimus.

188 3504 327 3573 Neque
365 3512 579 3565 dubium
632 3530 753 3566 esse
800 3520 1005 3582 potest,
1044 3516 1176 3581 quin
1220 3520 1439 3566 sanctus
1483 3517 1688 3567 Paulus
1733 3518 1890 3567 ritum
1939 3517 2414 3579 commendaverit,
2462 3534 2621 3583 quem

186 3596 341 3645 sciebat
378 3614 409 3649 a
451 3600 667 3652 Christo
716 3603 835 3668 ipso
880 3603 1047 3652 fuisse
1091 3606 1377 3653 servatum.
1450 3590 1606 3653 Idem'
1649 3608 1832 3669 aperte
1885 3604 2092 3654 indicat
2135 3609 2355 3655 sanctus
2402 3604 2620 3656 Marcus

188 3680 252 3734 14,
282 3684 351 3733 22.
402 3687 534 3737 Nam
580 3704 707 3739 cnm
752 3688 910 3738 dicit:
956 3693 1179 3754 accepto
1226 3703 1367 3753 pane
1402 3688 1729 3740 benedicens
1772 3690 1932 3757 fregit
1969 3695 2024 3741 et
2059 3690 2208 3740 dedit
2243 3692 2346 3753 eis,
2387 3690 2620 3741 dubitari

185 3780 263 3815 non
292 3777 460 3836 potest,
498 3775 649 3841 quod
684 3776 825 3825 sicut
858 3776 1018 3841 fregit
1050 3780 1106 3825 et
1138 3775 1301 3837 dedit,
1339 3776 1567 3826 refertur
1602 3776 1674 3826 ad
1708 3778 2001 3839 materiam,
2038 3778 2118 3827 ita
2154 3779 2314 3827 etiam
2347 3777 2624 3829 benedixit

188 3852 235 3899 ²d
278 3858 475 3910 eandem
527 3862 811 3913 referatur.
883 3863 1152 3923 Quocirca
1202 3868 1347 3913 recte
1399 3862 1654 3913 Ecclesia
1699 3864 1756 3912 in
1811 3863 2032 3915 Canone
2083 3864 2284 3914 Missae
2337 3868 2620 3930 utrumque

189 3944 379 4004 exprimit
419 3947 632 3999 dicens:
680 3950 892 4015 accepit
934 3964 1129 4015 panem
1174 3953 1230 3999 et
1272 3948 1496 3999 elevatis
1546 3949 1716 3999 oculis
1767 3950 1834 3999 ad
1883 3954 1936 3999 te
1983 3951 2157 4001 Deum
2207 3950 2419 3999 Patrem
2465 3966 2620 4000 suum

188 4030 557 4097 omnipotentem,
594 4036 694 4087 tibi
730 4038 933 4101 gratias
969 4050 1150 4102 agens,
1187 4034 1477 4097 benedixit,
1513 4036 1674 4101 fregit
1711 4040 1810 4085 etc.
1871 4036 2016 4085 Hine
2049 4038 2212 4101 igitur
2252 4040 2618 4101 argumentum

188 4114 379 4180 mmitur,
412 4136 521 4171 non
569 4122 737 4172 fuisse
782 4121 1057 4187 vulgarem
1104 4126 1159 4171 et
1202 4122 1341 4171 inter
1384 4120 1625 4171 «Iudaeos
1671 4123 1924 4172 usitatam
1969 4122 2420 4183 benedictionem,
2461 4136 2621 4187 quam

190 4196 377 4253 Christus
406 4206 457 4257 h.
492 4209 527 4259 1.
570 4208 746 4272 dedit,
784 4209 881 4259 sed
926 4208 1251 4275 peculiarem
1298 4214 1353 4258 et
1396 4208 1666 4273 propriam
1709 4208 1869 4258 huius
1914 4207 2259 4259 sacramenti.
2327 4206 2436 4256 Cur
2481 4209 2622 4257 enim

189 4282 509 4355 Evmgelistae
532 4294 637 4346 hoc
661 4302 773 4345 tam
798 4300 1047 4346 accurate
1084 4300 1407 4357 narrassent,
1438 4310 1559 4344 cum
1594 4296 1653 4344 in
1689 4310 1861 4345 coena
1893 4294 2138 4361 paschali
2174 4298 2227 4344 et
2263 4294 2530 4343 communi
2565 4294 2622 4343 id

190 4375 437 4443 reticerent3
482 4397 605 4431 cum
640 4387 825 4432 tamen
860 4386 923 4430 ut
954 4381 1187 4431 Rabbini
1231 4381 1450 4431 tradunt
1482 4382 1539 4430 in
1576 4396 1748 4431 coena
1784 4382 1909 4446 agni
1949 4396 2018 4431 ea
2062 4382 2388 4431 caerimonia
2423 4380 2624 4431 Judaei

188 4460 457 4519 pou-imum
492 4473 787 4519 uterentur.
834 4467 1023 4517 Noluit
1044 4483 1169 4533 ergo
1208 4467 1449 4518 Christus
1485 4472 1720 4518 veterem
1754 4467 1792 4517 J
1793 4468 2086 4519 udaeorum
2111 4468 2398 4519 observare
2435 4468 2621 4533 ritum3

188 4544 255 4591 ³0⁶
280 4563 455 4603 nomm
488 4556 787 4615 instituere,
826 4558 882 4602 et
918 4553 1118 4619 aliquid
1151 4553 1319 4605 multo
1354 4554 1525 4619 magis
1562 4552 1862 4603 admirandi
1897 4553 2170 4619 perficere.
