3267 5259
553 428 681 497 538

1643 612 1745 667 Pag.

622 691 687 739 N.
726 690 775 739 4.
812 690 1199 755 Epicureorum
1231 694 1283 739 et
1309 686 1609 739 Stoicorum

690 760 957 824 principia
1016 795 1603 809 ............
1647 760 1748 807 363

621 828 685 877 N.
724 829 772 877 6.
819 828 884 877 In
934 828 1375 891 significationem
1427 828 1607 877 vocis.

694 897 1301 959 „seminiverbius“
1359 896 1475 947 Act.
1525 897 1607 957 17,

695 968 775 1015 18.
814 967 1109 1030 inquiritur.
1160 966 1345 1016 Oratio
1384 983 1425 1017 s.
1452 934 1607 1015 Pauli

691 1036 747 1084 in
782 1035 1064 1099 Areopago
1100 1035 1350 1101 illiusque
1388 1035 1607 1085 effectus

690 1104 1061 1155 consideratur
1120 1140 1604 1155 ..........
1646 1104 1746 1154 364

622 1174 686 1223 Ν.
728 1175 773 1223 1.
810 1174 893 1223 De
930 1174 1211 1240 Areopago
1216 1210 1604 1223 ........
1663 1202 1728 1210 -

624 1260 687 1309 N.
725 1262 775 1310 5.
814 1260 932 1321 Quo
954 1276 1115 1311 sensu
1140 1276 1245 1311 vox
1268 1260 1384 1309 Act.
1414 1261 1494 1323 17,
1521 1261 1606 1310 22.

692 1325 1140 1397 ,,δεισιδαιμ.ονίαν“
1190 1330 1449 1379 sumenda
1484 1366 1497 1378 .
1536 1366 1551 1379 .
1588 1366 1602 1379 .
1665 1358 1724 1365 -—-

620 1398 685 1447 N.
726 1402 773 1448 1.
830 1398 1015 1448 Oratio
1071 1413 1113 1447 s.
1161 1399 1317 1449 Pauli
1378 1398 1606 1465 amplius

690 1467 1014 1517 dilucidatur
1068 1503 1602 1518 ...........
1643 1468 1744 1517 365

619 1537 870 1601 Dionysii
895 1536 1252 1603 Areopagitae
1277 1540 1475 1602 scripta
1497 1553 1605 1587 me-

692 1606 794 1655 rito
833 1608 1111 1671 supposita
1146 1606 1410 1655 habentur
1436 1642 1449 1655 .
1488 1644 1501 1655 .
1540 1642 1553 1655 .
1591 1642 1605 1655 .
1662 1633 1724 1643 —

624 1675 677 1725 S.
716 1675 1023 1728 Timotheus
1048 1675 1489 1726 Thessalonicam
1525 1691 1605 1725 re-

690 1744 928 1794 mittitur.
968 1744 1020 1794 S.
1058 1744 1259 1796 Paulus
1296 1744 1606 1794 Corinthum

691 1814 827 1879 petit
864 1850 1603 1864 ...............
1644 1815 1745 1863 866

622 1883 690 1932 N.
732 1885 777 1931 1.
828 1882 1087 1931 Graeciae
1124 1882 1313 1932 divisio
1363 1885 1464 1933 sub
1501 1884 1604 1933 Ro-

688 1952 873 2003 manis.
912 1952 1198 2003 Corinthus
1240 1953 1367 2004 urbs
1404 1953 1600 2002 nobilis

688 2020 988 2071 delineatur
1012 2057 1598 2071 ............

618 2089 672 2139 S.
698 2090 902 2139 Paulus
928 2090 1169 2139 Corinthi
1208 2090 1379 2153 docet,
1418 2091 1604 2141 scribit

687 2158 757 2209 ad
780 2158 1288 2210 Thessalonicenses
1326 2196 1601 2209 ......
1640 2159 1742 2208 366

617 2228 863 2293 Apostoli
901 2229 1064 2291 zelus,
1115 2230 1387 2279 accusatio
1426 2243 1606 2279 coram

688 2296 960 2360 Gallione,
1022 2297 1223 2348 reditus
1267 2297 1606 2347 Antiochiam
1643 2298 1745 2347 367

618 2366 810 2431 Apollo
848 2367 1076 2433 Ephesi,
1123 2367 1263 2417 idem
1308 2369 1457 2418 venit
1502 2367 1604 2417 Co-

689 2436 921 2486 rinthum
963 2472 1603 2487 .............
1659 2464 1724 2473 -

616 2505 680 2554 N.
718 2508 766 2554 9.
804 2505 984 2570 Apolli
1019 2506 1133 2555 fata
1169 2542 1601 2556 .........

546 2592 605 2670 ξ.
642 2592 742 2657 74.
789 2590 1031 2655 Prioris
1069 2590 1156 2654 D.
1182 2590 1367 2654 Pauli
1399 2590 1602 2655 Thes-

784 2676 1297 2741 salonicensibus
1322 2680 1603 2763 scriptae

784 2763 1101 2849 epistolae
1143 2774 1603 2849 argumentum
1640 2784 1797 2833 368.

614 2868 678 2919 N.
716 2869 765 2917 4.
802 2870 871 2919 D.
896 2868 1051 2918 Pauli
1076 2885 1191 2919 mos
1218 2869 1459 2919 ordiendi
1491 2869 1600 2935 epi-

613 2937 1387 3074 N.⁸{f’¹z⁶.0·„;0:1.;i,;0..;‚1;„;
1415 2975 1601 3059 aas:
1653 2966 1723 2977 “·

682 3076 944 3126 sariorum
980 3079 1277 3127 tentamina
1310 3078 1601 3144 prudenter

684 3150 924 3195 evertere
972 3146 1236 3197 studuerit
1272 3183 1598 3197 .......
1638 3149 1739 3197 369

615 3231 679 3281 Ν.
736 3234 785 3283 3.
856 3234 1053 3283 Mortui
1114 3249 1221 3282 non
1271 3232 1599 3300 deplorandi.

683 3302 747 3352 Iu
806 3304 1194 3353 resurrectione
1254 3304 1437 3353 futura
1490 3304 1597 3352 vivi

686 3372 907 3421 mortuis
944 3372 1330 3437 aequiparandi
1374 3408 1596 3423 .....
1636 3373 1738 3423 370

612 3438 677 3489 Ν.
714 3442 765 3489 4.
818 3440 957 3489 Num
1004 3456 1045 3489 s.
1081 3442 1283 3492 Paulus
1325 3458 1383 3492 se
1418 3458 1599 3492 nume-

682 3510 882 3559 raverit
916 3512 1053 3559 inter
1092 3526 1200 3574 eos,
1238 3513 1330 3576 qui
1363 3512 1433 3561 ad
1468 3511 1596 3561 alte-

686 3594 799 3628 rum
836 3580 1054 3628 Domini
1090 3580 1379 3631 adventum
1417 3595 1597 3646 super-

683 3648 836 3699 stites
874 3652 1088 3699 essent?
1113 3686 1595 3699 ..........
1655 3677 1717 3686 -

543 3734 603 3813 ἓ.
652 3734 753 3799 75.
800 3732 1141 3818 Epistolae
1188 3734 1273 3798 ad
1317 3734 1592 3797 Thessa-

804 3818 1165 3885 lonicenses
1220 3821 1594 3907 posterioris

803 3917 1257 3991 argumentum
1270 3962 1594 3975 .......
1633 3928 1735 3975 372

610 4010 885 4075 Digressio
922 4012 987 4060 de
1025 4013 1291 4062 sententia
1328 4016 1488 4077 atque
1514 4027 1596 4061 ra·

682 4082 826 4129 tione
856 4080 1137 4130 verborum
1168 4082 1237 4130 Π.
1265 4081 1451 4133 Thess.
1476 4082 1526 4144 2,
1548 4084 1595 4131 3.

684 4150 871 4211 „homo
892 4152 1159 4215 peccati“;
1188 4156 1241 4199 et
1258 4154 1307 4213 2,
1323 4152 1369 4202 7.
1395 4155 1486 4211 „ut
1504 4153 1597 4215 qui

679 4222 841 4280 tenet,
880 4234 1023 4267 nunc
1059 4224 1268 4269 teneat“
1299 4220 1597 4285 Scriptores

681 4287 747 4336 de
783 4287 866 4337 his
902 4286 1034 4338 locis
1072 4289 1423 4354 disquirentes
1477 4326 1489 4338 .
1528 4328 1541 4338 .
1583 4329 1593 4339 .
1632 4292 1734 4339 373

543 4375 601 4453 ξ.
652 4375 753 4439 76.
801 4372 867 4437 S.
914 4372 1100 4437 Pauli
1156 4376 1415 4437 tertium
1472 4376 1595 4439 iter

800 4460 1143 4523 missionis.
1175 4479 1286 4529 Iter
1321 4479 1595 4543 Ephesum

802 4562 990 4613 usque.
1010 4548 1309 4598 Duodecim
1329 4547 1594 4612 discipuli.

798 4615 1133 4667 Praedicatio
1170 4618 1371 4684 Ephesi
1428 4656 1438 4665 .
1480 4620 1737 4669 ..375

1795 616 1807 1410 4

2947 610 3056 667 Pag.

1924 686 2214 753 Apostolus
2240 688 2308 738 ad
2334 686 2557 737 Galatas
2581 688 2770 737 scribit
2793 725 2806 735 .
2845 724 2857 736 .
2899 724 2913 735 .
2953 690 3058 737 375

1923 757 1988 806 N.
2027 759 2076 807 4.
2115 756 2426 807 Galatarum
2453 759 2600 823 origo
2627 761 2681 807 et
2705 758 2851 821 regio
2897 794 2910 805 .
2969 785 3036 792 —

1925 826 1979 877 S.
2017 826 2174 875 Pauli
2199 826 2440 889 consilia,
2467 842 2632 893 opera
2655 827 2914 875 ulteriora

1993 896 2198 961 Ephesi
2253 902 2306 945 et
2357 897 2414 945 in
2469 895 2626 945 huius
2679 896 2912 945 viciniis.

1993 964 2222 1015 Primam
2269 965 2340 1015 ad
2377 965 2682 1016 Corinthios
2729 965 2918 1015 scribit

1994 1035 2274 1100 epistolam
2318 1070 2911 1084 ............
2949 1035 3058 1083 376

1923 1104 1988 1153 Ν.
2026 1106 2074 1153 6.
2111 1104 2369 1153 Demetrii
2401 1105 2692 1168 argentarii
2717 1104 2912 1153 seditio
2973 1130 3038 1139 —-

1923 1172 1977 1222 S.
1993 1172 2194 1222 Paulus
2212 1174 2268 1221 in
2287 1173 2621 1235 Macedonia,
2641 1172 2912 1236 Corinthi3

1991 1242 2216 1292 hiemem
2251 1242 2500 1307 Nicopoli
2541 1257 2702 1307 agere
2745 1242 2910 1291 medi-

1991 1316 2136 1361 tatur
2161 1348 2910 1362 ...............
2951 1312 3057 1359 377

1923 1398 1986 1447 Ν.
2027 1399 2074 1447 6.
2111 1397 2436 1463 Nicopolcos
2474 1399 2607 1447 situs
2632 1433 2909 1447 ......
2970 1424 3037 1433 -

1923 1467 2147 1517 Reditus
2167 1484 2262 1533 per
2281 1467 2652 1517 Macedoniam
2669 1467 2914 1516 Miletum

1991 1552 2163 1601 usque
2214 1572 2908 1586 ..............
2948 1534 3056 1584 378

1921 1606 1988 1655 Ν.
2043 1610 2091 1655 2.
2147 1606 2357 1655 Troade
2411 1608 2622 1655 iuvenis
2667 1612 2910 1655 mortuus

1993 1675 2062 1724 ad
2100 1676 2262 1725 vitam
2299 1680 2582 1725 revocatur
2635 1711 2910 1724 ......
2969 1702 3038 1709 -

1920 1743 2236 1795 Adhortatio
2273 1750 2327 1793 et
2363 1744 2646 1794 valedictio
2694 1744 2764 1793 ad
2801 1744 2910 1809 epi-

1991 1830 2186 1879 scopos
2221 1814 2585 1864 Ecclesiarum
2633 1849 2909 1863 ......
2977 1841 3033 1847 -

1919 1883 1985 1933 Ν.
2023 1886 2072 1933 8.
2121 1884 2427 1949 Presbyteri
2465 1899 2600 1948 quos
2638 1900 2682 1933 s.
2707 1882 2912 1931 Paulus

1989 1950 2232 2003 Miletum
2251 1954 2466 2003 vocavit
2489 1957 2642 2002 erant
2663 1952 2906 2017 episcopi
2969 1980 3036 1987 —

1921 2022 1986 2071 N.
2023 2024 2072 2071 9.
2128 2021 2238 2071 Cur
2285 2021 2572 2088 Apostolus
2627 2022 2912 2087 episcopos

1990 2105 2102 2140 una
2137 2097 2489 2157 congregatos
2515 2091 2686 2141 Mileti
2721 2106 2909 2139 monu-

1992 2161 2130 2209 erit?
2157 2195 2904 2211 ...............

1923 2227 2166 2294 Apostoli
2209 2230 2410 2280 reditus
2453 2228 2856 2293 Hierosolymas
2893 2264 2908 2277 .
2949 2230 3056 2277 379

1921 2298 2198 2363 Digressio
2227 2298 2269 2348 1.
2301 2299 2366 2348 de
2403 2300 2538 2349 urbe
2563 2304 2618 2348 et
2651 2299 2908 2363 supersti-

1989 2369 2133 2418 tione
2169 2368 2526 2433 Ephesiorum
2573 2403 2903 2417 .......
2961 2394 3032 2402 ———

1919 2437 2196 2501 Digressio
2231 2437 2303 2486 11.
2359 2437 2426 2487 de
2479 2453 2522 2488 s.
2559 2437 2728 2486 Paulo
2783 2452 2908 2485 cum

1987 2506 2172 2555 bestiis
2207 2512 2482 2572 pugnante
2525 2541 2907 2556 ........
2946 2506 3047 2555 381

1848 2593 1908 2672 ξ
1957 2594 2058 2659 77.
2104 2588 2584 2677 Argumentum
2643 2590 2906 2677 Episto-

2106 2677 2210 2742 lae
2271 2677 2356 2741 ad
2413 2677 2684 2743 Galatas
2729 2735 2742 2745 .
2781 2731 2795 2744 .
2833 2732 2848 2745 .
2888 2732 2902 2745 .

1915 2784 1979 2833 N.
2017 2785 2064 2832 4.
2101 2784 2198 2834 Vis
2235 2784 2488 2834 vocabuli
2523 2784 2644 2836 Gal.
2671 2786 2720 2845 2,
2745 2786 2902 2833 8-9.

1985 2846 2270 2920 „civilis-:pff
2308 2853 2626 2919 expenditur
2680 2888 2904 2903 .....
2944 2852 3052 2903 383

1916 2921 1981 2970 Ν.
2019 2923 2069 2971 2.
2105 2922 2461 2988 Expugnatur
2494 2922 2821 2973 insimulatio
2861 2936 2906 2971 s.

1983 2990 2213 3041 Paulum
2246 2993 2638 3042 inconstantem
2685 2992 2851 3041 fuisse
2887 3028 2901 3040 .
2961 3018 3030 3027 ——

1913 3060 1979 3108 N.
2018 3062 2066 3110 3.
2115 3060 2169 3110 S.
2207 3060 2411 3111 Paulus
2463 3060 2654 3111 salutis
2709 3061 2903 3110 doctri·

1985 3144 2108 3179 nam
2155 3146 2215 3180 se
2263 3145 2300 3180 a
2337 3130 2547 3182 Christo
2601 3130 2904 3180 immediate

1985 3198 2234 3249 edoctum
2271 3216 2388 3250 esse
2421 3200 2748 3250 demonstrat
2783 3236 2798 3249 .
2838 3236 2851 3247 .
2890 3236 2904 3247 .
2961 3226 3028 3237 -

1913 3286 1979 3335 N.
2005 3288 2054 3335 8.
2093 3286 2422 3351 Significatio
2445 3288 2598 3336 vocis
2631 3283 2904 3354 ημῖσίιηψ

1985 3355 2102 3405 Gal.
2141 3358 2190 3417 3,
2227 3358 2322 3419 203
2359 3361 2706 3405 recensentur
2739 3357 2902 3405 inter·

1982 3426 2312 3490 pretationes
2355 3426 2538 3475 variae
2583 3424 2904 3476 hemistichii

1981 3496 2174 3561 prioris
2223 3495 2330 3545 loci
2379 3496 2542 3546 citati.
2603 3494 2786 3544 Clavis
2831 3494 2904 3543 ad

1980 3562 2124 3613 hunc
2159 3564 2338 3614 locum
2375 3564 2744 3630 exponendum
2781 3601 2794 3613 .
2834 3600 2848 3613 .
2887 3600 2902 3613 .

1914 3650 1980 3699 N.
2029 3651 2078 3699 2.
2145 3649 2626 3701 commentariolus
2682 3650 2902 3701 alterius

1981 3718 2302 3770 hemistichii
2337 3718 2544 3769 laudati
2579 3719 2683 3769 loci
2727 3757 2740 3769 .
2779 3756 2792 3768 .
2831 3756 2847 3769 .

1913 3788 1979 3838 N.
1999 3790 2048 3837 3.
2079 3789 2359 3850 Quomodo
2384 3788 2498 3838 Lex
2525 3804 2583 3838 se
2609 3788 2806 3839 habeat
2830 3790 2900 3839 ad

1981 3860 2276 3923 promissa?
2307 3894 2896 3908 ............
2957 3888 3024 3896 —-—

1911 3927 1976 3977 N.
2031 3928 2080 3976 5.
2137 3926 2437 3977 Summaria
2490 3928 2776 3993 allegoriae
2831 3928 2902 3979 de

1981 3996 2156 4062 Agare
2201 4002 2256 4047 et
2291 3996 2427 4047 Sara
2473 3998 2732 4063 expositio
2777 4035 2790 4047 .
2831 4034 2845 4047 .
2886 4034 2899 4046 .

1909 4083 1976 4132 N.
2012 4084 2062 4133 4.
2099 4083 2241 4144 Quid
2267 4084 2368 4133 sub
2389 4085 2766 4149 expressione,
2771 4080 2900 4146 ,στί-

1981 4158 2180 4221 γματα“
2215 4155 2396 4269 νίθιιίαι
2429 4154 2742 4273 inqffiiiiggt
2765 4154 2838 4251 11:
2839 4171 2900 4271 :-

1979 4222 2846 4358 affalgoemgdssgriiffgpressa'fst.
2886 4330 2899 4343 .
2937 4296 3044 4343 388

2941 2698 3050 2745 382

2941 3566 3048 3615 385

2886 3722 3048 3771 ,386

2939 4000 3046 4049 387

1841 4380 1900 4457 ἓ.
1951 4379 2051 4443 78.
2099 4376 2398 4462 Epistola
2418 4376 2504 4441 ad
2529 4376 2901 4444 Corinthios

2099 4464 2332 4549 prima.
2357 4482 2584 4532 Occasio
2611 4484 2802 4548 prioris
2827 4484 2902 4533 ad

2109 4548 2411 4601 Corinthios
2448 4552 2736 4617 epistolae.
2775 4590 2789 4602 .
2829 4591 2842 4603 .
2885 4592 2898 4602 .
2935 4556 3044 4604 389

1915 4620 2090 4671 Huius
2127 4620 2386 4687 epistolae
2419 4626 2783 4687 argumentum
2831 4660 2842 4671 .
2885 4660 2895 4673 .
2959 4652 3024 4661 -
