3267 5259
1131 459 1415 506 chronotaxis
1445 461 1722 516 Evangelia.
2466 447 2669 500 XLVII

191 641 326 687 erat
369 637 430 686 in
477 637 794 702 deserto,
849 639 1072 691 fuisse
1129 641 1196 690 iu
1250 639 1536 691 vincula
1587 640 2019 703 coniectum;
2075 645 2141 690 et
2194 641 2347 690 sine
2400 639 2667 691 duobus

190 722 472 774 vinculis
499 738 634 774 non
671 740 888 790 posse
925 727 1092 776 iniri
1130 727 1576 778 concordiam
1611 728 1787 776 inter
1821 725 2342 792 Evangelistas.
2392 726 2501 777 Sed
2534 725 2667 778 haec

190 811 352 876 opinio
393 825 436 860 s.
471 809 790 878 Scripturae
839 812 1119 864 manifeste
1165 818 1443 880 repugnat.
1504 813 1646 875 Quia
1691 829 1735 862 α.
1787 819 1997 864 constat
2043 830 2087 865 s.
2121 813 2389 864 Joannem
2434 815 2667 865 nondum

189 902 384 962 captum
429 911 549 948 esse
597 913 634 947 a
679 897 963 962 synedrio,
1019 900 1234 966 quando
1283 899 1444 966 legati
1499 899 1739 952 eiusdem
1794 905 2054 952 venerunt
2101 900 2397 966 Baptistam
2448 903 2667 952 interro-

189 989 376 1048 gatum:
413 985 534 1050 quis
572 987 762 1036 esset?
805 984 1003 1036 Joann.
1043 989 1090 1050 1,
1128 987 1210 1037 19.
1271 986 1433 1052 Atqui
1469 986 1572 1036 hoc
1609 985 1807 1036 accidit
1842 993 1965 1053 post
1998 989 2257 1038 ieiunium
2292 986 2508 1050 Christi,
2544 1003 2669 1039 nam

189 1071 409 1122 Joannes
443 1071 619 1122 altera
655 1072 776 1136 die3
815 1074 850 1122 i.
885 1089 930 1122 e.
967 1073 1222 1140 postridie
1260 1075 1376 1126 eius
1414 1073 1537 1136 diei,
1575 1088 1683 1139 qua
1719 1073 1993 1141 respondit
2026 1073 2282 1140 legationi
2314 1075 2669 1138 Judaeorum3

189 1163 392 1210 testatus
427 1165 512 1210 est
555 1158 624 1209 de
664 1158 912 1212 Christo:
949 1175 1074 1210 ecce
1110 1175 1282 1226 agnus
1319 1161 1450 1210 Dei!
1489 1153 1614 1210 ’ίδεὸ
1649 1153 1801 1228 ἀμνὸς
1837 1161 1923 1210 τοῦ
1959 1157 2113 1210 Θεοῦἓ
2142 1189 2205 1198 -
2232 1161 2511 1212 Notandus
2547 1163 2668 1212 arti·

190 1244 324 1296 culus
357 1239 384 1292 ὅ
416 1245 630 1311 positus
669 1246 744 1297 ad
779 1245 1206 1312 significandum,
1247 1247 1393 1314 quod
1427 1248 1498 1298 sit
1531 1245 1622 1296 ille
1657 1249 2063 1313 praenuntiatus
2100 1261 2296 1314 agnus,
2345 1253 2670 1311 mansuetus,

190 1331 441 1382 ducendus
479 1332 550 1382 ad
589 1333 881 1396 victimam,
917 1334 1064 1384 iuxta
1097 1335 1410 1385 vaticinium
1445 1333 1639 1386 Isaiae.
1686 1335 1751 1384 V.
1788 1335 1927 1385 Hist.
1960 1334 2023 1385 R.
2060 1335 2127 1386 D.
2154 1335 2219 1384 N.
2245 1335 2307 1384 Τ.
2344 1351 2397 1400 p.
2423 1338 2507 1386 39.
2532 1352 2577 1387 s.
2606 1363 2671 1373 —

189 1419 324 1468 Tunc
367 1422 419 1468 et
471 1419 540 1470 de
597 1419 698 1470 illo
761 1421 1040 1486 baptismo,
1094 1437 1253 1488 quem
1307 1422 1421 1487 ipse
1477 1421 1879 1482 administravit,
1942 1422 2201 1472 rationem
2256 1421 2455 1486 reddit3
2512 1427 2671 1488 atque

191 1504 330 1556 docet
378 1505 652 1571 quomodo
709 1507 900 1558 Jesum
943 1509 1252 1574 agnoverit:
1306 1509 1433 1575 quia
1488 1507 1693 1558 viderat
1736 1508 2037 1560 columbam
2090 1507 2463 1560 descedentem
2510 1523 2674 1575 super

191 1594 362 1658 ipsum.
405 1593 610 1646 Joann.
653 1596 704 1656 1,
742 1596 966 1646 29-32,
1031 1596 1232 1646 Datum
1277 1597 1440 1662 igitur
1483 1595 1660 1646 fuerat
1706 1595 1808 1646 hoc
1854 1596 2213 1648 testimonium
2260 1595 2471 1648 Christo
2517 1611 2669 1663 prae·

191 1685 348 1742 unte,
399 1687 802 1748 proptereaque
841 1697 946 1732 non
993 1689 1144 1744 ante,
1194 1697 1354 1748 quam
1403 1684 1448 1732 is
1485 1698 1520 1732 a
1557 1682 1769 1734 deserto
1804 1697 2049 1734 reversus
2092 1687 2251 1734 esset.
2308 1683 2533 1735 Postera
2566 1683 2669 1746 die,

193 1768 473 1832 insequenti
527 1768 682 1818 dedit
735 1769 927 1820 iterum
982 1771 1366 1832 testimonium,
1423 1775 1476 1820 et
1519 1775 1649 1820 tunc
1700 1768 1941 1820 Andreas
1966 1775 2043 1820 -et
2090 1769 2227 1822 alius
2276 1769 2569 1836 discipulus
2605 1799 2669 1808 υ·-

193 1854 386 1919 ignotus
423 1854 642 1922 aliquis,
681 1857 778 1922 qui
803 1855 998 1908 Christi
1025 1863 1216 1923 postea
1252 1873 1360 1907 non
1395 1857 1498 1907 fuit
1518 1855 1829 1922 Apostolus.
1880 1855 1969 1906 Sic
1993 1855 2351 1918 Maldonatus,
2390 1856 2593 1908 Comm.
2616 1859 2672 1908 in

193 1941 237 1989 h.
261 1940 292 1990 Ι.
314 1958 364 2008 p.
391 1943 543 1994 1296.
573 1971 644 1980 ·-
670 1944 846 1994 secuti
881 1949 1004 1994 sunt
1039 1943 1324 1995 Christum.
1363 1943 1497 1994 Coll.
1524 1960 1572 1993 v.
1599 1945 1687 1994 40.
1730 1941 1839 1992 Sed
1876 1941 2116 1994 Christus
2151 1949 2285 1994 testo
2322 1943 2485 1994 Marc.
2514 1947 2563 2007 1,
2590 1947 2673 1994 12.

193 2027 310 2077 Luc.
333 2029 381 2090 4,
409 2031 455 2079 1.
495 2045 610 2080 non
649 2029 842 2081 habuit
875 2030 1184 2097 discipulos,
1223 2037 1511 2097 antequam
1546 2032 1649 2082 iret
1684 2031 1741 2080 in
1777 2030 2059 2082 desertum.
2114 2031 2197 2080 Ex
2236 2045 2299 2082 eo
2336 2031 2493 2093 enim,
2530 2031 2674 2098 quod

195 2113 422 2181 discipuli
463 2117 707 2168 Joannis
748 2117 812 2168 B.
851 2116 1116 2168 Christum
1153 2117 1352 2168 Joann.
1392 2121 1438 2180 1,
1478 2119 1563 2170 38.
1609 2117 1887 2183 adpellant
1920 2119 2115 2181 lumbi,
2162 2119 2479 2181 insinuatur,
2530 2118 2675 2184 quod

195 2202 288 2250 iam
318 2202 480 2254 Jesus
527 2205 812 2270 inceperat
847 2203 1065 2266 docere,
1113 2211 1166 2254 et
1212 2209 1370 2255 notus
1406 2205 1584 2256 fuerat
1617 2203 1785 2256 veluti
1822 2203 2021 2266 doctor,
2065 2203 2304 2271 alioquin
2341 2220 2461 2255 eum
2498 2204 2673 2256 Rabbi

197 2303 290 2338 uon
322 2296 628 2342 vocassent.
679 2290 958 2357 Completo
995 2296 1174 2342 autem
1218 2292 1422 2342 ieiunio
1450 2292 1630 2356 coepit
1664 2290 1887 2354 docere3
1926 2291 2147 2358 proinde
2174 2291 2267 2342 illa
2304 2293 2497 2354 omnia,
2535 2307 2673 2358 quae

195 2376 338 2426 refert
370 2395 412 2428 s.
437 2377 689 2429 Joannes
725 2377 1077 2444 Evangelista
1121 2377 1188 2428 de
1223 2378 1538 2428 testimoniis
1577 2393 1612 2428 a
1646 2377 1893 2444 Baptista
1929 2377 2139 2429 Christo
2178 2378 2341 2440 datis,
2388 2395 2498 2429 non
2534 2379 2671 2428 acci-

196 2461 369 2514 derunt
419 2466 524 2516 nisi
583 2472 711 2532 post
763 2481 1032 2518 secessum
1089 2464 1282 2516 Christi
1331 2466 1386 2516 in
1441 2465 1727 2516 desertum.
1801 2465 1851 2515 b.
1904 2464 2073 2516 Juxta
2117 2465 2460 2528 sententiam,
2517 2481 2674 2531 quam

195 2551 406 2602 sustinet
426 2553 607 2618 Lamy
635 2553 952 2619 pervertitur
987 2552 1118 2603 ordo
1143 2551 1496 2604 historiarum.
1543 2552 1835 2602 Enimvero
1862 2551 2181 2617 legationem
2204 2551 2419 2603 concilii
2441 2551 2675 2604 Judaeo·

197 2651 300 2688 mm
333 2638 564 2692 collocat
603 2646 732 2690 ante
766 2641 1088 2706 baptismum
1125 2639 1349 2702 Christi;
1387 2641 1480 2690 ubi
1516 2644 1697 2690 tamen
1724 2655 1755 2688 e
1778 2638 1977 2688 Joann.
2005 2642 2049 2702 1,
2078 2641 2161 2690 26.
2200 2639 2480 2690 manifeste
2512 2645 2676 2706 patet,

199 2725 328 2788 quod
369 2727 471 2777 ista
517 2727 728 2778 tardius
775 2727 1082 2792 contigerit:
1129 2725 1390 2793 siquidem
1441 2726 1713 2792 Baptistes
1759 2725 1951 2792 legatis
1997 2726 2141 2776 dicat
2188 2743 2319 2792 „ego
2363 2728 2579 2793 baptizo
2622 2728 2677 2776 in

199 2826 340 2876 aqua,
375 2815 588 2865 medius
627 2821 806 2865 autem
845 2821 1076 2866 vestrum
1113 2814 1272 2874 stetit,
1311 2829 1470 2879 quem
1507 2829 1602 2862 vos
1640 2813 1907 2864 nescitis.“
1969 2813 2093 2863 Jam
2130 2829 2255 2864 vero
2293 2814 2533 2865 Christ-us
2570 2831 2678 2864 non

199 2901 430 2965 apparuit
471 2901 662 2968 palam
708 2908 834 2952 ante
879 2902 1214 2967 baptismum.
1280 2900 1384 2962 „Et
1419 2915 1536 2966 ego,
1577 2901 1749 2966 pergit
1785 2915 1940 2966 porro
1980 2899 2221 2966 Baptista
2254 2901 2451 2953 Joann.
2491 2904 2539 2963 1,
2576 2905 2677 2963 31„

198 2987 486 3040 nesciebam
537 3005 694 3050 eum,
747 2989 842 3039 sed
887 2995 947 3038 ut
990 2988 1357 3038 manifestetur
1399 2989 1458 3037 in
1502 2987 1699 3050 Israel,
1756 2993 2038 3054 propterea
2092 2989 2215 3039 veni
2272 3005 2373 3054 ego
2427 2990 2481 3038 in
2536 3004 2681 3055 aqua

198 3073 520 3141 baptizans.“
595 3077 882 3126 Enimvero
931 3075 1000 3126 ad
1049 3075 1370 3141 baptismum
1416 3090 1586 3141 usque
1642 3075 1750 3139 egit
1803 3073 2047 3126 Christus
2103 3077 2265 3126 vitam
2312 3076 2579 3128 occultam
2624 3077 2679 3126 in

201 3160 462 3216 Nazareth.
524 3163 606 3213 Cf.
631 3161 818 3214 Matth.
845 3165 894 3226 3,
929 3165 1012 3214 13.
1059 3161 1224 3213 Marc.
1255 3165 1305 3224 1,
1331 3165 1379 3212 9.
1428 3163 1560 3212 Luc.
1587 3163 1636 3224 2,
1664 3163 1749 3212 51.
1808 3161 2037 3229 Insuper
2071 3162 2213 3212 idem
2251 3163 2475 3230 scriptor
2510 3162 2681 3227 Lamy

202 3247 344 3301 docet
375 3254 608 3317 primam
643 3250 888 3301 Andreae
927 3256 982 3300 et
1009 3251 1154 3300 Petri
1191 3251 1526 3300 vocationem
1563 3249 1869 3315 contigisse,
1908 3254 2032 3300 ante
2067 3251 2449 3316 profectionem
2488 3249 2679 3301 Christi

201 3337 249 3384 in
286 3337 581 3390 desertumz
617 3345 852 3388 attamen
889 3341 1024 3388 teste
1059 3351 1102 3386 s.
1145 3337 1328 3388 Marco
1367 3342 1422 3388 et
1465 3353 1508 3386 s.
1545 3337 1699 3393 Luca
1735 3336 2002 3388 Christum
2038 3337 2343 3388 immediate
2378 3343 2503 3404 post
2551 3338 2680 3403 bap-

203 3424 394 3476 tismum
438 3428 504 3476 iu
553 3425 820 3476 desertum
855 3424 1052 3476 abiisse
1089 3425 1396 3490 accipimus.
1435 3422 1594 3474 Nullo
1650 3425 1810 3490 igitur
1864 3423 2021 3474 modo
2076 3425 2397 3490 baptismum
2446 3425 2585 3474 inter
2631 3429 2684 3474 et

206 3510 446 3564 ieiunium
487 3513 656 3564 inseri
691 3517 866 3578 potest
899 3513 1110 3563 vocatio
1155 3527 1196 3561 s.
1223 3528 1266 3562 s.
1293 3510 1539 3562 Andreae
1581 3517 1634 3560 et
1670 3511 1840 3574 Petri3
1888 3511 2137 3576 quoniam
2180 3515 2363 3577 aperte
2405 3527 2447 3562 s.
2472 3511 2683 3562 Marcus

213 3597 330 3649 dicit
363 3605 408 3662 1,
451 3603 541 3652 12.
578 3599 722 3666 quod
760 3606 880 3666 post
915 3599 1236 3666 baptismum
1270 3599 1406 3650 Jesu
1443 3599 1616 3649 statim
1654 3599 1871 3664 spiritus
1908 3597 2111 3664 expulit
2146 3613 2267 3649 eum
2310 3599 2367 3648 in
2403 3598 2683 3650 desertum.

209 3684 284 3736 Ex
315 3686 410 3740 hoc
449 3689 623 3750 enim,
671 3688 814 3753 quod
856 3688 1034 3738 statim
1071 3689 1168 3738 ivit
1211 3685 1457 3738 Salvator
1500 3687 1554 3736 in
1591 3685 1882 3746 desertum,
1934 3689 1993 3734 ut
2036 3686 2297 3736 ieiunaret
2332 3686 2686 3752 quadraginta

209 3772 378 3826 diebus
401 3783 460 3828 et
485 3776 706 3826 totidem
733 3777 1004 3826 noctibus:
1031 3789 1367 3840 consequens
1404 3779 1501 3836 est,
1529 3773 1675 3838 quod
1694 3772 1829 3823 haec
1853 3787 1991 3838 quae
2018 3773 2204 3824 scribit
2221 3789 2263 3824 s.
2277 3773 2517 3825 Joannes
2540 3775 2683 3834 1,29.

211 3867 416 3924 postera,
471 3861 648 3913 altera
685 3863 765 3923 V„
809 3861 894 3912 die
929 3867 1097 3927 gesta,
1137 3877 1244 3912 non
1293 3860 1586 3911 acciderint
1621 3861 1924 3912 immediate
1959 3868 2082 3928 post
2116 3861 2437 3927 baptismum
2474 3860 2685 3912 Christi.

209 3947 444 4002 Ceterum
502 3950 836 4000 vocationem
880 3967 922 4000 s.
977 3966 1020 4000 s.
1069 3949 1214 3998 Petri
1263 3955 1315 3998 et
1369 3947 1631 4006 Andreae,
1682 3963 1803 3998 cum
1848 3948 1905 3996 in
1960 3947 2220 4013 principio
2272 3947 2687 4014 praedicationis

207 4034 382 4088 factam
437 4043 658 4088 narrant
691 4052 734 4086 s.
769 4035 1072 4086 Matthaeus
1109 4037 1158 4096 4,
1200 4035 1280 4085 18.
1319 4040 1372 4084 et
1414 4051 1457 4084 s.
1493 4035 1709 4085 Marcus
1749 4037 1795 4096 1,
1836 4035 1927 4098 163
1976 4050 2083 4084 non
2128 4050 2249 4085 esse
2294 4033 2517 4084 eandem
2566 4049 2686 4083 cum

210 4138 280 4182 ea,
313 4127 468 4176 cuius
506 4125 744 4176 meminit
778 4140 821 4174 s.
857 4123 1098 4174 Joannes
1138 4126 1184 4184 1,
1221 4123 1306 4172 40.
1345 4123 1446 4182 42„
1484 4120 1580 4172 sed
1615 4121 1713 4172 illa
1748 4121 1907 4187 longe
1943 4122 2291 4188 posteriorem
2322 4121 2688 4172 certissimum.

213 4209 485 4264 Enimvero
529 4211 699 4264 multa
742 4212 944 4262 indicia
1003 4211 1490 4262 manifestissimum
1549 4216 1781 4276 arguunt
1827 4209 2126 4260 discrimen.
2196 4208 2316 4259 Etsi
2368 4209 2573 4268 Petrus,
2623 4223 2688 4260 ex

213 4315 304 4362 quo
337 4301 409 4354 ad
441 4301 635 4352 Jesum
671 4299 930 4350 adductus
967 4314 1002 4349 a
1051 4299 1212 4350 fratre
1259 4303 1354 4360 est,
1410 4298 1679 4350 Christum
1734 4303 1950 4350 secutus
2005 4297 2075 4346 sit
2121 4294 2241 4346 coll.
2286 4295 2466 4346 Joann
2516 4297 2565 4358 2,
2612 4297 2688 4358 2.,

213 4389 324 4450 quia
357 4395 540 4440 tamen
579 4393 690 4438 tum
725 4387 841 4453 ipse
878 4387 1084 4437 venerit
1119 4385 1187 4436 ad
1223 4386 1427 4447 Jesum‚
1465 4401 1574 4436 non
1624 4401 1749 4436 vero
1786 4385 1961 4452 ipsum
1996 4383 2158 4435 Jesus
2208 4383 2499 4434 vocaverit:
2545 4383 2689 4434 Petri

216 4477 406 4527 vocatio
442 4475 634 4526 haberi
679 4473 818 4524 solet
852 4473 961 4535 illa,
1009 4489 1168 4539 quam
1205 4479 1424 4524 narrant
1457 4489 1499 4523 s.
1537 4473 1841 4524 Matthaeus
1878 4488 1920 4524 s.
1956 4471 2171 4522 Marcus
2218 4470 2253 4520 l.
2303 4487 2349 4522 c.
2384 4470 2607 4522 Frustra
2644 4489 2689 4520 c.

215 4559 356 4614 infert
387 4564 566 4628 Lamy
603 4579 633 4613 e
669 4561 858 4614 Matth.
895 4563 946 4622 4,
987 4563 1068 4612 12.
1119 4566 1172 4612 et
1205 4562 1370 4612 Marc.
1420 4562 1466 4622 1,
1520 4562 1602 4611 14.
1640 4562 1817 4611 statim
1864 4564 1987 4626 post
2032 4560 2376 4610 tentationem
2426 4557 2691 4610 Christum

217 4647 466 4704 inaudisse
496 4649 730 4702 Joannis
768 4650 1143 4715 captivitatem.
1183 4649 1258 4700 Ut
1283 4650 1425 4699 enim
1460 4663 1624 4714 supra
1659 4649 1765 4698 iam
1802 4647 2220 4710 observavimus,
2250 4663 2295 4698 s.
2320 4664 2362 4698 s.
2390 4645 2690 4696 Matthaeus
