3267 5259
609 430 731 495 126
1267 446 1383 487 nist.
1416 445 1523 487 nov.
1553 445 1642 488 «nv.
1671 445 1724 488 n.
1755 446 1804 489 r.
1835 446 2002 489 Period.
2032 446 2068 489 1.
2087 458 2180 499 οη.
2209 446 2408 489 aiterum.

602 618 791 681 unius
852 616 1147 703 discipuli
1210 621 1405 683 armis
1464 618 1550 682 ad
1612 621 1709 683 sui
1772 619 2220 688 defensionem
2279 619 2604 705 indigeret
2623 622 2663 684 ¹.
2730 621 2913 685 Haee
2967 620 3063 685 ubi

602 730 697 792 sic
742 728 923 812 fiunt,
968 752 1074 795 res
1121 730 1452 817 discipulis
1498 733 1796 796 timorem
1841 754 2154 816 magnum
2211 734 2532 797 incutiunt
2587 742 3062 817 tremoremque.

602 840 1034 905 Affirmarunt
1078 864 1149 907 se
1194 842 1299 906 vel
1346 852 1625 907 mortem
1671 842 1996 909 subituros
2043 864 2191 908 cum
2237 846 2402 930 ipso.
2467 844 2660 909 Nunc
2719 866 2874 909 vero
2933 868 3060 908 cum

601 952 830 1017 Jesum
878 955 1025 1039 capi
1056 953 1298 1037 vident,
1346 976 1547 1040 seque
1591 977 1726 1019 non
1757 954 2035 1019 liberare
2083 978 2168 1020 ex
2213 956 2511 1021 manibus
2555 956 2834 1021 hostium
2877 956 3063 1019 infen-

604 1066 1001 1131 sissimorum
1020 1115 1036 1147 ,
1085 1088 1235 1129 eum
1280 1065 1609 1149 deserunt,
1659 1066 2046 1152 fugiuntque
2092 1091 2225 1133 non
2269 1090 2437 1131 unus
2483 1090 2710 1132 eorum
2757 1068 2974 1154 aliquis
3009 1077 3062 1131 et

602 1176 789 1259 alter,
836 1176 954 1242 sed
1000 1177 1085 1241 ad
1128 1200 1331 1241 unum
1378 1180 1661 1243 omnes2.
1709 1178 1878 1243 Tum
1923 1181 2176 1244 iuvenis
2209 1180 2494 1265 quidam,
2541 1202 2578 1243 e
2609 1180 2762 1243 villa
2791 1182 3064 1266 proxima

604 1288 1031 1353 Gethsemani
1048 1338 1065 1371 ,
1131 1290 1217 1355 ad
1276 1291 1620 1356 tumultum
1683 1293 2004 1356 excitatus
2055 1301 2238 1357 veste
2283 1302 2608 1357 nocturna
2650 1302 2860 1357 tectus
2905 1291 3061 1356 Chri-

604 1410 773 1465 stum
820 1400 1247 1486 sequebatur;
1309 1414 1375 1467 et
1418 1404 1539 1467 nisi
1588 1403 1815 1488 fugam
1873 1413 2284 1486 maturasset,
2340 1404 2534 1467 etiam
2580 1414 2812 1490 captus
2856 1404 3060 1467 fuisset

604 1534 643 1575 a
676 1512 963 1595 cohorte,
998 1512 1174 1597 quod
1208 1513 1382 1577 edito
1417 1516 1601 1599 signo
1626 1515 1896 1579 Domini
1927 1524 2320 1580 sectatorem
2344 1538 2494 1579 eum
2519 1537 2662 1579 esse
2687 1516 3013 1599 agnoverit
3025 1516 3061 1574 ³.

1057 1776 1116 1854 §-
1150 1776 1253 1840 27.
1318 1773 1671 1837 Examen
1716 1784 1792 1839 et
1835 1773 2220 1838 iudicium
2265 1772 2643 1860 Caiphae.

808 1963 1085 2027 Romani
1130 1962 1341 2047 igitur'
1365 1962 1599 2027 milites
1646 1972 1842 2049 atque
1889 1966 2160 2029 ministri
2220 1963 2459 2028 iudaici
2519 1971 2784 2027 senatus
2799 1966 2844 2043 ⁴,
2909 1960 3064 2027 Juda

602 2075 791 2158 duce,
838 2074 880 2140 J
884 2098 1065 2139 esum
1094 2076 1407 2157 vinctum,
1452 2076 1671 2139 media
1713 2086 1908 2140 nocte
1955 2076 2212 2140 tradere
2250 2074 2645 2139 tenebantur
2675 2072 3064 2161 pontificibus

600 2190 921 2269 maximiS,
970 2198 1037 2252 et
1080 2186 1442 2251 senioribus
1487 2187 1742 2274 populi,
1793 2190 1902 2273 qui
1947 2190 2331 2273 sanguinem
2373 2189 2576 2273 ipsius
2623 2188 2911 2251 sitierant
2952 2187 3060 2247 iam

602 2298 867 2364 dudum.
922 2299 1027 2363 Ex
1072 2299 1259 2365 horto
1294 2299 1756 2364 Gethsemanis
1798 2302 2019 2385 itaque
2065 2309 2367 2385 stupente
2413 2298 2658 2386 populo
2705 2301 3062 2362 novitatem·

602 2434 729 2496 que
774 2414 1072 2493 mirante,
1120 2434 1269 2476 eum
1316 2410 1648 2476 duxerunt
1689 2412 2182 2497 Hierosolymas
2227 2415 2296 2476 in
2341 2412 2542 2477 aedes
2585 2412 2824 2476 Annae
2867 2411 3062 2475 Ponti·

600 2524 738 2587 ficis
785 2525 1049 2587 maximi
1070 2528 1112 2587 ⁵.
1180 2522 1287 2587 Nil
1348 2522 1430 2587 ab
1490 2526 1690 2587 Anna
1714 2596 1724 2605 ‚
1747 2534 2074 2611 patratum
2131 2526 2200 2589 in
2257 2527 2396 2589 eius
2441 2523 2636 2588 domo
2687 2526 2862 2587 circa
2903 2520 3060 2586 Chri·

600 2646 800 2719 stum,
860 2636 950 2700 nil
997 2638 1427 2722 quaestionis,
1473 2636 1561 2700 nil
1604 2637 1856 2720 iudicii,
1901 2638 2019 2702 sed
2064 2648 2412 2723 postquam
2457 2637 2712 2699 satiata-
2737 2645 2838 2699 est
2875 2634 3059 2719 ponti-

600 2746 740 2811 ficis
782 2747 1048 2811 videndi
1094 2748 1435 2833 cupiditas,
1482 2748 1526 2813 J
1531 2771 1712 2811 esum
1757 2748 1960 2813 veluti
2004 2770 2190 2812 reum
2221 2747 2307 2811 ad
2339 2747 2658 2834 Caipham
2691 2746 3060 2823 amandavit,

598 2880 683 2923 ne
714 2860 781 2921 in
813 2858 1093 2923 alienum
1139 2882 1372 2924 munus
1414 2860 1775 2925 invaderet.
1825 2860 2176 2925 Cohortem
2208 2862 2411 2945 sequi,
2459 2880 2608 2922 cum
2640 2858 2791 2923 huic
2821 2856 3058 2941 negotio

600 2969 1025 3053 incumberet,
1073 2994 1158 3035 ex
1201 2971 1533 3058 Apostolis
1580 2981 1788 3036 tutum
1849 2972 1971 3037 fuit
2028 2973 2290 3036 nemini.
2359 2971 2593 3035 Petrus
2649 2982 2904 3053 tamen,
2969 2966 3060 3052 qui

602 3104 751 3147 cum
780 3082 1043 3168 reliquis
1076 3083 1233 3167 fuga
1264 3083 1385 3147 sibi
1433 3084 1866 3167 consuluerat,
1915 3094 1980 3148 et
2025 3084 2186 3149 alius
2233 3083 2498 3169 quidam
2545 3106 2632 3147 ex
2664 3080 3002 3168 discipulis,
3031 3100 3058 3139 e

597 3194 953 3281 longinquo
988 3195 1451 3280 sequebantur,
1499 3206 1571 3259 ut
1612 3199 1708 3259 rei
1755 3206 2028 3281 coeptae
2078 3219 2224 3259 cum
2256 3195 2418 3260 Jesu
2461 3195 2660 3258 finem
2692 3198 3059 3280 spectarent.

600 3305 771 3386 Quia
824 3330 983 3371 vero
1046 3306 1399 3393 discipulus
1457 3308 1577 3371 iste
1634 3306 1925 3393 Caiphae
1988 3310 2254 3393 eiusque
2313 3306 2596 3371 familiae
2657 3318 2848 3371 notus
2891 3313 3059 3379 esset,

598 3420 860 3484 intravit
902 3420 1111 3504 ipsam
1156 3419 1479 3504 pontificis
1524 3423 1792 3485 maximi
1838 3420 2105 3503 aedem,
2153 3419 2304 3485 dein
2351 3432 2416 3483 et
2460 3428 2532 3483 ut
2572 3419 2810 3483 Petrus
2855 3417 3058 3481 admit·

597 3530 845 3585 teretur
890 3522 1261 3607 impetravit
1274 3525 1316 3584 ⁶.
1364 3523 1443 3586 In
1491 3525 1654 3587 atrio
1704 3522 1936 3589 cohors
1983 3546 2152 3609 quae
2197 3523 2241 3588 J
2245 3546 2426 3587 esum
2482 3522 2876 3603 deduxerat,
2927 3522 3058 3604 igne

810 3730 845 3799 ¹)
880 3733 963 3781 Ex
1000 3733 1082 3781 his
1108 3732 1261 3783 dictis
1289 3738 1342 3781 et
1365 3732 1520 3781 sactis
1545 3733 1580 3782 J
1586 3734 1743 3783 udaei
1770 3734 1860 3799 qui
1885 3733 2110 3783 aderant
2134 3746 2388 3783 summam
2407 3732 2688 3783 D.N.J.C.
2717 3729 3056 3781 mansuetudi-

505 3852 511 3857 -
596 3832 716 3867 nem
742 3816 1081 3883 divinamque
1107 3818 1263 3867 simul
1288 3819 1579 3885 potentiam
1604 3819 1902 3885 intelligere
1927 3820 2248 3885 potuissent3
2284 3820 2386 3869 nisi
2423 3834 2571 3869 mens
2602 3817 2710 3867 illis
2741 3818 2989 3883 pravitate
3017 3818 3059 3862 et

594 3906 877 3970 iniquitate
898 3905 1191 3955 obcoecata
1210 3904 1413 3955 suisset.
1440 3904 1481 3969 ²)
1504 3905 1754 3970 Legimus
1775 3906 1880 3955 ista
1899 3906 2042 3971 apud
2063 3920 2103 3955 s.
2125 3920 2167 3954 s.
2185 3904 2351 3954 Math.
2371 3904 2454 3966 26,
2476 3904 2558 3955 36.
2579 3918 2621 3953 s.
2642 3905 2810 3953 Marc.
2832 3907 2908 3962 14,
2931 3904 3004 3951 32.
3025 3916 3058 3947 s.

594 3993 725 4042 Luc.
752 3994 836 4053 22,
852 3992 934 4040 39.
962 3992 1158 4040 Joann.
1196 3993 1275 4053 18,
1299 3994 1345 4040 1.
1385 3990 1426 4055 ³)
1457 3990 1623 4039 Mare.
1646 3993 1728 4053 14,
1749 3992 1832 4041 50.
1854 3992 1938 4039 51.
1975 3990 2018 4053 ⁴)
2041 3991 2144 4051 Qui
2163 3990 2310 4039 missi
2331 3995 2482 4039 erant
2501 4004 2620 4039 cum
2639 3990 2922 4055 praefectis
2945 3988 3058 4036 suis.
3163 3994 3165 4023 ῑ

597 4076 636 4145 ⁵)
666 4078 875 4127 Habuit
889 4076 1123 4141 Caiphas
1144 4092 1362 4127 uxorem
1380 4076 1542 4126 filiam
1556 4076 1758 4138 Annae,
1779 4075 1902 4125 hinc
1916 4077 2098 4126 Annas
2118 4076 2287 4142 ipsius
2307 4090 2460 4126 socer
2477 4075 2593 4124 fuit.
2606 4074 2686 4124 Ad
2701 4076 2908 4125 Annam
2919 4090 3058 4139 prop·

596 4170 745 4213 terea
770 4165 933 4229 prius,
957 4177 1114 4229 quam
1143 4162 1211 4213 ad
1238 4163 1514 4228 Caipham,
1543 4164 1635 4227 qui
1661 4168 1776 4213 erat
1793 4162 2034 4229 pontifex
2059 4164 2187 4212 anni
2209 4162 2370 4225 illius,
2400 4163 2591 4212 ductus
2619 4168 2702 4211 est
2725 4162 2761 4211 J
2765 4178 2910 4224 esus3
2935 4158 3058 4225 quod

594 4250 783 4299 milites
820 4264 949 4315 prae
986 4250 1261 4315 voluptate
1299 4249 1366 4298 de
1402 4248 1497 4298 tali
1534 4262 1598 4298 ac
1633 4253 1784 4299 tanto
1824 4250 2038 4314 captivo
2075 4251 2363 4314 gestientes
2401 4250 2867 4314 apparatissimum
2891 4250 3056 4297 Annae
3161 4250 3163 4291 ;

594 4336 956 4400 spectaculum
978 4336 1225 4386 exhibere
1244 4335 1540 4396 voluerint,
1578 4351 1689 4385 non
1723 4336 1896 4401 ignari
1935 4340 1990 4385 et
2013 4350 2208 4399 genero
2247 4340 2302 4384 et
2325 4350 2511 4385 socero
2537 4334 2591 4383 id
2617 4334 2732 4384 fore
2758 4338 3057 4400 pergratum.

596 4420 676 4471 Cf.
726 4438 766 4471 s.
815 4422 1124 4487 Augustini,
1170 4424 1227 4471 in
1264 4422 1459 4471 Joann.
1514 4426 1575 4470 tr.
1617 4422 1743 4484 113,
1782 4423 1828 4471 5.
1879 4438 1930 4486 p.
1969 4423 2085 4471 788.
2167 4419 2207 4487 ὅ)
2269 4420 2524 4481 Quisnam
2561 4425 2741 4469 autem
2778 4422 2879 4471 iste
2921 4418 3060 4468 fuerit

595 4506 904 4572 discipulus,
942 4524 1007 4557 ex
1043 4513 1219 4558 mente
1259 4524 1299 4558 s.
1337 4508 1642 4571 Augustini,
1681 4508 1736 4556 in
1774 4507 1970 4556 Joann.
2009 4513 2071 4556 tr.
2113 4511 2228 4569 113,
2257 4508 2304 4556 3.
2341 4522 2450 4557 non
2476 4512 2674 4555 temere
2711 4504 3057 4556 affirmandum
3159 4570 3161 4583 ἶ

595 4598 689 4655 est,
726 4594 855 4658 quia
890 4598 1113 4643 tacetur.
1151 4610 1203 4659 p.
1231 4595 1346 4644 786.
1405 4592 1742 4658 Quamquam
1787 4592 1841 4641 id
1879 4598 2000 4657 post
2035 4608 2077 4643 s.
2115 4591 2569 4657 chrysostomum,
2607 4592 2664 4641 in
2701 4592 2902 4642 Joann.
2935 4591 3056 4639 hom.
