3267 5259
736 428 981 471 Annotatio
1006 428 1253 480 praeposita
1278 427 1331 470 cle
1358 428 1578 471 Historiae
1604 429 1716 472 Novi
1743 430 2011 471 Testamenti
2039 430 2223 471 obiecto.
2667 416 2715 464 V

234 602 689 688 Apostolorum
724 602 1069 669 Ecclesiae
1112 605 1438 668 nascentis
1478 604 1852 690 primordia,
1899 606 2312 687 incrementa,
2362 608 2716 669 certamina

237 726 297 779 et
338 717 639 781 victorias
688 716 1037 782 exhibent:
1084 728 1156 781 ut
1201 725 1266 781 et
1304 716 1436 781 Dei
1480 716 1960 803 providentiam
2005 720 2072 781 in
2117 740 2195 782 ea
2241 718 2712 802 constituenda,

233 827 597 915 amplianda
644 840 714 894 et
758 829 1083 894 servanda
1130 853 1635 915 cognoscamus;
1692 841 1757 896 et
1799 832 2039 917 pietate
2083 854 2216 895 non
2261 832 2470 895 minus
2519 854 2712 918 quam

232 942 543 1028 sapientia
605 964 997 1009 crescamus.
1086 942 1197 1007 Ad
1263 953 1662 1008 extremum:
1731 944 2163 1009 Historiarum
2233 942 2584 1009 Salvatoris
2650 955 2716 1009 et

230 1054 695 1140 Apostolorum
740 1058 977 1121 seriem
1024 1058 1391 1124 contexturi
1440 1056 1505 1121 S.
1549 1056 1614 1122 S.
1661 1057 1736 1121 P.
1779 1056 1871 1140 P„
1920 1056 1984 1122 S.
2030 1056 2095 1122 S.
2143 1081 2198 1122 e.
2243 1080 2320 1140 e.,
2369 1067 2434 1123 et
2476 1058 2712 1143 probo-

228 1193 357 1233 rum
426 1172 869 1256 interpretum
934 1182 1216 1237 mentem
1285 1180 1351 1235 et
1418 1172 1767 1235 sententias
1835 1172 2348 1257 praetermittere
2415 1170 2513 1234 fas
2579 1194 2711 1235 non

230 1282 533 1347 duximus
562 1288 598 1346 ¹.
686 1282 777 1348 Ut
836 1294 1053 1349 tamen
1112 1307 1269 1349 vera
1328 1306 1369 1347 a
1427 1283 1623 1367 falsie,
1689 1290 1868 1349 certa
1926 1306 1966 1347 a
2025 1281 2254 1367 dubiis,
2317 1285 2570 1349 sincera
2627 1283 2710 1349 ab

227 1396 621 1483 apocryphis
706 1408 1203 1462 secernerentur
1228 1447 1245 1479 ,
1331 1406 1802 1482 quantumpote
1887 1395 2226 1481 diligenter
2307 1398 2710 1461 curavimus:

226 1532 429 1573 rerum
476 1520 821 1595 gestarum
868 1510 1438 1595 doctrinarumque
1493 1532 1810 1574 summam
1875 1511 1964 1573 ita
2025 1532 2379 1594 exponere,
2444 1518 2516 1573 ut
2557 1496 2726 1573 nihil'

226 1622 415 1687 ferme
482 1622 890 1705 diceremus,
958 1622 1134 1708 quod
1200 1645 1333 1688 non
1399 1622 1709 1709 gravibus
1774 1621 2373 1708 probatissimisque
2439 1622 2712 1687 testibus

224 1736 609 1800 firmaretur.
673 1734 969 1815 Quorum
1016 1736 1260 1801 idcirco
1294 1737 1684 1819 testimonia,
1732 1758 1818 1800 ex
1863 1735 2374 1800 accuratioribus
2421 1735 2712 1801 editioni-

222 1848 351 1927 bus,
398 1850 463 1913 in
496 1858 700 1913 textu
743 1847 850 1912 vel
894 1850 1061 1913 notis
1089 1848 1237 1914 libri
1280 1851 1751 1932 annotavimuS,
1798 1848 1901 1913 vel
1931 1850 2184 1934 integra
2223 1871 2420 1935 saepe
2453 1850 2710 1934 saepius

220 1962 653 2027 laudavimus„
702 1961 891 2026 Haec
918 1961 1282 2045 habuimus,
1310 1986 1475 2049 quae
1503 1962 1584 2027 de
1608 1963 1694 2026 H.
1711 1962 1788 2026 R.
1806 1962 1890 2026 D.
1907 1961 1986 2026 N.
2007 1959 2081 2025 T.
2107 1984 2710 2048 praemoneremus3

220 2086 403 2161 atque
464 2074 607 2140 hoc
668 2073 1134 2159 Historiarum,
1198 2099 1359 2162 quas
1422 2076 1806 2140 exhibemus
1867 2073 2202 2139 consilium
2265 2084 2393 2158 est,
2453 2077 2521 2138 in
2583 2097 2710 2160 quo

221 2212 357 2252 cum
402 2188 564 2253 divo
620 2188 986 2273 Augustino
1010 2191 1037 2232 ²
1081 2190 1363 2254 fatemur
1392 2212 1546 2254 nos:
1594 2211 1702 2271 ,ex
1733 2210 1958 2252 eorum
1991 2211 2260 2253 numero
2294 2210 2436 2252 esse
2471 2190 2710 2271 conari,

220 2302 321 2386 qui
364 2300 787 2389 proficiendo
834 2302 1124 2367 scribunt
1170 2314 1235 2367 ct
1285 2301 1631 2367 scribendo
1680 2300 2043 2388 proficiunt.
2120 2300 2314 2366 Unde
2369 2303 2422 2365 si
2468 2301 2710 2388 aliquid

218 2414 313 2477 vel
356 2417 697 2479 incautius
744 2414 850 2479 vel
894 2415 1214 2481 indoctius
1262 2439 1302 2480 a
1336 2438 1442 2481 me
1487 2416 1772 2502 positum
1803 2424 1918 2497 est,
1967 2414 2144 2500 quod
2195 2437 2328 2479 non
2373 2414 2580 2479 solum
2627 2414 2708 2478 ab

217 2526 364 2611 aliis,
413 2530 529 2615 qui
578 2528 813 2592 videre
859 2528 925 2593 id
970 2539 1259 2615 possunt,
1307 2530 1534 2594 merito
1582 2528 2118 2617 reprehendatur,
2164 2550 2391 2592 verum
2439 2528 2630 2591 etiam
2671 2550 2712 2591 a

216 2662 311 2704 me
342 2642 524 2727 ipso;
580 2664 711 2705 nec
744 2641 1111 2706 mirandum
1146 2652 1243 2707 est
1271 2664 1394 2707 nec
1426 2640 1798 2725 dolendum,
1841 2640 1957 2705 sed
1989 2642 2204 2728 potius
2235 2640 2707 2725 ignoscendum

216 2762 401 2838 atque
448 2754 959 2839 gratulandum3
1006 2778 1139 2820 non
1187 2756 1341 2841 quia
1386 2765 1672 2819 erratum
1706 2766 1822 2837 est,
1869 2754 1986 2819 sed
2033 2755 2185 2839 quia
2229 2753 2709 2840 improbatum!

214 3003 289 3052 Ad
324 3020 435 3067 res,
476 3010 532 3054 et
570 3018 743 3053 voces
781 3002 976 3052 Christi
1012 3001 1412 3068 percipiendas,
1460 3001 1656 3053 Christi
1693 3002 1880 3068 spiritu
1918 3000 2174 3052 accedere
2211 3006 2527 3067 satagemus.
2587 3001 2709 3050 Dux

213 3092 319 3156 ipse
356 3098 439 3142 est
476 3090 833 3143 venientibus
871 3090 939 3139 ad
977 3105 1051 3142 se.
1111 3090 1193 3139 Ad
1230 3091 1401 3155 ipsum
1440 3105 1547 3139 non
1582 3090 1705 3150 itur,
1745 3090 1847 3137 nisi
1883 3105 1978 3154 per
2012 3091 2202 3155 ipsum.

418 3180 457 3242 ¹)
496 3179 711 3227 Verum
758 3178 897 3227 enim
952 3175 1281 3242 Theologum
1328 3178 1363 3227 i.
1402 3192 1448 3225 e.
1499 3177 1600 3226 Dei
1651 3182 1704 3226 et
1753 3176 1964 3225 divinae
2010 3176 2335 3226 Traditionis
2391 3174 2706 3239 discipulum

214 3266 419 3315 minime
457 3265 639 3327 decet,
678 3266 736 3313 in
774 3280 831 3313 re
869 3279 1079 3329 quaque
1118 3262 1247 3329 quid
1284 3263 1563 3315 orthodoxi
1590 3262 1849 3328 Theologi
1889 3261 2178 3325 docuerint,
2218 3262 2304 3311 vel
2341 3263 2584 3327 ignorare
2621 3261 2709 3311 vel

214 3353 466 3402 omittere.
518 3352 723 3417 Itaque
760 3350 817 3399 iu
851 3350 1097 3400 Historiis
1136 3350 1313 3401 Sacris
1352 3350 1680 3412 enarrandis,
1719 3365 1826 3399 non
1861 3349 2034 3399 solum
2071 3354 2308 3398 veterum
2347 3349 2707 3414 expositorum

214 3439 667 3505 cogitationibus;
706 3436 803 3487 sed
830 3438 987 3487 etiam
1018 3436 1282 3495 intenlum
1320 3437 1495 3485 verbis
1521 3438 1603 3486 usi
1630 3452 1829 3487 sumus.
1880 3436 1984 3485 Per
2008 3450 2190 3486 omnes
2217 3450 2308 3485 eos
2335 3436 2424 3500 qui
2451 3435 2709 3500 scripsere

214 3526 435 3576 antehac
475 3527 796 3591 scriptores,
834 3524 1121 3590 profecisse
1158 3540 1257 3574 nos
1292 3539 1401 3573 non
1438 3522 1746 3587 diffitemur3
1797 3524 1925 3588 quin
1971 3522 2262 3589 gaudemus
2299 3520 2707 3587 gloriamurque.

215 3612 337 3663 Esto
374 3613 655 3663 habeatur
692 3611 831 3661 liber
866 3615 1045 3660 noster
1088 3626 1183 3675 pro
1231 3610 1509 3672 breviario,
1550 3609 1694 3675 quod
1731 3626 1795 3659 ex
1833 3609 2011 3659 aliena
2055 3625 2198 3675 penu
2236 3607 2707 3674 depromserimus3

215 3716 424 3767 quoquo
460 3698 637 3750 modo
662 3698 757 3747 ille
795 3697 1003 3747 demum
1042 3696 1366 3763 adpelletur:
1404 3713 1511 3746 non
1536 3703 1721 3746 nostra
1744 3696 1920 3759 refert,
1957 3695 2112 3746 modo
2150 3712 2269 3745 cum
2291 3694 2446 3746 molis
2470 3697 2540 3745 sit
2571 3697 2706 3745 eius—

214 3787 349 3837 modi
386 3802 613 3853 corpm,
656 3784 803 3850 quod
827 3800 927 3833 nec
952 3786 1209 3833 tenuitate
1245 3782 1522 3845 deficeret3
1559 3799 1736 3850 neque
1761 3784 1924 3833 nimia
1947 3784 2196 3834 vastitate
2222 3781 2456 3831 taedium
2488 3788 2706 3845 crearet,

214 3875 341 3924 citra
384 3874 677 3924 fastidium
728 3872 959 3936 legatur,
1012 3874 1065 3920 et
1108 3870 1346 3920 collectis
1391 3870 1625 3935 undique
1671 3870 1961 3920 luminibus
2009 3870 2314 3919 coelestium
2364 3884 2538 3919 rerum
2587 3870 2707 3935 piae

214 3962 455 4013 notiones
492 3961 687 4011 animo
726 3959 1049 4024 ingerantur.
1122 3956 1162 4023 ²)
1196 3958 1300 4023 Ep.
1329 3958 1444 4019 143,
1472 3958 1521 4006 2.
1560 3956 1719 4022 Oper.
1749 3956 1830 4007 ed.
1856 3957 2044 4007 Venet.
2074 3957 2220 4006 1729.
2258 3956 2328 4019 ΙΙ,
2354 3958 2472 4005 463.
