3267 5259
590 421 717 486 282
1340 436 1403 477 no
1430 435 1627 478 fontibus
1654 436 1816 479 mator.
1846 436 1898 479 D.
1929 437 1984 479 n.
2011 437 2054 479 J.
2087 437 2132 480 c.
2163 448 2314 480 eom.

588 616 851 674 maxime
872 615 1085 675 diffusa
1106 621 1249 687 erat,
1282 618 1612 694 quibusque
1634 616 1914 677 Romanis
1937 619 2196 692 cognita:
2229 621 2288 674 et
2311 618 2437 675 iure
2468 619 2832 677 arbitramur
2851 640 2894 677 s.
2911 621 3044 677 Mar-

590 740 723 779 cum
747 738 985 795 graecae
1006 720 1243 795 linguae
1268 724 1455 795 magis
1476 740 1545 779 ac
1566 721 1787 781 latinae
1811 723 2067 798 peritum
2095 722 2304 791 fuisse3
2337 722 2504 781 illam
2535 726 2696 781 enim
2727 723 3048 781 familiarem

587 831 646 883 et
696 826 1114 903 quodammodo
1172 825 1551 883 vernaculam
1610 826 1838 883 habuit..
1923 824 2090 883 Unde
2143 832 2202 883 et
2255 845 2526 901 graecum
2587 828 2714 885 eius
2766 828 3048 902 Evangelii

588 935 819 987 textum
865 949 1003 1005 prae
1048 928 1233 987 latino
1272 930 1597 1004 elegantem
1645 930 2010 987 invenimus:
2060 930 2332 987 Ceterum
2378 930 2576 989 nullus
2613 951 2754 989 sane
2785 934 2900 989 iam
2925 943 3048 989 esset

585 1034 967 1108 disputationi
998 1033 1156 1091 locus
1175 1078 1188 1103 ,
1238 1040 1438 1091 utrum
1468 1034 1658 1091 latina
1687 1054 1764 1091 an
1794 1053 2000 1108 graeca
2040 1034 2244 1108 lingua
2287 1055 2426 1091 usus
2457 1036 2666 1105 fuerit,
2709 1037 2758 1093 si
2792 1038 2892 1113 qui
2919 1038 3048 1111 apud

588 1136 837 1195 Venetos
856 1138 1180 1195 custoditur
1200 1139 1380 1195 codex
1392 1139 1655 1195 ——cuius
1674 1138 2072 1211 fragmentum
2091 1138 2341 1212 Pragam
2369 1140 2664 1214 perlatum
2688 1148 2776 1197 est
2789 1142 3048 1215 —ipsum

588 1240 997 1315 Evangelistae
1052 1238 1384 1323 αὺτὸγρριφον
1438 1262 1557 1299 esse
1609 1247 1899 1299 constaret
1927 1240 1962 1299 ¹.
2039 1242 2152 1299 Sed
2205 1244 2364 1301 enim
2424 1245 2608 1301 Marci
2663 1243 3045 1318 Evangelium,

587 1344 737 1423 quod
772 1364 944 1421 penes
974 1344 1223 1403 Venetos
1254 1366 1389 1415 esse,
1425 1348 1610 1404 maior
1641 1348 1924 1404 iactantia
1953 1364 2130 1424 quam
2175 1350 2302 1404 veri
2345 1349 2561 1423 species
2599 1348 2751 1417 fuit;
2803 1368 2916 1406 non
2951 1368 3050 1405 esse

586 1448 909 1523 genuinum
940 1450 1300 1525 archetypon
1332 1454 1679 1524 argumenta
1708 1450 1956 1507 suadent
1986 1446 2405 1524 gravissima22
2457 1471 2510 1508 a.
2556 1472 2782 1509 errores
2813 1452 3048 1511 librarii:

586 1556 643 1611 b.
678 1555 879 1614 variae
910 1556 1315 1624 correctiones3
1366 1574 1415 1612 c.
1462 1552 1857 1630 capitulorum
1887 1556 2243 1624 notationes3
2288 1555 2344 1611 d.
2393 1573 2581 1612 sermo
2619 1554 2862 1613 latinus.
2913 1554 3051 1617 Quae

586 1660 783 1717 omnia
825 1658 1003 1715 simul
1042 1658 1305 1717 redolent
1348 1662 1598 1717 aetatem
1645 1658 1814 1731 longe
1871 1658 2280 1715 recentiorem.
2356 1656 2512 1720 Quid
2567 1657 2758 1716 multa
2801 1679 2852 1717 e.
2897 1660 3052 1716 codex

797 1880 833 1947 ¹)
870 1882 1063 1931 Latine
1102 1898 1141 1931 s.
1168 1882 1409 1931 Marcum
1442 1883 1719 1947 scripsisse
1744 1886 2025 1947 putarunt:
2065 1881 2438 1942 Belial-minus,
2473 1881 2538 1931 de
2573 1883 2755 1931 Verbo
2791 1882 2892 1931 Dei
2921 1882 2982 1940 11,
3016 1883 3053 1929 ἵ.

584 1987 638 2036 p.
667 1972 781 2020 130.
818 1968 1098 2029 Batonius,
1124 1967 1316 2018 Annal.
1342 1983 1390 2017 a.
1412 1970 1495 2018 45.
1522 1984 1573 2017 n.
1594 1970 1816 2018 39—41.
1837 1985 1888 2033 p.
1914 1970 2030 2018 331.
2053 1984 2095 2018 s.
2133 1968 2477 2027 Possevinus,
2505 1968 2706 2033 Appar.
2727 1983 2838 2018 sac.
2861 1968 2938 2018 ed.
2959 1967 3055 2016 Col.

588 2058 739 2107 1608.
776 2056 845 2117 11,
872 2058 955 2107 59.
994 2054 1285 2115 Salmeron,
1311 2055 1445 2120 prol.
1474 2055 1691 2104 XXXV.
1719 2072 1766 2120 q.
1793 2055 1920 2119 ling.
1947 2056 2126 2121 script„
2154 2056 2262 2105 sint
2283 2056 2385 2105 E-v.
2417 2071 2467 2119 p.
2490 2056 2610 2103 431.
2640 2070 2683 2104 s.
2721 2056 2796 2104 M.
2815 2054 3056 2111 Inchoi'er‚

584 2144 855 2194 Historiae
888 2157 1074 2193 sacrae
1111 2143 1438 2192 Latinitatis.
1486 2141 1775 2191 Monachii.
1813 2144 1960 2192 1638.
1995 2142 2060 2204 V,
2094 2144 2142 2191 8.
2177 2158 2228 2207 p.
2267 2144 2384 2192 246.
2412 2159 2454 2192 s.
2504 2142 2574 2191 Η.
2609 2143 2936 2207 Nicquetus,
2969 2143 3058 2191 Tit.

586 2245 625 2279 s.
643 2230 845 2291 Crucis,
866 2246 917 2294 p.
938 2231 1021 2278 93.
1042 2246 1083 2279 s.
1116 2228 1159 2291 1,
1184 2231 1263 2279 13.
1302 2228 1532 2289 Tirinus,
1555 2228 1722 2293 praef.
1744 2226 1943 2277 Comm.
1971 2229 2025 2277 in
2049 2229 2214 2278 Marc.
2235 2246 2286 2296 p.
2311 2230 2424 2278 115.
2463 2229 2854 2289 J.Harduinus,
2881 2228 3058 2277 Comm.

587 2318 642 2366 in
666 2318 730 2365 N.
750 2316 811 2364 T.
832 2315 1047 2365 Amstel.
1079 2317 1227 2366 1741.
1248 2332 1299 2381 p.
1329 2318 1445 2364 105.
1466 2343 1527 2351 —-
1555 2314 1829 2364 vindicias
1855 2315 2056 2363 Textus
2074 2317 2250 2377 graeci
2277 2319 2464 2365 contra
2484 2316 2824 2365 Harduinum
2845 2315 3060 2365 exhibuit

586 2404 710 2453 diss.
747 2402 905 2451 theol.
944 2402 1065 2451 Chr.
1100 2402 1185 2451 Fr.
1215 2402 1443 2453 Curtius.
1472 2402 1594 2451 Hal.
1628 2402 1775 2451 1742.
1811 2418 1862 2466 p.
1903 2404 1981 2451 14.
2009 2420 2050 2452 s.
2078 2430 2144 2439 —
2169 2402 2478 2467 Pogginius,
2519 2402 2585 2451 dc
2624 2419 2754 2451 rom.
2794 2403 2900 2452 div,
2935 2402 3058 2451 Petri

584 2492 789 2552 itinere,
828 2505 999 2539 exerc.
1026 2489 1118 2537 XI.
1144 2506 1195 2554 p.
1225 2490 1342 2538 226.
1370 2506 1411 2539 s.
1450 2494 1503 2537 et
1538 2487 1646 2537 alii.
1721 2488 1762 2551 ²)
1803 2488 1962 2538 Haud
1998 2494 2158 2538 vacat
2203 2490 2435 2553 integras
2475 2490 2633 2539 huius
2672 2489 2876 2538 codicis
2913 2489 3056 2537 histo-

588 2579 693 2627 rias
732 2582 1033 2642 pertexere,
1082 2575 1183 2625 hoc
1219 2575 1391 2625 solum
1426 2576 1714 2624 memoriae
1752 2573 2180 2623 commendamus
2219 2576 2390 2639 ipsum
2435 2575 2687 2640 Aquileia
2723 2576 3058 2633 Foroiulium,

584 2663 864 2713 Foroiulio
902 2662 1154 2713 venetias
1192 2662 1427 2712 delatum
1466 2662 1646 2712 fuisse.
1701 2662 1774 2711 Et
1811 2660 2022 2726 quidem
2061 2665 2186 2710 ante
2233 2676 2375 2711 saec.
2417 2661 2511 2711 IX.
2569 2680 2638 2713 ne
2695 2664 2844 2713 fama
2897 2663 3060 2727 aliqua

586 2751 787 2800 exstitit
831 2750 895 2799 de
944 2749 1275 2815 autographo
1327 2765 1367 2799 s.
1396 2748 1563 2797 Marci
1608 2747 1888 2813 Aquileiae
1933 2754 2225 2797 assen‘ato.
2299 2749 2454 2798 Anno
2497 2752 2646 2799 1354.
2720 2750 2948 2800 Carolus
2983 2749 3062 2797 IV.

584 2839 872 2901 imperator
909 2836 977 2885 ad
1014 2842 1183 2885 terras
1229 2834 1419 2884 Italiae
1462 2833 1759 2899 profectus,
1803 2850 1922 2883 cum
1960 2834 2026 2884 ad
2065 2834 2346 2884 Nicolaum
2383 2836 2752 2886 Patriarcham
2793 2836 3060 2903 Aquileiae

585 2923 854 2972 divertens
882 2922 1268 2987 autographum
1294 2936 1335 2970 s.
1351 2921 1519 2970 Marci
1542 2926 1599 2969 ut
1622 2920 1940 2970 credebatur
1965 2922 2263 2986 reperisset,
2291 2922 2425 2972 dnos
2453 2924 2837 2987 quaterniones
2862 2924 3060 2973 ultimos

584 3008 762 3059 multis
799 3009 1045 3074 precibus
1071 3008 1323 3071 obtinuit3
1363 3008 1610 3058 obtentos
1635 3007 1912 3057 Ecclesiae
1939 3008 2197 3071 Pragensi
2235 3007 2469 3057 donavit.
2509 3006 2591 3056 Cf.
2612 3008 2663 3057 J.
2685 3009 3063 3071 Dobrowszky‚

588 3096 939 3160 fragmentum
964 3096 1235 3160 Pragense
1270 3095 1370 3144 Ev.
1396 3109 1437 3143 s.
1464 3094 1654 3155 Marci,
1693 3094 1853 3158 vulgo
1881 3093 2199 3158 autographi
2239 3093 2320 3143 ed.
2347 3094 2468 3142 lect.
2497 3109 2610 3143 var.
2637 3110 2710 3145 cr.
2738 3111 2848 3145 rec.
2875 3096 3064 3159 Pragae

587 3184 738 3233 1778.
772 3198 821 3247 p.
858 3184 908 3231 5.
980 3182 1227 3247 Quinque
1275 3181 1656 3246 quaterniones
1711 3179 1988 3245 Aquileiae
2041 3179 2212 3229 relicti
2265 3180 2418 3229 initio
2465 3196 2506 3229 s.
2549 3180 2667 3229 XV.
2725 3196 2850 3230 cum
2905 3182 3066 3230 omnia

588 3268 901 3319 tumultibus
941 3268 1155 3317 turbata
1192 3274 1386 3329 essent,
1424 3268 1619 3316 civium
1646 3266 2092 3316 Foroiuliensium
2117 3264 2241 3315 fidei
2267 3280 2300 3315 a
2326 3265 2616 3316 Canonicis
2641 3266 3068 3333 Aquileiensibus

586 3355 1075 3417 committebantur3
1133 3355 1357 3403 restituti
1412 3352 1659 3402 videntur
1703 3352 1980 3418 Aquileiae
2035 3352 2104 3401 ad
2150 3367 2198 3401 a.
2247 3354 2395 3401 1418.
2453 3354 2678 3415 servati,
2735 3369 2846 3419 quo
2903 3367 3068 3402 rursus

585 3440 1043 3491 Foroiuliensibus
1081 3439 1371 3495 concrediti
1408 3445 1668 3505 putantur
1705 3454 1873 3504 usque
1913 3438 1982 3488 ad
2021 3453 2068 3487 a„
2109 3440 2261 3487 1420.
2307 3439 2683 3503 permansisse.
2756 3440 2898 3489 Tum
2936 3441 3068 3488 cives

586 3526 983 3579 Foroiulienses
1033 3527 1295 3577 desiderio
1350 3526 1448 3576 Th.
1487 3526 1752 3576 Mecenici
1801 3525 2128 3575 Venetorum
2182 3524 2334 3575 ducis
2388 3524 2800 3587 satisfacientes,
2855 3542 2950 3575 eos
2983 3540 3069 3590 pro
3127 3522 3135 3527 ”

586 3614 791 3677 ingenti
826 3615 986 3663 totius
1024 3614 1353 3679 reipublicae
1378 3612 1573 3678 gaudio
1599 3613 1856 3663 Venetias
1890 3613 2161 3661 miserunt.
2217 3613 2471 3673 Quamvis
2500 3614 2650 3661 1564.
2699 3612 3069 3661 Γετᾱὶῃειιιᾱιιε

586 3698 856 3749 Archidux
892 3700 1137 3750 Austriae
1176 3698 1514 3749 vehementer
1557 3699 1812 3749 voluerit:
1863 3703 1924 3747 ut
1958 3698 2056 3748 hos
2093 3698 2330 3763 quinque
2375 3699 2756 3763 quaterniones
2795 3714 2832 3749 a
2879 3699 3068 3749 Senatu

587 3786 877 3849 obtineret3
924 3785 1054 3834 nihil
1100 3792 1278 3835 tamen
1325 3786 1652 3850 impetravit,
1699 3799 1942 3835 mansere
1987 3784 2079 3833 ibi.
2151 3783 2346 3849 Itaque
2385 3799 2512 3850 pars
2547 3785 2836 3850 Evangelii
2875 3786 3070 3835 Veneta

588 3878 642 3922 et
686 3872 973 3937 Pragensis
1026 3872 1289 3936 integrum
1344 3872 1675 3922 constituunt
1721 3869 2075 3935 Evangelium
2127 3870 2189 3919 Β.
2240 3870 2434 3934 Marci3
2489 3870 2590 3921 hoc
2645 3886 2772 3921 vero
2827 3878 2911 3922 est
2955 3886 3072 3937 pars

588 3959 777 4009 avulsa
814 3974 842 4008 e
879 3958 1064 4008 codice
1100 3958 1545 4023 Evangeliorum,
1592 3959 1684 4023 qui
1723 3972 1893 4022 usque
1931 3957 2000 4006 ad
2036 3957 2172 4007 haec
2212 3962 2452 4021 tempora
2487 3956 2751 4006 Foroiulii
2799 3958 3072 4023 reperitur.

588 4046 669 4095 cf.
697 4045 759 4095 G.
784 4044 1131 4106 Henschenii,
1170 4061 1356 4095 comm.
1383 4060 1564 4107 praev.
1592 4044 1659 4093 de
1693 4060 1733 4093 s.
1761 4044 1944 4094 Marco
1972 4046 2018 4105 §-
2046 4046 2094 4093 2.
2122 4060 2176 4108 p.
2201 4045 2320 4093 345.
2345 4060 2389 4093 s.
2431 4043 2590 4093 Bern.
2628 4043 2698 4093 de
2731 4044 3072 4103 Monfaucon,

587 4132 813 4182 diarium
849 4132 1103 4181 italicum.
1152 4131 1273 4181 Par.
1314 4132 1463 4181 1702.
1500 4146 1545 4180 c.
1581 4132 1631 4181 4.
1667 4148 1718 4197 p.
1755 4132 1838 4181 55.
1875 4146 1919 4181 s.
1968 4130 2165 4180 Joann.
2200 4130 2477 4191 Mabillon,
2515 4131 2572 4179 in
2605 4128 2832 4181 Musaeo
2873 4131 3072 4181 Italico.

585 4220 707 4269 Lut.
734 4220 857 4269 Par.
886 4219 1034 4267 1724.
1060 4218 1104 4279 Ι,
1131 4220 1214 4267 31.
1252 4218 1319 4267 de
1355 4218 1595 4268 Venetiis
1632 4218 1820 4268 scribit
1859 4218 1989 4278 „His
2029 4217 2272 4267 omnibus
2308 4217 2468 4282 longe
2499 4216 2916 4281 praeferendum
2943 4222 3075 4267 esset

585 4304 939 4370 Evangelium
982 4318 1025 4353 s.
1058 4302 1253 4364 Marci,
1298 4304 1345 4353 si
1380 4309 1441 4353 ut
1474 4304 1579 4369 ipsi
1615 4308 1885 4365 asserunt,
1933 4304 2150 4369 propria
2196 4303 2310 4353 eius
2361 4317 2524 4352 manu
2561 4308 2708 4354 esset
2748 4308 3072 4353 exaratum&

590 4390 857 4452 „Alterum
894 4390 1181 4441 ostendunt
1216 4390 1408 4440 librum
1442 4389 1879 4455 Evangeliorum,
1919 4388 2064 4455 quod
2099 4404 2142 4439 s.
2168 4388 2368 4439 Joanni
2396 4388 2776 4455 chrysostomo
2815 4390 3076 4447 tribuunt,

587 4476 682 4527 sed
708 4492 775 4526 ne
801 4476 867 4527 de
890 4478 969 4527 rei
1000 4478 1224 4527 veritate
1252 4476 1546 4542 periculum
1583 4475 1693 4539 fiat,
1725 4476 1780 4525 hi
1815 4476 1937 4527 libri
1973 4476 2163 4543 sigillis
2199 4476 2468 4541 obsignati
2505 4482 2647 4540 sunt,
2685 4492 2784 4526 nec
2825 4477 3078 4542 cuiquam

588 4563 947 4629 aperiuntur-⁶³
