3267 5259
539 412 668 479 408
1273 424 1389 466 nint.
1419 424 1526 465 nov.
1553 424 1644 465 «nv.
1674 422 1842 465 Pei-iod.
1872 423 1927 464 11.
1946 434 2042 475 αι».
2072 423 2271 475 pamm.

543 604 698 667 istas
721 598 808 665 ad
830 600 1162 665 Romanos
1185 607 1448 685 pastore
1471 598 1541 662 in
1563 598 1939 684 praesentia
1964 597 2326 679 destitutos,
2358 596 2535 661 misit
2557 596 2803 662 literas.
2852 596 3050 663 Unde

547 712 724 801 quod
751 712 1064 801 epistolae
1091 711 1428 778 consilium
1453 712 1550 793 sit,
1578 710 1755 775 facili
1778 712 2042 795 negotio
2075 708 2485 796 intelligitur:
2520 708 2789 793 docere,
2833 714 3049 775 neutri

548 828 718 914 parti
750 827 850 891 fas
883 848 1027 891 esse
1060 848 1178 891 sua
1207 826 1440 891 merita
1471 822 1809 907 extollere,
1842 825 2174 909 gratiam
2215 823 2513 889 Christi
2558 822 2829 888 datam
2875 847 3051 889 esse

543 950 679 1004 tam
723 938 996 1004 Judaeis
1043 960 1238 1025 quam
1283 937 1611 1020 Ethnicis3
1660 946 1726 1002 et
1770 936 2037 1023 quidem
2080 958 2213 1001 non
2258 947 2533 1023 propter
2579 958 2811 1001 eorum
2860 958 3049 1022 prae-

547 1051 850 1117 cedentia
894 1053 1124 1117 merita
1157 1061 1223 1115 et
1256 1072 1458 1137 opera
1488 1073 1608 1115 sua
1640 1052 1775 1115 sive
1820 1048 2059 1135 legalia
2104 1051 2239 1114 sive
2284 1048 2579 1132 moralia,
2628 1048 2751 1113 sed
2795 1052 3052 1135 gratis

547 1165 640 1232 ob
688 1188 972 1231 meram
1018 1165 1166 1229 Dei
1208 1163 1804 1249 benignitatem
1852 1162 2137 1228 oblatam
2187 1184 2349 1227 esse.
2400 1161 2772 1247 Obtingere
2820 1172 3045 1226 autem

549 1302 672 1365 per
716 1277 914 1343 fidem
941 1282 979 1340 ¹.
1011 1314 1098 1325 -—-
1141 1276 1310 1342 Leni
1340 1278 1685 1361 ingressu²
1730 1298 1771 1339 a
1800 1276 2125 1341 sententia
2154 1273 2475 1359 generali:
2524 1274 2709 1360 quod
2738 1275 3053 1360 Evange-

547 1392 701 1456 lium
745 1393 910 1456 mira
957 1390 1242 1476 quadam
1286 1391 1352 1454 vi
1394 1389 1769 1475 praeditum
1784 1438 1801 1471 ,
1872 1388 2146 1453 salutem
2208 1396 2547 1452 aeternam
2608 1388 2847 1453 afferat
2916 1410 3055 1453 cre-

552 1502 873 1588 dentibuS,
935 1504 1264 1591 primum
1309 1501 1624 1588 quidem
1672 1501 2028 1584 Judaeis,
2075 1510 2230 1565 tum
2274 1523 2467 1566 vero
2516 1503 2759 1565 etiam
2808 1500 3051 1567 Grae-

551 1618 658 1681 cis
679 1620 734 1699 ³3
782 1616 1124 1682 exordium
1170 1638 1434 1680 sumens
1481 1614 1839 1701 Apostolus
1888 1615 2457 1681 commentationis
2510 1636 2705 1679 suae:
2754 1624 2943 1680 totus
2986 1617 3051 1678 in

549 1752 628 1794 eo
677 1738 794 1812 est,
839 1737 913 1793 ut
955 1730 1294 1814 utriusque
1338 1729 1542 1814 partis
1574 1728 1967 1813 litigantium
2000 1727 2241 1792 fastum
2273 1727 2689 1813 deprimeret.
2739 1725 3057 1792 Ostendit

549 1864 775 1907 omnes
819 1840 940 1907 sub
987 1850 1264 1927 peccato
1313 1862 1486 1906 esse:
1531 1840 1709 1905 unde
1759 1840 2307 1927 consequebatur,
2352 1848 2623 1905 neutros
2669 1863 2758 1904 ex
2804 1843 3048 1905 merito

551 1977 826 2042 operum
898 1954 1229 2021 iustificari
1246 1958 1292 2022 ⁴.
1369 1953 1589 2019 Multis
1660 1954 1924 2040 quidem
1990 1953 2363 2020 nominibus
2430 1953 2779 2019 meliorem
2848 1954 3057 2019 fuisse

763 2169 802 2233 ι)
841 2169 992 2231 Quae
1029 2173 1208 2219 tamen
1243 2168 1322 2218 ibi
1356 2167 1556 2217 habeat
1590 2182 1701 2218 non
1736 2168 1996 2218 rationem
2032 2182 2231 2219 causae
2264 2168 2586 2229 meritoriae,
2627 2167 2723 2217 sed
2754 2168 2827 2218 sit
2848 2168 3059 2234 simpli·

551 2258 683 2307 citer
736 2256 995 2318 conditio,
1049 2256 1168 2307 sine
1213 2271 1320 2321 qua
1364 2256 1563 2305 nemini
1617 2256 1789 2320 possit
1840 2254 1935 2305 illa
1988 2255 2163 2320 gratia
2208 2254 2503 2319 obtingere.
2576 2254 2683 2305 Illa
2734 2258 3059 2322 ceteroquin

552 2342 806 2395 divinitus
861 2342 1102 2406 offertur,
1151 2342 1300 2392 nullo
1349 2342 1523 2407 gentis
1574 2350 1669 2391 aut
1718 2340 1987 2391 hominum
2048 2341 2355 2393 discrimine
2368 2379 2381 2404 ,
2432 2343 2733 2408 cuicunque
2792 2342 3056 2393 eredenti.

552 2428 594 2493 ²)
644 2429 986 2480 Commodum
1042 2445 1214 2495 aeque
1260 2444 1324 2479 ac
1373 2428 1588 2479 brevem
1633 2429 1915 2494 Epistulae
1968 2428 2125 2479 huius
2179 2430 2523 2494 partitionem
2578 2430 2959 2492 instituemus,
3014 2433 3057 2478 si

551 2518 776 2569 eandem
813 2518 868 2566 in
903 2516 1118 2567 modum
1155 2516 1478 2567 Theodoreti
1511 2516 1819 2583 bipartitam
1856 2516 2131 2579 faciamus,
2176 2516 2399 2583 Interpr.
2437 2532 2520 2583 ep.
2560 2516 2648 2567 ad.
2686 2517 2839 2567 Rom.
2880 2534 2941 2583 p.
2981 2522 3056 2568 11.

552 2604 842 2655 theoricam
869 2609 924 2655 et
948 2604 1192 2655 ethicam.
1230 2604 1548 2655 Theoi-icam
1574 2603 1632 2653 C.
1658 2606 1841 2654 1—11.
1869 2604 2139 2654 antecedit
2162 2604 2425 2670 praefatio
2454 2606 2501 2668 1,
2524 2606 2733 2665 1—17„
2772 2620 2885 2671 qua
2910 2620 3057 2655 mere

553 2708 650 2743 suo
696 2708 738 2743 s.
764 2692 967 2743 Paulus
1004 2692 1258 2742 Romanis
1295 2690 1522 2742 salutem
1558 2697 1769 2758 optans,
1808 2692 1891 2742 sui
1928 2692 2163 2741 muneris
2201 2690 2513 2757 dig-uitatem
2550 2692 2620 2741 ab
2660 2691 2859 2743 illustri
2900 2706 3057 2757 argu-

555 2784 730 2829 mento
769 2794 893 2842 suo,
939 2779 1084 2844 quod
1121 2779 1234 2844 agit
1267 2784 1378 2828 tum
1415 2778 1482 2828 de
1516 2780 1586 2829 D.
1621 2780 1687 2828 N.
1722 2778 1774 2829 J.
1812 2778 1871 2828 C.
1908 2794 2144 2845 persona
2176 2784 2287 2829 tum
2326 2778 2392 2829 de
2429 2778 2734 2841 beneficiis,
2780 2779 3057 2829 describit.

553 2865 766 2915 Deinde
811 2866 1060 2916 affectum
1105 2880 1260 2915 suum
1305 2864 1546 2916 declarat
1590 2866 1832 2915 encomio
1881 2866 2265 2925 Romanorum,
2314 2866 2510 2931 quibus
2556 2866 2889 2931 singularem
2938 2866 3059 2915 fidei

555 2952 768 3003 laudem
821 2952 1136 3018 gratulatur.
1209 2953 1528 3019 Interposito
1583 2954 1882 3004 iuramento
1938 2958 2292 3016 contestatur,
2348 2968 2408 3003 se
2462 2955 2749 3004 continuas
2800 2970 2901 3020 pro
2952 2954 3057 3004 illis

553 3054 742 3106 preces
777 3038 896 3089 Deo
933 3040 1203 3102 adhibere,
1241 3046 1404 3106 atque
1441 3042 1580 3091 inter
1617 3039 1727 3091 alia
1762 3046 1816 3091 et
1850 3040 1953 3091 hoc
1990 3041 2059 3090 ab
2095 3040 2189 3091 illo
2222 3054 2476 3091 exorare:
2513 3046 2575 3091 ut
2611 3042 2719 3091 sibi
2756 3040 3057 3107 aliquando

554 3127 718 3177 liceat
753 3142 845 3176 eos
881 3127 1134 3189 invisere,
1181 3142 1306 3176 nam
1351 3142 1545 3192 magno
1581 3142 1641 3176 se
1680 3142 1771 3177 eos
1808 3126 2025 3176 videndi
2072 3126 2336 3178 desiderio
2385 3128 2572 3177 teneri.
2634 3126 2709 3177 Se
2744 3129 2855 3177 iam
2892 3142 3057 3193 saepe

555 3228 773 3265 numero
799 3214 1040 3279 coepisse
1067 3214 1346 3263 consilium
1371 3212 1492 3264 illos
1519 3212 1769 3276 adeundi,
1804 3214 2015 3263 tametsi
2039 3229 2136 3279 per
2158 3215 2338 3264 varias
2367 3218 2421 3263 et
2455 3213 2785 3279 multiplices
2820 3228 3057 3279 occupa-

557 3304 728 3352 tiones
763 3300 1023 3351 hactenus
1049 3302 1269 3365 exsequi
1305 3315 1412 3349 nou
1449 3300 1675 3350 licuerit.
1725 3300 1881 3362 Quod
1907 3300 2121 3366 quidem
2148 3314 2309 3365 quam
2344 3315 2531 3351 verum
2568 3302 2637 3349 sit
2668 3301 2799 3350 inde
2840 3302 3053 3367 probat,

558 3390 686 3453 quia
711 3404 830 3438 eum
857 3386 1078 3439 Graecis
1103 3414 1169 3423 -·-
1196 3386 1276 3436 cf.
1302 3386 1375 3436 M.
1403 3386 1469 3436 H.
1497 3386 1798 3450 Knobloch,
1834 3386 1901 3437 de
1926 3386 2263 3437 distinctione
2290 3386 2351 3453 Ρ.
2374 3388 2433 3437 in
2455 3386 2700 3439 Judaeos
2727 3394 2783 3438 et
2813 3388 3055 3438 Graecos

555 3476 612 3525 in
649 3473 720 3525 th.
757 3474 844 3539 ph.
881 3490 932 3539 p.
967 3476 1086 3525 501.
1125 3488 1166 3523 s.
1202 3502 1268 3509 —
1302 3488 1476 3539 aeque
1513 3488 1578 3523 ae
1613 3473 1883 3536 Barbarie,
1922 3473 2253 3539 sapientibus
2291 3479 2345 3523 et
2378 3474 2761 3539 insipientibus
2800 3474 3059 3539 Evange-

555 3562 684 3612 lium
731 3561 1042 3626 praedicare
1089 3561 1336 3623 deberet,
1384 3559 1622 3625 proclive
1671 3560 1773 3610 sibi
1820 3576 1935 3610 esse
1983 3575 2143 3625 quam
2190 3562 2419 3609 maxime
2456 3560 2526 3609 ad
2570 3559 2671 3610 hoc
2718 3563 2887 3611 etiam
2928 3561 3055 3619 illis.

558 3648 651 3714 qui
694 3647 896 3698 Romae
945 3652 1070 3698 sunt
1113 3646 1509 3713 praestandum.
1569 3646 1632 3695 L.
1670 3646 1754 3696 W.
1794 3646 2117 3713 Beyschlag,
2164 3646 2231 3697 de
2268 3646 2547 3698 Ecclesiae
2584 3648 2868 3699 Romanae
2912 3656 3057 3700 statu

559 3752 608 3801 q.
648 3735 804 3785 Pauli
839 3751 922 3799 ep.
961 3736 1180 3801 respicit
1216 3733 1340 3785 diss.
1385 3733 1510 3783 Hal.
1551 3735 1702 3784 1862.
1749 3752 1800 3801 p.
1840 3735 1887 3783 6.
1925 3748 1967 3783 s.
2042 3735 2086 3799 ³)
2135 3733 2308 3795 Quam
2352 3732 2717 3785 definitionem
2764 3736 3057 3803 Evangelii

556 3838 606 3871 v.
641 3824 722 3872 16.
761 3838 880 3871 cum
917 3838 968 3871 v.
997 3822 1077 3871 17.
1117 3820 1363 3887 explicat,
1403 3821 1560 3871 simul
1595 3821 1766 3886 aperit
1790 3823 2139 3886 praecipuum
2178 3822 2341 3871 totius
2377 3822 2545 3886 partis
2584 3821 2861 3872 theoricae
2900 3838 3056 3889 arg-u-

557 3914 816 3971 mentum‚
873 3909 938 3959 de
985 3908 1516 3958 iustificatione
1564 3909 1620 3957 in
1668 3906 1967 3973 Evangelio
2016 3908 2283 3971 revelata3
2334 3907 2503 3957 veluti
2558 3907 2701 3959 dono
2752 3908 2861 3959 Dei
2910 3910 3053 3959 ultro

559 3996 762 4062 absque
815 3995 938 4045 ullis
992 3995 1434 4060 praecedentibus
1489 3996 1689 4045 meritis
1744 3994 1960 4044 collato.
2032 3994 2173 4044 Illud
2234 3999 2411 4044 autem
2466 4008 2585 4045 esse
2638 3996 3057 4057 inaestimabile,

559 4083 806 4149 idemque
861 4080 1180 4131 beneficium
1231 4082 1652 4143 iustificationis,
1710 4081 1869 4146 quale
1924 4096 1957 4131 a
2010 4082 2337 4131 Tridentinis
2392 4081 2451 4130 P.
2502 4082 2564 4132 P.
2618 4082 2901 4133 definitum
2954 4084 3059 4134 fnit

560 4168 701 4221 Sess.
745 4170 836 4219 vl.
887 4169 1239 4219 eruditissime
1283 4169 1514 4219 confecit
1558 4169 1620 4217 A.
1662 4168 1831 4233 Vege,
1880 4168 1945 4219 de
1993 4167 2387 4219 iustificatione.
2434 4168 2499 4229 V,
2544 4170 2594 4217 2.
2641 4166 2759 4219 Col.
2800 4170 2955 4221 15⁷2.
3006 4176 3059 4221 et

562 4256 620 4306 Ο.
657 4257 746 4306 Fr.
785 4256 1022 4316 Toletus‚
1063 4256 1115 4305 S.
1143 4256 1195 4305 J.
1233 4258 1286 4305 in
1327 4272 1408 4321 ep.
1447 4254 1507 4305 B.
1547 4256 1701 4305 Pauli
1739 4256 1809 4305 ad
1846 4256 2130 4306 Romamos
2168 4270 2353 4307 comm.
2390 4254 2535 4321 Meg.
2575 4258 2728 4307 1003.
2766 4274 2821 4322 p.
2858 4260 2977 4308 152.
3014 4274 3057 4307 s.

559 4342 602 4408 ⁴)
637 4344 826 4409 Itaque
850 4344 1189 4409 probaturus,
1229 4342 1372 4409 quod
1411 4346 1760 4405 assumserat3
1800 4342 1967 4408 primo
2000 4342 2119 4393 loco
2151 4350 2315 4408 negat
2340 4346 2386 4403 1,
2419 4343 2639 4392 18—32.
2678 4342 2923 4394 ethnicos
2958 4360 3059 4409 per

562 4444 726 4495 opera
760 4434 984 4479 naturae
1021 4429 1320 4493 iustificari3
1363 4434 1472 4479 tum
1511 4430 1641 4495 quia
1674 4428 1873 4479 lumine
1910 4434 2135 4478 naturae
2168 4430 2225 4479 in
2261 4444 2489 4495 poenam
2532 4430 2843 4496 turpissime
2880 4431 3056 4490 abusi,

559 4516 733 4565 Deum
771 4520 996 4566 naturae
1023 4522 1308 4580 auctorem,
1335 4532 1494 4582 quem
1517 4530 1693 4566 rerum
1720 4514 2049 4567 admirabilis
2072 4515 2413 4581 pulchritudo
2439 4521 2493 4567 et
2516 4516 2726 4582 species
2761 4516 3057 4583 praedicat,

560 4602 723 4665 impio
761 4602 856 4649 reli
893 4603 1032 4651 ionis
1069 4600 1216 4651 cultu
1255 4604 1522 4667 prosecuti
1561 4604 1693 4660 sint;
1732 4606 1843 4652 tum
1880 4602 2025 4668 quod
2060 4608 2143 4653 est
2178 4603 2338 4668 longe
2374 4604 2609 4668 gravius,
2647 4604 2779 4669 quia
2802 4605 2858 4654 in
2892 4603 3057 4653 foeda
