3267 5259
1170 454 1351 500 sonim
1376 454 1485 500 sau
1512 455 1693 500 ema.
2545 444 2670 513 207

216 634 543 711 personalem
588 638 929 695 invenimus
978 637 1013 693 I
1041 637 1253 696 Joann.
1291 644 1345 709 1,
1385 643 1439 695 1.
1472 658 1539 710 s.,
1587 644 1648 696 et
1691 640 2123 701 evidentissime
2160 639 2240 696 ib.
2277 644 2334 697 5.
2373 644 2429 697 7.
2488 644 2670 716 Apoe.

219 744 301 810 19,
334 744 425 799 13.
486 740 655 821 Ergo·
692 760 739 798 s.
772 740 1025 799 Joannes
1054 746 1115 799 et
1142 741 1323 799 Verbi
1368 738 1650 798 ὑπόστασιν
1695 748 1756 799 et
1797 743 2172 801 divinitatem
2215 761 2460 821 cumque
2495 744 2671 803 Patre

216 845 855 904 consubstantialitatem
894 878 979 887 --
1018 842 1404 917 ὁμοουσιὰτητα
1436 878 1517 887 -
1548 845 1810 904 affirmat
1824 892 1838 918 ,
1886 848 2039 924 quod
2083 847 2220 904 inde
2265 852 2455 923 patet:
2517 846 2672 910 Quia

212 968 255 1005 a.
294 953 437 1007 totus
481 952 787 1025 pericopae
822 954 876 1019 1,
924 953 1153 1007 1—14.
1198 954 1507 1007 contextus
1550 952 1638 1008 ita
1677 950 1826 1019 fert3
1882 951 1938 1007 b.
1987 949 2248 1008 Verbum
2290 948 2320 1006 ὁ
2359 946 2506 1021 Θεὸς
2549 971 2670 1010 esse

213 1052 441 1123 dicatur,
498 1072 547 1111 c.
602 1054 917 1112 distinctus
944 1054 1019 1111 ab
1048 1052 1164 1111 alio
1194 1057 1299 1131 qui
1328 1055 1473 1111 item
1504 1053 1662 1111 Deus
1705 1054 1953 1123 dicitur;
2015 1054 2070 1111 d.
2125 1073 2258 1113 caro
2299 1055 2520 1115 factum
2550 1076 2669 1115 esse

212 1163 487 1227 narratum
532 1162 593 1215 et
636 1178 687 1216 e.
734 1159 801 1215 in
828 1161 951 1215 toto
978 1157 1303 1232 Evangelio
1346 1178 1393 1215 s.
1422 1158 1667 1216 Joannis
1697 1154 1869 1233 λόγος
1899 1177 1968 1216 ea
1997 1160 2178 1232 egisse
2206 1158 2437 1233 legatur
2453 1204 2468 1231 ,
2517 1178 2664 1239 quac

214 1259 377 1318 Verbo
400 1258 749 1337 ἀνυποστάτῳ
774 1280 893 1320 non
920 1262 1298 1320 conveniunt.
1344 1264 1541 1339 Atque
1570 1262 1716 1320 haec
1741 1263 1895 1339 quod
1925 1262 1998 1319 ad
2029 1262 2287 1337 primum
2316 1266 2670 1341 quaestionis

210 1370 360 1440 eaput
382 1368 523 1423 satis
550 1370 745 1425 sunto.
801 1365 987 1423 Aliud
1014 1372 1133 1424 est:
1178 1367 1337 1424 unde
1366 1384 1555 1444 quave
1582 1366 1878 1425 occasione
1907 1367 2016 1423 hoc
2047 1386 2295 1425 nomen
2323 1368 2669 1427 didicerit

208 1467 461 1539 Jcannes3
506 1472 605 1528 cui
648 1470 1005 1545 explicatam
1050 1472 1347 1528 notionem
1390 1470 1720 1528 subiiceret.
1781 1469 2008 1527 Didicit
2049 1471 2537 1548 quemadmodum
2577 1492 2668 1529 res

209 1576 257 1629 et
278 1574 557 1633 doctrinas
586 1592 803 1645 omnes,
836 1593 979 1652 quas
1016 1575 1249 1649 seri-ptis
1285 1575 1652 1648 consignatas
1687 1574 1854 1631 nobis
1883 1574 2158 1652 reliquit,
2200 1577 2290 1633 ab
2333 1578 2670 1652 ipsomet

210 1675 495 1736 Christo
536 1684 615 1735 et
654 1678 973 1754 Spiritu
1016 1684 1305 1735 sancto.
1366 1678 1539 1735 Nihil
1584 1696 1888 1735 commune
1923 1671 2002 1753 τῷ
2038 1674 2198 1754 λόγῳ
2225 1679 2471 1737 ‚Ioannis
2499 1686 2559 1737 et
2586 1674 2663 1757 τῷ

210 1776 341 1856 λόγῳ
394 1782 949 1858 Neoplatonicorum
1007 1801 1075 1840 ac
1132 1781 1419 1840 Philonis.
1510 1780 1691 1844 Quod·
1737 1783 1931 1857 ipsum
1989 1784 2364 1860 sequentibus
2422 1786 2666 1859 probare

210 1886 473 1959 pergimus
516 1888 899 1961 argumentis.
962 1886 1201 1945 Certum
1245 1891 1333 1944 est
1369 1890 1421 1943 1.
1453 1886 1510 1944 d.
1540 1886 1578 1943 J
1582 1905 1858 1957 oannem,
1893 1888 1996 1964 qui
2035 1888 2168 1945 Aet.
2203 1890 2260 1958 4,
2303 1892 2398 1945 13.
2449 1883 2666 1960 ἰδιώτης

210 1994 259 2044 et
278 1986 643 2065 ἀγράμματος,
668 1992 709 2048 i.
736 2010 787 2047 e.
812 1991 997 2048 idiota
1018 1994 1077 2047 et
1100 1989 1417 2049 illiteratus
1446 1989 1795 2060 declaratur,
1841 1990 2274 2049 Platonicorum
2305 1992 2660 2065 dogmatum,

210 2110 333 2169 quae
358 2093 560 2152 saltem
592 2114 669 2152 ex
692 2094 963 2153 Philonis
986 2094 1233 2153 lectione
1261 2094 1563 2165 hausisset,
1596 2095 1804 2152 rudem
1833 2097 2071 2153 omnino
2099 2100 2158 2152 et
2187 2097 2437 2154 inscium
2465 2096 2662 2154 fuisse.

210 2194 559 2271 Evangelista
588 2197 887 2256 Galilaeus
930 2202 1059 2256 erat
1086 2217 1162 2256 ex
1192 2198 1443 2273 ignobili
1472 2203 1531 2255 et
1568 2198 1878 2257 admodum
1923 2198 2164 2257 obscuro
2207 2200 2417 2276 oppido
2461 2202 2662 2258 oriun-

210 2300 325 2369 dus,
366 2301 529 2360 nulla
558 2304 783 2361 tinctus
812 2304 929 2360 fuit
956 2321 1193 2377 graecae
1222 2302 1563 2361 literaturae
1608 2302 1852 2371 notitia;
1900 2303 2036 2360 inde
2066 2307 2154 2360 est
2187 2324 2418 2361 summa
2447 2306 2571 2362 eius
2600 2306 2664 2362 in

210 2403 417 2464 dicendo
478 2406 829 2483 simplicitas
886 2412 945 2465 et
1008 2407 1297 2465 scribendi
1357 2426 1539 2481 genus
1598 2405 1780 2464 nullis
1847 2408 2158 2465 verborum
2224 2406 2502 2484 ampullis
2561 2413 2666 2466 aut

210 2506 611 2569 Platonicorum
632 2510 894 2569 flosculis
917 2516 1163 2569 tumens,
1204 2512 1430 2569 Deinde
1458 2516 1515 2569 2.
1540 2514 1830 2588 repugnat
1844 2512 2110 2570 Philonis
2133 2516 2308 2570 aetas.
2329 2546 2412 2555 ---
2428 2514 2502 2569 D.
2525 2532 2583 2591 q.
2601 2532 2660 2569 v.

209 2610 254 2667 J.
282 2612 617 2685 Bartollocii,
660 2614 943 2673 Biblioth.
976 2616 1139 2674 rabb.
1174 2614 1215 2671 l.
1250 2614 1355 2671 IV.
1388 2636 1433 2672 s.
1468 2634 1527 2672 v.
1559 2614 1733 2672 Philo
1763 2634 1821 2689 p.
1859 2620 2000 2673 345.
2063 2616 2340 2687 Brucker,
2389 2617 2546 2674 Hist.
2580 2636 2658 2675 cr.

209 2714 343 2773 Phil.
372 2718 453 2790 11,
493 2724 635 2777 797.
699 2719 1051 2789 Tillemont,
1100 2718 1258 2777 Hist.
1292 2719 1408 2776 des.
1441 2737 1656 2794 emper.
1687 2719 1740 2789 Ι,
1780 2724 1921 2777 630.
1955 2742 2000 2795 s.
2060 2719 2131 2777 G.
2163 2719 2452 2795 Lumper,
2501 2721 2658 2779 Hist.

211 2820 281 2877 th.
308 2840 381 2881 cr.
408 2824 464 2883 S.
497 2824 557 2882 S.
590 2826 658 2881 P.
692 2824 760 2881 P.
793 2825 845 2895 I,
882 2827 1027 2882 475.
1088 2824 1144 2881 J.
1177 2828 1252 2882 Δ.
1286 2822 1561 2895 Fabricii,
1602 2823 1757 2881 Bibl.
1791 2844 1876 2897 gr.
1911 2825 1997 2880 ed.
2047 2823 2304 2882 Harless.
2357 2824 2462 2894 IV,
2519 2830 2658 2883 722.

210 2924 407 2997 Dahae,
452 2930 517 2986 in
544 2928 751 2987 Erech.
800 2934 858 2985 et
894 2928 1127 2986 Gruber
1156 2926 1409 3005 Allgem.
1441 2928 1684 3005 Encycl.
1725 2929 1812 2986 ed.
1846 2929 2050 2985 Maier.
2085 2928 2207 2985 III.
2239 2950 2284 2987 s.
2319 2948 2372 3004 p.
2406 2928 2658 2987 XXIII.

214 3034 372 3089 1347.
396 3052 449 3108 p.
478 3038 623 3091 436.
672 3034 835 3101 Beer,
871 3032 1077 3091 Gesch.
1112 3031 1346 3091 Lehren
1376 3052 1433 3089 u.
1460 3034 1820 3106 Meinungen
1851 3032 1998 3089 aller
2021 3033 2143 3107 jud.
2177 3033 2400 3092 Secten.
2433 3034 2658 3092 Briinn.

214 3138 373 3193 1822.
408 3137 457 3193 Ι.
497 3155 556 3212 p.
600 3142 701 3193 97.
742 3157 787 3193 s.
848 3136 903 3193 J.
944 3136 1015 3194 G.
1060 3136 1295 3207 Miilier,
1344 3139 1409 3193 in
1455 3137 1714 3211 Herzogs
1760 3137 1830 3194 R.
1877 3136 1946 3193 E.
1993 3136 2110 3206 XI,
2162 3142 2305 3195 579.
2340 3170 2422 3180 -—-
2453 3138 2662 3196 Obstat

212 3240 258 3293 3.
298 3240 634 3299 altisdmum
666 3261 735 3298 ea
762 3241 834 3297 de
864 3260 925 3297 re
955 3242 1107 3317 apud
1141 3240 1377 3298 Veteres
1394 3285 1407 3311 ,
1456 3242 1559 3317 qui
1603 3240 2029 3316 philosophiam
2076 3241 2427 3316 platonicam
2459 3242 2661 3299 nimiis

210 3343 515 3404 extulerunt
545 3346 839 3415 laudibus,
872 3344 1193 3403 silentium.
1240 3345 1561 3423 Nunquam
1583 3343 1764 3403 alicui
1785 3345 2178 3402 demonstrare
2201 3345 2372 3403 licuit
2393 3345 2661 3405 Philonis

208 3448 395 3522 scripta
420 3449 699 3527 Apostolo
728 3451 961 3523 cognita
1004 3454 1111 3507 aut
1143 3448 1295 3506 lecta
1334 3448 1513 3507 fuisse
1532 3494 1544 3518 ,
1594 3448 1809 3506 nedum
1857 3454 1924 3505 ut
1966 3449 2090 3506 eius
2133 3450 2314 3507 verba
2357 3453 2656 3525 accepisse.

208 3548 299 3607 Sed
330 3556 383 3609 4.
414 3562 476 3611 ut
504 3555 663 3613 unde
694 3552 1077 3629 profluxerat,
1112 3554 1311 3611 redeat
1340 3554 1555 3620 oratio;
1589 3553 1730 3629 quid
1761 3554 1918 3610 inter
1947 3552 2254 3611 Philonem
2286 3560 2346 3610 et
2372 3554 2411 3609 J
2412 3574 2658 3613 oannem

209 3654 495 3716 intercedat
529 3659 955 3733 discrepantiae
1000 3658 1318 3715 videamus.
1382 3657 1456 3713 In
1487 3658 1627 3715 locis
1665 3658 1879 3734 quibua
1908 3658 1978 3713 de
2007 3662 2221 3715 natura
2267 3656 2430 3731 ,θείου
2466 3654 2658 3732 >th-(00⁴

209 3756 433 3833 disputat
449 3762 624 3821 Philo
642 3764 729 3820 ita
743 3764 1037 3837 disputat:
1074 3760 1122 3837 ,ἑ
1154 3760 1301 3829 θεῖος
1329 3758 1768 3836 >thynk-coll.
1802 3761 1844 3818 l.
1878 3762 1946 3819 de
1977 3764 2216 3820 somniis
2242 3762 2328 3818 ΙΙ.
2361 3763 2532 3838 Oper.
2567 3764 2654 3819 ed.

208 3858 297 3919 Th.
326 3865 581 3943 Mangey.
616 3867 802 3924 Lond.
842 3871 1025 3924 1742.
1059 3866 1111 3936 Ι,
1150 3870 1295 3923 683.
1328 3898 1411 3907 --
1441 3872 1528 3923 est
1572 3872 1786 3923 natura
1828 3883 1946 3922 non
1985 3884 2286 3940 corporea,
2331 3866 2428 3922 sed
2470 3886 2506 3922 a
2534 3866 2657 3922 Deo

210 3964 434 4039 ὦτοι-ευ
482 3990 820 4051 quanquam
850 3970 1248 4041 contermima,
1296 3971 1393 4027 sed
1424 3970 1621 4028 eadem
1655 3970 1778 4027 Deo
1819 3974 2014 4027 tamen
2053 3970 2260 4028 minor.
2323 3968 2426 4025 Est
2461 3988 2498 4025 a
2534 3968 2656 4026 Deo

212 4080 453 4144 prognata
480 4080 537 4131 et
568 4096 603 4133 a
634 4075 757 4131 Deo
788 4074 1042 4149 pendens
1060 4119 1073 4144 ,
1107 4093 1255 4152 quae
1286 4092 1417 4131 cum
1448 4093 1650 4132 earum
1682 4092 1909 4143 rerum,
1945 4092 2092 4149 quae
2138 4070 2226 4145 ,rei
2260 4068 2536 4127 ἀκόλουθα
2565 4065 2657 4125 καὶ

212 4171 329 4241 μετὰ
354 4175 505 4233 θεὸν.ι
562 4179 739 4237 Philo
768 4196 975 4237 vocare
1005 4178 1180 4247 solet,
1228 4178 1627 4253 principatum
1657 4179 1948 4245 obtineat;
1996 4178 2153 4234 inter
2185 4177 2372 4232 Deum
2393 4220 2406 4247 ,
2455 4179 2656 4249 utpote

212 4288 429 4339 mentem
470 4285 849 4362 animumque
894 4302 1092 4341 rerum
1136 4283 1541 4341 universitatis
1587 4278 1696 4357 ,τὸν
1740 4282 1850 4336 τῶν
1881 4277 2028 4335 ὅλων
2059 4281 2220 4351 νοῦν,
2267 4286 2326 4336 et
2371 4279 2656 4337 mundum

212 4384 431 4443 medium
460 4388 747 4465 quendam
776 4387 971 4445 locum
1000 4390 1254 4462 occupet,
1289 4386 1529 4462 perinde
1550 4391 1622 4443 ut
1643 4386 1709 4442 in
1731 4385 1987 4442 hominis
2018 4384 2128 4458 ,τοῦ
2160 4379 2400 4459 βραχέος
2429 4381 2654 4455 abaco&

212 4492 392 4547 natm-a
433 4492 731 4552 individua
760 4489 939 4567 λόγος
968 4492 1125 4549 inter
1154 4490 1275 4547 νοῦν
1306 4496 1365 4548 et
1396 4487 1635 4562 αἴσθησιν
1666 4490 2046 4563 interpositus
2075 4492 2178 4545 est.
2241 4486 2329 4545 Cf.
2361 4488 2430 4544 de
2461 4486 2656 4545 Plato-

212 4589 372 4649 nismo
398 4594 651 4656 Philonis
676 4596 895 4655 sudaei
924 4596 1058 4653 diss.
1090 4594 1146 4652 J.
1173 4599 1248 4653 Δ.
1280 4596 1556 4665 Fabricii,
1589 4612 1770 4652 recus.
1803 4594 1872 4652 in
1899 4612 2092 4668 opusc.
2125 4592 2340 4650 Hamb.
2381 4596 2564 4649 1738.
2597 4610 2654 4665 Ρ.
