3267 5259
636 430 761 499 170
1294 444 1409 487 unt.
1438 445 1546 489 nov.
1576 444 1668 488 «nv.
1697 444 1751 489 u.
1775 444 1824 489 r.
1855 444 2024 489 renos.
2053 444 2092 489 1.
2110 458 2206 499 οι».
2235 446 2440 489 ειμι-ιιι.

628 618 739 685 Ad
782 618 945 684 haec
992 619 1371 685 sacerdotes
1417 620 1672 685 confusi
1719 643 1758 684 a
1805 620 2187 686 custodibus
2233 620 2438 686 multa
2480 623 2768 707 pecunia
2799 623 3094 708 corruptis

630 730 1085 815 obtinuerunt,
1146 742 1219 797 ut
1265 730 1559 799 dicerent
1604 756 1844 821 corpus
1889 732 2055 801 Jesu
2112 734 2268 820 ipsis
2331 733 2838 817 dormientibus,
2899 734 3094 799 furtim

630 854 831 910 noctu
876 866 915 908 a
959 842 1291 931 discipulis
1334 846 1468 911 suis
1512 844 1716 911 fuisse
1767 844 2115 912 sublatum.
2159 845 2438 911 Polliciti
2498 855 2720 911 autem
2777 856 2926 911 sunt
2981 845 3092 911 illis

628 960 681 1023 si
729 956 885 1043 quid
928 958 1093 1043 ipsis
1130 966 1487 1043 propterea
1546 957 1897 1041 accideret,
1955 966 2164 1023 totum
2225 960 2562 1043 negotium
2621 957 2804 1044 apud
2859 958 3090 1021 Praesi-

629 1069 780 1133 dem
825 1070 891 1133 in
938 1091 1007 1133 se
1056 1080 1492 1155 suscepturos.
1559 1068 1825 1135 Nullum
1883 1080 2104 1135 autem
2156 1068 2460 1135 stolidum
2505 1072 2714 1156 magis
2759 1092 2800 1135 a
2843 1070 3093 1135 «Iudaeis

626 1182 765 1246 dari
809 1182 1019 1268 potuit
1064 1180 1433 1265 consilium;
1482 1203 1678 1268 quam
1723 1192 1794 1247 ut
1839 1204 1920 1247 ea
1965 1192 2358 1249 testarentur
2413 1182 2677 1267 milites,
2735 1205 2905 1269 quae
2955 1185 3094 1270 ipsis

628 1293 1099 1359 dormientibus
1144 1296 1617 1380 contigerant-¹.

833 1406 1089 1472 Eodem
1120 1406 1635 1473 Resurrectionis
1667 1408 2058 1473 Dominicae
2108 1408 2232 1491 die,
2278 1409 2544 1473 tertia
2581 1409 2946 1472 resuscitati
2975 1406 3094 1472 Sal-

628 1522 869 1585 vatoris
914 1519 1235 1607 apparitio
1284 1522 1504 1585 evenit
1544 1520 1792 1587 Simoni
1823 1520 2043 1605 Petr0,
2091 1544 2176 1587 ex
2223 1518 2534 1608 apostolis
2581 1522 2874 1585 omnium
2903 1520 3094 1605 primo

630 1640 695 1696 et
738 1632 929 1715 soli23
987 1630 1407 1719 exploratum
1454 1633 1625 1699 forte
1671 1655 1848 1698 nova
1889 1633 2090 1699 itione
2136 1632 2223 1697 ad
2268 1632 2684 1719 sepulchrum
2732 1634 3097 1697 narrationis

624 1743 964 1809 mulierum
1010 1744 1092 1809 de
1137 1754 1519 1831 resurgente
1568 1744 1824 1811 Christo
1887 1746 2230 1811 veritatem
2251 1748 2294 1809 ³.
2371 1744 2636 1810 Accidit
2708 1754 3096 1830 quartum,

624 1866 697 1921 ut
761 1865 1113 1943 antequam
1134 1860 1157 1901 ⁴
1228 1857 1310 1923 de
1380 1856 2044 1941 manifestationibus,
2115 1880 2284 1943 quae
2345 1856 2724 1923 mulieribus
2780 1880 2858 1922 ac
2917 1857 3096 1921 Petro

624 1968 1027 2052 acciderunt,
1075 1970 1407 2054 cognitum
1454 1981 1656 2053 esset3
1717 1969 1855 2034 bini
1899 1992 1984 2034 ex
2030 1968 2364 2056 discipulis
2409 1980 2713 2056 peterent
2755 1970 2844 2035 ad
2887 1968 3098 2035 castel·

622 2080 776 2165 lum,
824 2084 929 2146 cui
968 2104 1211 2147 nomen
1242 2092 1383 2147 erat
1410 2082 1726 2148 Emmaus
1747 2086 1792 2147 ⁵.
1843 2083 2008 2149 Cum
2039 2085 2616 2169 peregrinarentur
2641 2086 2790 2147 viae
2829 2082 3100 2147 taedium

626 2192 963 2280 colloquiis
1022 2196 1261 2259 mutuis
1322 2194 1403 2259 de
1464 2196 1660 2259 tantis
1704 2193 1922 2279 rebus,
1992 2218 2160 2282 quae
2228 2216 2350 2280 per
2417 2217 2534 2260 eos
2604 2193 2744 2259 dies
2807 2196 2872 2259 in
2933 2194 3096 2259 Urbe

626 2316 1002 2389 evenerant,
1048 2305 1377 2371 levabant.
1440 2307 1622 2372 Inter
1679 2308 1962 2373 eundum
2028 2307 2260 2373 obvius
2315 2307 2528 2371 factus
2587 2316 2686 2370 est
2729 2306 2852 2371 illis
2897 2307 2942 2372 J
2945 2328 3096 2389 esus,

624 2420 922 2506 quamvis
981 2416 1207 2485 habitu
1268 2428 1537 2503 mutato,
1599 2443 1732 2484 non
1787 2422 2001 2484 statim
2063 2420 2334 2505 agnosci
2380 2442 2452 2483 se
2495 2441 2749 2505 passus.
2815 2418 3098 2483 Salvator

627 2532 907 2617 optimus
970 2531 1294 2596 accedens
1354 2534 1603 2597 socium
1670 2534 1915 2597 itineris
1979 2556 2049 2596 se
2103 2532 2440 2618 praebuit,
2509 2530 2831 2596 allocutus
2897 2542 3098 2595 autem

627 2642 768 2709 illos
815 2646 1087 2710 comiter
1130 2646 1573 2731 interrogavit,
1609 2669 1756 2710 cum
1803 2644 1884 2711 dc
1917 2645 2346 2727 sermonibus,
2396 2668 2560 2731 quos
2605 2647 2888 2709 invicem
2919 2642 3099 2708 habe-

837 2866 873 2931 ¹)
913 2864 966 2917 S.
990 2866 1255 2927 Justinus,
1294 2865 1420 2916 dial.
1462 2882 1581 2916 cum
1618 2866 1817 2932 Tryph.
1855 2882 1907 2916 n.
1935 2868 2054 2916 108.
2091 2883 2141 2929 p.
2167 2868 2288 2916 366.
2333 2870 2518 2915 narrat
2551 2864 2620 2914 de
2655 2864 2909 2915 Judaeis:
2959 2864 3098 2925 „Non

626 2950 783 3001 modo
820 2952 1201 3018 poenitentiam
1236 2966 1345 3001 non
1382 2954 1589 3017 egistis,
1640 2957 1925 3018 postquam
1971 2952 2120 3002 illum
2167 2968 2232 3002 ex
2280 2952 2505 3002 mortuis
2543 2952 2896 3001 resurrexisse
2933 2951 3098 3000 didici·

626 3040 747 3103 stis,
796 3038 893 3089 sed
938 3040 1079 3089 viros
1117 3038 1353 3089 delectos
1390 3040 1446 3089 in
1482 3041 1792 3089 universum
1829 3039 2010 3089 orbem
2047 3040 2289 3101 misistis,
2345 3040 2436 3104 qui
2480 3038 2858 3104 praedicarent
2903 3039 3098 3102 impiam

626 3125 894 3192 quandam
932 3130 985 3175 et
1022 3125 1259 3191 exlegem
1306 3132 1506 3176 sectam
1544 3141 1577 3177 a
1610 3126 1775 3191 plano
1814 3153 1880 3161 -
1915 3122 2102 3175 πλάνου
2138 3152 2204 3161 --
2245 3125 2478 3191 quodam
2512 3125 2648 3175 Jesu
2687 3124 2932 3175 Galilaeo
2977 3124 3098 3173 exci-

627 3217 796 3263 tatam
834 3226 967 3275 esse,
1008 3218 1061 3263 et
1096 3228 1259 3279 quum
1296 3212 1447 3263 illum
1485 3227 1518 3263 a
1568 3200 1725 3262 nobis
1763 3210 2071 3261 crucifixum
2109 3212 2356 3277 discipuli
2400 3213 2515 3261 eius
2562 3217 2728 3261 noctu
2772 3211 3102 3277 surripuerint

628 3316 691 3349 ex
730 3304 1097 3361 monumento,
1148 3299 1203 3348 in
1242 3314 1346 3364 quo
1386 3298 1579 3349 refixus
1618 3314 1647 3348 e
1685 3314 1844 3348 cruce
1881 3298 2154 3364 depositus
2192 3298 2392 3361 fuerat,
2442 3298 2616 3364 decipi
2664 3298 2733 3347 ab
2771 3298 2836 3347 iis
2881 3297 3102 3346 homines

626 3384 853 3435 dicendo
909 3400 1029 3435 eum
1083 3386 1435 3436 resurrexisse
1480 3402 1545 3435 ex
1600 3387 1822 3435 mortuis
1867 3391 1920 3435 et
1973 3387 2030 3435 in
2075 3384 2282 3435 coelum
2331 3384 2732 3435 adscendisse“.
2791 3385 2864 3434 At
2897 3390 2956 3434 nt
2987 3398 3099 3432 vere

626 3472 780 3521 simul
835 3478 889 3521 et
940 3478 1097 3523 acute
1152 3478 1553 3537 argumentatur
1610 3486 1654 3522 s.
1697 3472 2052 3537 Augustinus,
2109 3486 2282 3523 enarr.
2319 3474 2374 3522 in
2409 3472 2500 3522 Ps.
2539 3469 3098 3533 LXH,9.11.15.1V.

626 3560 774 3609 624:
834 3559 1007 3620 „Quid
1044 3564 1148 3621 est,
1197 3558 1341 3624 quod
1378 3558 1555 3609 dixisti
1593 3575 1626 3608 o
1663 3559 1848 3609 infelix
1887 3561 2116 3611 astutia?
2165 3560 2466 3609 Tantumne
2517 3558 2720 3609 deseris
2769 3558 2946 3608 lucem
2989 3572 3097 3607 con-

626 3644 745 3695 silio
781 3646 1020 3710 pietatis,
1072 3650 1126 3695 et
1171 3647 1227 3695 in
1273 3616 1539 3711 profunda
1588 3647 1856 3695 versutiae
1896 3645 2243 3711 demergeris,
2299 3650 2358 3695 ut
2402 3643 2504 3695 hoc
2543 3644 2720 3694 dicas.
2777 3644 2936 3694 dicite
2989 3643 3100 3709 quis

625 3732 781 3783 vobis
842 3731 1224 3783 dormientibus
1278 3737 1539 3783 venerunt
1586 3732 1834 3797 discipuli
1905 3734 2020 3782 eius
2075 3738 2129 3782 et
2181 3730 2517 3783 abstulerunt
2569 3734 2724 3781 eum?
2781 3731 3100 3781 Dormientes

626 3824 789 3871 testes
826 3818 1063 3883 adhibes,
1099 3834 1225 3869 vere
1260 3823 1319 3868 tu
1356 3820 1471 3885 ipse
1508 3818 1834 3881 obdormisti,
1873 3820 1965 3886 qui
2001 3818 2288 3870 scrutando
2326 3818 2458 3869 talia
2495 3817 2755 3869 defecisti.
2797 3816 2856 3867 Si
2893 3816 3096 3869 dormie-

626 3906 773 3969 bant,
812 3905 939 3972 quid
976 3906 1157 3956 videre
1194 3908 1515 3973 potuerunt?
1564 3907 1608 3957 si
1655 3905 1787 3957 nihil
1823 3905 2096 3968 viderunt,
2147 3905 2412 3971 quomodo
2451 3910 2616 3956 testes
2653 3907 2842 3955 sunt‘i>⁸⁸
2907 3904 2950 3968 ²)
2981 3904 3098 3953 Luc.
3187 3910 3189 3973 ᾗ

627 3996 711 4056 24,
737 3994 821 4044 34.
857 3993 901 4044 Ι.
937 3992 1059 4044 Cor.
1100 3995 1181 4056 16,
1220 3996 1267 4043 5.
1337 3994 1399 4043 In
1447 3994 1548 4043 hac
1597 3993 1932 4059 apparitione
1977 3991 2227 4058 neganda
2271 3997 2417 4043 totus
2471 3996 2615 4042 errat
2669 3991 3002 4052 Harduinus,
3049 3990 3098 4037 in

627 4098 711 4147 op.
750 4080 843 4130 sel.
882 4096 934 4145 p.
960 4082 1077 4129 920.
1138 4080 1255 4129 Etsi
1302 4080 1511 4145 quidem
1558 4080 1748 4131 modus
1804 4085 1857 4129 et
1901 4079 2053 4129 locus
2100 4079 2258 4129 huius
2310 4080 2660 4144 apparitionis
2707 4094 2754 4127 c.
2787 4078 2826 4129 1.
2870 4076 3100 4127 definitus

626 4166 769 4217 haud
806 4169 899 4228 sit,
952 4167 1163 4232 primo
1204 4166 1307 4215 die
1346 4172 1523 4215 tamen
1562 4168 1854 4231 contigisse
1891 4170 1946 4215 et
1979 4167 2244 4215 tertiam
2281 4179 2414 4227 esse,
2451 4170 2602 4231 patet
2637 4180 2704 4214 ex
2739 4166 2876 4216 Luc.
2911 4166 2991 4225 24,
3024 4163 3098 4211 34.
3185 4216 3187 4225 Ξ

628 4253 669 4317 ³)
719 4252 775 4302 Si
821 4254 1161 4303 coniecturae
1206 4252 1482 4317 indulgere
1532 4252 1673 4315 licet,
1721 4252 1930 4303 videtur
1973 4266 2014 4302 s.
2049 4252 2242 4301 Petrus
2289 4251 2426 4301 binis
2475 4252 2684 4301 vicibus
2719 4254 3099 4301 monumentum

627 4338 839 4388 adiisse.
878 4340 1053 4388 Primo
1092 4338 1304 4404 quidem
1342 4339 1533 4387 comite
1572 4340 1621 4388 d.
1659 4338 1897 4401 Joanne,
1947 4344 2136 4404 postea
2186 4354 2314 4389 vero
2351 4338 2514 4389 solus.
2577 4338 2620 4403 ⁴)
2659 4337 2713 4391 S.
2751 4338 2949 4388 Joanni
2981 4349 3098 4385 sane

626 4440 863 4475 seorsum
902 4426 1221 4491 conspicuus
1257 4425 1421 4475 fuisse
1468 4440 1574 4474 non
1623 4425 1832 4475 dicitur.
1895 4426 1942 4487 ³)
1995 4427 2078 4475 De
2124 4428 2245 4475 vico
2291 4426 2348 4475 in
2393 4440 2552 4490 quem
2599 4425 2939 4475 tetenderunt
2979 4423 3098 4471 Em—

626 4526 821 4574 maus,
860 4509 1099 4580 ’Hypanis
1136 4512 1293 4561 hodie
1332 4516 1391 4560 ut
1425 4512 1649 4561 sumitur
1685 4510 2084 4573 Kulonniah,
2123 4512 2253 4561 nihil
2291 4513 2494 4561 monitu
2531 4512 2752 4576 dignum
2791 4518 2952 4559 restat
2987 4515 3098 4574 post
3183 4532 3185 4541 ·

627 4597 787 4664 Sepp,
824 4598 1125 4649 Jerusalem
1162 4613 1215 4647 u.
1241 4597 1290 4645 d.
1316 4596 1367 4647 h.
1393 4598 1547 4647 Laud
1586 4598 1629 4661 I,
1656 4600 1739 4650 52.
1768 4612 1810 4647 a.

3191 3276 3193 3338 i
