3267 5259
638 389 734 442 CX

1230 1151 1662 1227 ΣΥΛΛΟΓΗ
1719 1151 1896 1227 ΤΗΣ
1955 1150 2534 1227 ΠΡΟΘΕΩΡΙΑΣ

1853 1310 1920 1359 m

700 1438 1169 1513 HISTORIAM
1214 1437 1744 1513 REVELATION
1747 1436 1826 1512 IS
1871 1437 2236 1513 DIVINAE
2279 1436 2482 1511 NOVI
2527 1433 3063 1511 ΤΕΒΤΑΜΕΝΤΙ.

640 1660 1054 1710 ANNOTATIO
1102 1658 1579 1721 PRAEFOSITA,
1635 1659 1784 1721 QUA
1831 1659 1932 1709 DE
1985 1657 2379 1709 HISTORIAE
2437 1658 2612 1707 NOVI
2664 1654 3116 1707 TESTAMENTI

1024 1754 1366 1816 OBIECTO,
1404 1754 1724 1805 RATIONE
1763 1754 1858 1804 ΕΤ
1895 1752 2247 1804 PARTIBUS
2283 1752 2758 1804 DISPUTATUR.

858 1903 911 1969 1,
960 1898 1180 1956 Eorum
1222 1918 1369 1977 quae
1399 1898 1696 1956 narranda
1726 1904 1864 1955 sunt
1895 1897 2211 1973 propositio
2241 1898 2294 1954 I.
2375 1902 2429 1968 2,
2478 1896 2776 1954 Plurimae
2813 1900 2949 1953 sunt
2993 1914 3116 1970 pro-

643 2002 803 2077 priae
856 2001 1155 2059 Historiae
1200 2001 1599 2060 Revelationis
1647 2002 1721 2059 N.
1775 2002 1839 2059 T.
1889 2002 2416 2060 commendationes
2467 2002 2555 2058 II.
2651 2006 2708 2072 3,
2767 2002 2856 2057 De
2899 2006 3118 2057 nostrae

642 2106 1012 2163 tractationis
1066 2108 1293 2163 ratione
1345 2125 1413 2164 ac
1462 2124 1630 2182 scopo
1685 2106 1773 2164 ΙΙ.
1867 2111 1923 2177 4,
1987 2108 2192 2165 Partes
2245 2107 2324 2163 H.
2381 2107 2453 2164 R.
2505 2106 2579 2163 D.
2635 2106 2712 2163 N.
2759 2106 2826 2162 F.
2883 2104 3117 2161 maiores

642 2211 790 2269 duae
836 2211 943 2269 IV.

701 2414 801 2463 DE
849 2412 1257 2463 SYNOPSEOS
1302 2414 1447 2463 VEL
1495 2414 1928 2463 HARMONIAE
1977 2412 2556 2464 EVANGELIORUM
2605 2412 3066 2464 CONTEXENDI

1714 2508 2064 2559 SCIENTIA.

854 2660 910 2725 5,
958 2653 1417 2727 Evangeliorum
1446 2672 1756 2711 consensus
1785 2658 1844 2711 et
1881 2655 2170 2711 dissensus
2203 2654 2308 2713 VI.
2387 2660 2444 2724 6,
2492 2654 2954 2727 Evangeliorum
2991 2671 3112 2709 con·

642 2758 845 2827 nexi0,
894 2754 1127 2834 ἁρμονία
1166 2762 1225 2815 et
1269 2755 1483 2831 σύνοψις
1532 2757 1673 2815 VII.
1755 2761 1808 2827 7,
1863 2756 2175 2816 Commoda
2217 2778 2364 2835 quae
2409 2758 2738 2817 Harmonia
2777 2757 3112 2831 Evangelio-

644 2882 777 2919 rum
826 2860 1019 2935 gignit
1066 2861 1207 2919 VII.
1296 2867 1351 2932 8,
1409 2860 1710 2923 Quaenam
1759 2882 1788 2918 c
1833 2860 2103 2937 pluribus
2147 2862 2537 2921 Harmoniam
2580 2862 2968 2921 concinnandi
3012 2862 3114 2918 viis

642 2963 939 3022 ineunda?
978 2964 1094 3021 IX.
1176 2970 1231 3034 9,
1280 2963 1397 3027 Qui
1437 2972 1680 3023 sumunt
1709 2964 1942 3023 nullum
1971 2966 2412 3040 Evangelistam
2451 2965 2678 3045 aliquid
2719 2972 2896 3025 extra
2921 2964 3112 3023 seriem

643 3068 1044 3126 Historiarum
1077 3087 1343 3126 narrasse
1374 3068 1729 3127 reiiciuntur
1759 3069 1839 3128 X.
1911 3074 2009 3140 10,
2042 3070 2300 3144 Regulae
2329 3070 2396 3128 in
2427 3070 2880 3144 investigatione
2909 3067 3114 3127 ordinis

644 3172 1105 3246 Evangeliorum
1142 3173 1535 3230 observandae
1570 3172 1691 3231 XI.
1774 3178 1870 3244 11,
1919 3173 1992 3230 In
2035 3180 2302 3233 mutuam
2339 3174 2798 3249 Evangeliorum
2843 3176 3113 3231 rationem

644 3276 974 3355 inquiritur
1019 3274 1175 3333 XII.
1260 3282 1354 3346 12,
1404 3276 1781 3335 Refelluntur
1823 3278 2025 3336 variae
2073 3277 2374 3354 opiniones
2420 3280 2575 3336 circa
2619 3284 2888 3337 mutuam
2931 3279 3112 3335 Evan-

643 3381 926 3455 geliorum
975 3380 1131 3437 int-er
1177 3401 1235 3437 se
1280 3380 1627 3438 relationem
1673 3380 1845 3439 XIV.
1929 3387 2026 3453 13,
2083 3382 2141 3439 S.
2187 3381 2510 3457 Augustini
2554 3384 2624 3439 de
2671 3382 3111 3457 Evangeliorum

644 3486 801 3543 inter
845 3505 905 3541 se
943 3485 1225 3543 relatione
1263 3485 1555 3543 sententia
1594 3488 1880 3560 probatur
1919 3486 2056 3543 XV.
2138 3490 2236 3557 14,
2285 3486 2372 3543 De
2413 3486 2796 3562 scriptoribus
2837 3506 2872 3543 a
2917 3486 3111 3565 quibus

648 3589 867 3647 tradita
896 3595 983 3647 est
1012 3589 1343 3647 Harmonia
1372 3590 1832 3663 Evangeliorum
1862 3610 2004 3648 aevo
2035 3590 2444 3669 antiquissimo
2473 3590 2612 3649 XV.
2681 3597 2779 3662 15,
2811 3590 3112 3665 Scriptores

646 3693 1109 3751 Harmoniarum
1156 3713 1299 3752 aevo
1347 3693 1537 3751 medio
1580 3693 1826 3753 XVIII.
1911 3698 2005 3751 16.
2055 3693 2331 3772 Syllabus
2373 3695 2728 3769 scriptorum
2773 3692 3112 3752 Harmoniae

644 3798 755 3855 Ev.
804 3796 1142 3855 recentioris
1187 3799 1395 3855 aetatis
1426 3798 1860 3857 Catholicorum
1907 3798 2087 3855 XIX.
2172 3804 2268 3868 17,
2328 3798 2424 3855 Ex
2469 3818 2611 3857 aevo
2655 3800 2888 3856 demum
2935 3802 3111 3855 nostro

645 3901 1109 3959 Harmoniarum
1138 3902 1579 3960 concinnatores
1606 3902 1861 3960 XXIII.
1945 3908 2040 3972 18,
2093 3901 2568 3961 Acatholicorum
2606 3902 2892 3973 virorum,
2931 3900 3030 3979 qui
3059 3900 3109 3955 in

644 4025 816 4082 opere
846 4007 1277 4064 desudaverunt
1307 4007 1644 4065 harmonico
1677 4008 1916 4065 nomina
1947 4007 2186 4065 XXIV.

643 4211 712 4260 D.
744 4208 988 4261 LUCAE
1025 4210 1100 4259 IN
1140 4210 1550 4261 SCRIBENDO
1588 4210 1890 4261 ACTUUM
1928 4210 2174 4259 APOST.
2213 4210 2431 4261 LIBRO
2469 4210 2602 4261 ARS
2642 4203 3107 4261 CONTEXENDI.

858 4358 955 4425 19,
986 4353 1061 4410 In
1092 4352 1469 4411 diiudicanda
1498 4353 1553 4411 d.
1586 4354 1778 4411 Lucae
1809 4372 2006 4411 rerum
2037 4353 2388 4411 contexendi
2423 4358 2567 4425 arte,
2602 4352 2896 4429 imprimis
2925 4352 3106 4409 viden-

648 4455 788 4513 dum
820 4462 933 4523 est,
982 4462 1185 4515 utrum
1214 4462 1273 4515 et
1306 4477 1560 4534 quonam
1600 4456 1844 4515 consilio
1882 4455 2224 4533 scripserit?
2269 4455 2506 4514 XXVI.
2589 4462 2690 4527 20,
2740 4456 2814 4515 D.
2847 4456 3028 4514 Lucae
3055 4451 3107 4507 in

648 4560 954 4619 scribendo
985 4561 1297 4635 diligentia
1326 4561 1766 4619 commendatur
1795 4560 2031 4618 XXVI.
