3267 5259
612 436 739 503 368
1342 452 1458 494 mat.
1488 452 1595 495 Rev.
1624 454 1714 495 div.
1743 452 1914 495 Porioi.
1947 452 2006 494 n.
2029 464 2124 504 esp.
2153 454 2352 505 primun.

612 634 812 688 menta
834 636 1095 703 noverat,
1130 650 1237 690 nec
1260 632 1373 689 nisi
1396 632 1433 689 J
1434 635 1640 690 oannis
1671 633 1960 708 baptismo
1983 635 2252 691 initiatus
2283 638 2478 691 tamen
2499 632 2538 689 J
2539 652 2698 691 esum
2721 652 2928 691 summo
2950 635 3036 691 fer-

610 753 751 792 vore
782 736 1170 810 praedicabat.
1216 736 1395 794 Hunc
1424 737 1610 811 igitur
1641 738 1706 795 in
1735 756 2034 813 synagoga
2062 737 2402 815 frequenter
2431 738 2504 795 ad
2533 739 2860 795 concionem
2884 738 3038 795 dieen-

612 844 731 895 tem
778 840 1001 917 Aquila
1042 845 1103 898 et
1132 840 1406 899 Priscilla
1434 841 1814 911 audiverant3
1863 841 2156 920 simulque
2201 843 2342 918 ipsis
2387 848 2445 899 et
2489 843 2659 901 dona1
2683 846 2904 917 egregia
2941 862 3039 918 pro·

610 943 909 1022 sectusque
963 945 1259 1003 doctrinae
1312 952 1373 1003 et
1423 944 1682 1003 defectus
1737 945 1938 1021 Apolli
1993 945 2278 1004 notabiles
2341 948 2746 1005 innotuerunt.
2813 945 2949 1009 Quos
2993 952 3042 1003 ut

610 1048 1039 1120 emendarent,‘
1073 1054 1472 1106 assumserunt
1520 1068 1656 1107 eum
1685 1056 1860 1127 atque
1891 1050 2287 1124 Evangelium
2331 1050 2384 1108 ei
2433 1051 2700 1109 exactius
2741 1056 2800 1109 et
2841 1050 3042 1127 amplius

610 1153 765 1210 domi
796 1154 1169 1228 exponebant
1194 1150 1229 1210 ¹.
1278 1153 1629 1211 Corinthum
1659 1156 1972 1212 abeuntem
2013 1154 2294 1230 Apollum
2331 1156 2616 1231 Ephesini
2655 1155 2840 1213 literis
2879 1162 2984 1213 tum
3017 1176 3043 1211 s

610 1258 837 1315 sincera
864 1256 1002 1314 fidei
1034 1258 1457 1329 communione,
1500 1264 1627 1315 tum
1659 1278 1696 1316 a
1725 1258 1890 1315 donis
1922 1259 2171 1333 egregiis
2211 1260 2715 1317 commendabant.
2763 1259 2890 1317 Illic
2923 1279 2978 1317 ea
2997 1261 3046 1315 vi

610 1362 957 1419 eruditionis
985 1367 1045 1419 et
1074 1362 1382 1419 facundiae
1402 1358 1427 1399 ²
1455 1363 1671 1432 docuit,
1705 1368 1776 1420 ut
1795 1362 2086 1421 Ecclesiae
2117 1362 2556 1421 Corinthiorum
2579 1364 2646 1421 in
2671 1370 2860 1439 partes
2885 1366 3048 1421 scissae

610 1465 810 1543 aliqua
837 1469 1013 1523 sectio
1044 1468 1117 1525 ab
1147 1468 1273 1542 ipso
1303 1466 1485 1525 fuerit
1514 1466 1809 1542 adpellata
1825 1464 1870 1525 ³.

718 1757 777 1835 ἓ.
828 1758 929 1821 74.
996 1754 1301 1821 Prioris
1348 1754 1409 1819 d.
1442 1754 1668 1819 Pauli
1715 1754 2567 1821 Thessalonicensibus
2625 1759 2960 1842 scriptae

1340 1866 1742 1953 epistolae
1791 1878 2354 1953 argumentum.

814 2056 1161 2138 Quomodo
1240 2056 1543 2122 Ecclesia
1616 2056 2220 2123 Thessalonicensis
2294 2081 2438 2122 sese
2504 2058 2812 2141 haberet,
2877 2057 3050 2145 probe

608 2170 1051 2255 cognoscebat
1098 2170 1161 2235 d.
1194 2170 1463 2253 Paulus3
1533 2180 1730 2255 atque
1791 2169 1962 2235 hanc
2023 2172 2462 2255 cognitionem
2519 2168 2866 2237 attendens
2907 2170 3054 2257 Apo-

608 2282 837 2347 stolus:
924 2282 1431 2364 consolationes,
1516 2282 2025 2365 admonitiones,
2109 2282 2335 2347 laudes
2401 2282 3056 2349 Thessalonicensibus

604 2398 969 2482 impertitur
990 2400 1033 2461 ⁴.
1112 2395 1365 2460 Salutat
1424 2419 1537 2461 eos
1598 2394 1970 2460 scribens:⁵
2041 2398 2300 2481 gratia⁶
2355 2395 2545 2461 vobis
2609 2398 2692 2462 sit
2753 2406 2816 2461 et
2873 2396 3054 2483 pax!⁷

606 2506 902 2573 Salutata
946 2508 1627 2573 Thessalonicensium
1674 2508 1978 2573 Ecclesia
2024 2530 2063 2572 a
2107 2512 2462 2594 gratiarum
2495 2512 2754 2574 actione
2786 2510 2938 2575 facit
2961 2510 3054 2572 ini-

600 2623 781 2705 tium,
830 2620 1007 2708 quod
1051 2620 1451 2707 praedicatio
1502 2621 1886 2707 evangelica
1933 2644 2081 2686 cum
2126 2620 2324 2707 plena
2369 2632 2434 2687 et
2470 2622 2774 2709 perfecta
2803 2624 3054 2687 omnium

602 2817 725 2880 lico,
758 2820 815 2867 in
852 2817 1011 2868 Thes.
1046 2832 1169 2867 nov.
1206 2832 1257 2882 p.
1292 2818 1413 2867 691.
1446 2832 1490 2866 s.
1540 2814 1706 2877 Storr‚
1741 2821 1850 2866 not.
1885 2815 2007 2866 hist.
2025 2818 2125 2881 *ep.
2160 2816 2316 2867 Pauli
2349 2816 2420 2867 ad
2447 2816 2569 2867 Cor.
2593 2818 2814 2883 interpr.
2837 2818 3058 2868 servient.

601 2907 657 2958 in
694 2908 893 2973 Opusc.
928 2905 1008 2967 H,
1044 2906 1163 2955 242.
1198 2919 1241 2955 s.
1298 2904 1360 2953 F.
1398 2904 1459 2954 A.
1498 2904 1580 2953 W.
1618 2904 1853 2967 Krause,
1891 2904 2048 2953 Pauli
2083 2903 2154 2953 ad
2189 2904 2310 2955 Cor.
2349 2921 2431 2970 ep.
2473 2904 2728 2955 Francos.
2769 2907 2913 2956 1792.
2945 2902 3060 2969 prol.

600 3012 651 3061 p.
680 2996 761 3044 35.
788 3009 831 3043 s.
857 2995 939 3043 59.
966 3009 1007 3042 s.
1056 2992 1144 3041 Fr.
1170 2991 1355 3054 Bleek,
1382 2992 1532 3041 Vers.
1560 2992 1663 3040 ein.
1689 2990 1866 3041 vollst.
1899 2990 2040 3040 Einl.
2077 2992 2131 3039 in
2166 2990 2214 3039 d.
2251 2990 2338 3040 Br.
2375 3006 2444 3041 au
2483 2990 2568 3041 die
2603 2992 2893 3042 Hebraeer.
2941 2989 3058 3039 Berl.

604 3082 755 3132 1828.
794 3098 843 3146 p.
880 3082 998 3129 420.
1033 3096 1075 3129 s.
1126 3080 1433 3143 Heymann,
1472 3079 1543 3127 in.
1584 3076 1703 3143 eph.
1739 3077 1924 3128 Siichs.
1959 3076 2109 3128 stud.
2147 3080 2297 3127 1843.
2335 3095 2385 3143 p.
2425 3080 2541 3128 222.
2603 3078 2788 3141 Klotz,
2823 3080 2878 3128 in
2911 3077 3060 3126 Welte

600 3168 664 3218 K.
704 3168 764 3218 L.
813 3166 856 3228 1,
894 3168 1011 3216 361.
1060 3166 1145 3215 W.
1183 3164 1507 3230 Beyschlag‚
1559 3164 1624 3213 de
1661 3164 1942 3215 Ecclesiae
1981 3164 2288 3215 Corinthiae
2325 3166 2556 3215 factione
2595 3164 2912 3216 Christiana.
2959 3162 3062 3212 Hal.

608 3256 757 3306 1861.
796 3271 845 3320 p.
876 3256 956 3305 14.
982 3270 1025 3304 s.
1076 3252 1134 3303 C.
1160 3252 1457 3317 Passaglia,
1496 3252 1562 3301 de
1600 3267 1842 3318 praerog.
1881 3250 1941 3302 Β.
1967 3252 2026 3301 Ρ.
2065 3254 2150 3317 p.2
2179 3253 2261 3301 79.

813 3342 849 3405 ¹)
888 3340 1079 3407 Apollo
1130 3339 1341 3405 quidem
1388 3340 1479 3405 qui
1524 3340 1688 3388 tantis
1725 3346 1950 3389 naturae
1987 3344 2040 3389 et
2075 3341 2203 3389 artis
2241 3337 2454 3389 dotibus
2503 3338 2769 3405 pollebat,
2815 3337 3060 3403 singulare

598 3428 907 3480 humilitatis
946 3434 999 3478 et
1032 3427 1325 3477 modestiae
1362 3426 1587 3492 praebet
1616 3408 1901 3492 specimen,
1930 3427 2234 3475 accuratius
2261 3426 2329 3475 ab
2357 3427 2421 3476 iis
2447 3426 2652 3476 institui
2683 3442 2790 3477 non
2815 3438 3061 3483 recusans,

600 3517 691 3580 qui
728 3531 791 3564 ex
828 3515 985 3565 Pauli
1022 3513 1307 3579 disciplina
1342 3513 1486 3563 haud
1521 3514 1599 3562 ita
1645 3512 1848 3578 pridem
1897 3511 2219 3578 prodierant.
2281 3512 2386 3563 Ubi
2433 3528 2634 3563 arcana
2679 3512 2804 3563 fidei
2853 3510 3058 3576 exquisi-

598 3602 703 3651 tius
756 3602 1040 3664 didicerat,
1096 3600 1229 3651 nihil
1280 3602 1450 3667 magis
1500 3600 1736 3650 habebat
1787 3601 1843 3649 in
1893 3601 2056 3661 votis,
2115 3614 2274 3665 quam
2329 3600 2550 3649 verbum
2599 3600 2702 3649 Dei
2757 3599 3060 3665 praedicare.

600 3688 641 3757 ²)
678 3689 842 3748 Cuius
877 3689 1101 3739 studiosi
1134 3694 1289 3739 erant
1322 3687 1531 3749 Graeci,
1574 3702 1820 3753 quaeque
1857 3700 2104 3752 magnam
2142 3686 2285 3752 apud
2315 3702 2407 3737 eos
2444 3688 2552 3737 vim
2588 3686 2838 3737 habebat.
2899 3686 2936 3750 ³)
2959 3684 3060 3733 Act.

602 3778 681 3840 18,
708 3778 913 3838 5.—19‚
944 3778 989 3825 1.
1040 3776 1158 3827 coll.
1186 3776 1227 3825 1.
1256 3774 1377 3825 Cor.
1406 3779 1452 3837 1,
1483 3778 1563 3825 12.
1602 3778 1652 3837 3,
1679 3778 1728 3824 4.
1755 3776 1804 3824 6.
1867 3774 1906 3840 ⁴)
1933 3774 2207 3839 Epistolas
2242 3789 2369 3824 suas
2407 3774 2648 3823 ordiendi
2685 3790 2800 3824 mos
2835 3772 3061 3824 Doctoris

598 3866 834 3929 gentium
880 3869 1019 3925 erat,
1066 3863 1211 3929 quod
1256 3864 1549 3929 praemisso
1594 3876 1694 3911 suo
1741 3862 2116 3927 sociorumque
2164 3862 2403 3923 nomine,
2452 3862 2511 3910 in
2559 3876 2784 3927 quorum
2829 3860 3061 3911 comitatu

598 3950 951 4017 Evangelium
990 3950 1360 4011 annunciat-at,
1408 3950 1523 3999 eius
1560 3964 1754 3999 nomen
1789 3948 2090 4000 Ecclesiae.
2108 3954 2168 3997 ut
2203 3946 2486 4013 plurimum
2526 3948 2959 4014 subsequeretur,
3003 3940 3062 3991 ad

599 4054 759 4104 quam
784 4038 931 4088 dedit
953 4037 1181 4087 Literas.
1230 4036 1295 4085 In
1318 4036 1401 4087 his
1428 4036 1497 4085 ad
1521 4036 2028 4087 Thessalonicenses
2065 4036 2264 4085 nomini
2289 4050 2385 4085 suo
2411 4050 2518 4085 uon
2555 4034 2755 4085 adiecit
2789 4044 3062 4099 cognomen

596 4125 856 4192 Apostoli,
896 4122 1039 4191 quod
1074 4125 1131 4173 in
1167 4123 1288 4173 aliis
1326 4122 1487 4186 solet,
1536 4124 1663 4189 quia
1707 4138 1814 4172 non
1861 4138 1996 4188 opus
2044 4127 2158 4171 erat
2201 4120 2358 4171 titulo
2403 4122 2738 4172 auctoritatis
2783 4118 2922 4186 apud
2965 4130 3060 4167 eos,

598 4215 689 4278 qui
726 4213 866 4263 ultro
905 4228 1026 4262 eum
1063 4210 1451 4277 agnoscebant,
1490 4207 1681 4259 deinde
1718 4210 1871 4260 bonis
1899 4214 1952 4258 et
1976 4209 2078 4259 sibi
2113 4206 2340 4258 addictis
2376 4208 2664 4259 scribebat.
2729 4210 2771 4271 ⁵)
2808 4206 3062 4257 Hebraiea

598 4299 867 4350 salutandi
904 4298 1147 4350 formula.
1221 4297 1263 4363 ὅ)
1300 4296 1453 4358 Quae
1490 4298 1724 4347 omnium
1765 4296 2027 4345 bonorum
2063 4300 2118 4345 et
2151 4296 2296 4345 vitae
2341 4300 2594 4345 aeternae
2631 4302 2715 4345 est
2749 4293 3062 4359 principium.

600 4385 639 4452 7)
678 4386 718 4435 1.
755 4390 802 4448 1,
840 4390 887 4436 2.
946 4384 1267 4435 Hominibus
1314 4385 1406 4451 qui
1454 4384 1571 4434 Deo
1617 4380 1766 4433 Patri
1815 4384 1954 4448 grati
2003 4384 2317 4449 acceptique
2365 4398 2474 4433 non
2523 4388 2674 4445 sunt,
2721 4381 2866 4431 nulla
2901 4382 3066 4445 potest

596 4471 771 4521 solida
806 4486 1039 4538 veraque
1076 4473 1387 4537 contingere
1422 4484 1553 4536 pax,
1598 4470 1742 4521 unde
1789 4470 2068 4521 consuevit
2115 4467 2404 4534 Apostolus
2441 4484 2562 4519 cum
2597 4470 2702 4519 Dei
2747 4468 2912 4534 gratia
2945 4478 3064 4513 con·

598 4560 817 4623 iungere
853 4574 1067 4624 pacem,
1106 4574 1245 4625 quae
1282 4564 1341 4607 ut
1365 4559 1543 4607 omnia
1568 4556 1751 4607 divina
1775 4572 1996 4607 munera
2023 4558 2076 4605 in
2101 4556 2342 4605 homines
2367 4554 2654 4619 derivatur,
2691 4572 2785 4621 per
2813 4553 3064 4604 Christum

596 4645 883 4695 Dominum
918 4646 1115 4696 Filium
1153 4648 1287 4695 eius.
