3267 5259
1139 488 1424 534 chronotaxis
1451 486 1728 543 Evangelia.
1824 533 1829 536 ,
2440 471 2676 529 XXXIII

206 672 408 730 Christi
448 673 732 748 scripsere
745 715 760 743 ,
803 670 1128 730 Herodiani
1161 671 1341 730 etiam
1375 671 1544 746 regni
1575 672 1853 748 epocham
1882 673 1996 730 sibi
2028 673 2346 731 necessario
2378 693 2673 750 exponen-

206 777 324 834 dam
369 777 694 847 duxerunt;
747 797 820 834 ne
869 777 1128 836 Herodes
1175 781 1442 835 mortuus
1485 775 1805 848 videretur,
1854 781 2169 856 antequam
2198 777 2465 836 Christus
2504 782 2677 836 natus

205 887 354 939 esset.
413 881 656 940 Constat
693 901 866 960 porro
895 883 964 940 B.
996 883 1186 958 primo
1229 881 1524 958 praeconii
1565 881 1787 940 Christi
1826 900 1981 940 anno
2009 879 2025 920 ¹
2066 883 2457 960 quadraginta
2486 889 2545 940 et
2573 901 2675 940 sex

205 1005 370 1044 annos
414 987 842 1063 praeterlapsos
863 1032 878 1059 ,
927 1007 1001 1044 ex
1032 1006 1147 1065 quo
1177 985 1609 1045 instauraretur
1655 987 1821 1044 aedes
1864 1005 2028 1046 sacra
2072 985 2615 1064 Hierosolymitana
2631 981 2675 1044 ².

205 1089 352 1150 Haec
385 1097 586 1150 autem
628 1090 860 1150 indicia·
880 1091 1192 1168 praecipue
1221 1092 1294 1150 ed
1322 1090 1723 1150 definiendum
1768 1110 1991 1150 annum
2020 1091 2280 1150 natalem
2307 1091 2383 1150 D.
2415 1092 2494 1150 N.
2523 1091 2579 1148 J.
2612 1090 2675 1149 Ο.

205 1193 388 1253 valent
403 1194 448 1254 ³.
503 1195 812 1258 Quantum
837 1198 912 1255 ad
944 1198 1198 1273 primam
1227 1201 1428 1255 notam
1459 1198 1694 1268 attinet,
1747 1198 2005 1256 maxime
2036 1203 2211 1275 atque
2240 1197 2584 1273 cumprimis
2613 1197 2679 1254 in

204 1299 346 1358 hunc
371 1299 550 1358 finem
582 1301 859 1361 interest:
907 1301 1161 1360 Herodis
1192 1306 1420 1378 tempus
1450 1301 1771 1360 emortuale
1802 1307 2070 1360 accurate
2102 1302 2401 1377 cognitum
2430 1303 2644 1360 habere
2660 1322 2697 1371 3.

203 1406 586 1481 quaerendum
639 1407 829 1482 igitur
878 1426 1178 1485 quonam
1230 1426 1444 1478 anno,
1501 1408 1582 1465 de
1633 1407 1793 1465 vita
1844 1408 2229 1466 decesserit
2280 1403 2679 1466 Herodes?‘¹

206 1507 480 1568 Herodem
511 1517 814 1570 mortuum
843 1531 963 1570 esse
992 1511 1161 1587 regni
1191 1530 1347 1570 anno
1377 1513 1671 1570 tricesimo
1701 1517 1759 1570 et
1790 1513 2037 1588 septimo
2058 1510 2113 1582 5;
2154 1517 2213 1570 et
2244 1513 2481 1592 quidem
2511 1511 2677 1570 brevi

209 1619 452 1690 tempore
481 1621 622 1674 ante
671 1618 886 1694 pascha
925 1621 1174 1676 testatur
1200 1617 1238 1674 J
1239 1618 1486 1693 osephus
1521 1616 1767 1676 Flavius
1791 1615 1845 1686 6;
1896 1618 1999 1695 qui
2045 1637 2180 1676 cum
2218 1618 2465 1676 haberet
2492 1616 2681 1675 vitam

203 1717 436 1777 Herodis
489 1724 884 1799 conscriptam
935 1723 1009 1780 ab
1064 1722 1189 1780 eius
1241 1721 1526 1780 familiari
1577 1721 1823 1780 Nioo1a0
1878 1721 2263 1794 Damascene,
2317 1727 2377 1779 et
2427 1723 2493 1778 in
2543 1721 2682 1780 aula

202 1823 486 1882 Heredum
548 1833 911 1897 versaretur,
993 1833 1296 1886 accuratus
1355 1828 1421 1884 in
1482 1826 1873 1908 Chronologia
1937 1829 2098 1886 vitae
2166 1828 2291 1885 eius
2351 1827 2505 1901 regis
2561 1845 2681 1884 esse

205 1930 382 2002 potuit
401 1925 444 1988 ⁷.
503 1930 630 1988 Hic
659 1935 857 1989 autem
887 1950 1076 1990 annus
1108 1931 1361 1990 Herodis
1391 1932 1512 1990 fuit
1539 1933 1614 1990 ab
1646 1931 1805 1990 Urbe
1844 1931 2079 1990 condita
2117 1936 2236 1990 750
2261 1931 2303 1988 ³⁴.

200 2151 308 2202 coll.
329 2151 462 2203 Luc.
493 2155 542 2216 1,
571 2157 657 2204 36.
685 2171 726 2204 a.
775 2155 899 2204 Non
921 2154 1140 2221 longum
1174 2157 1429 2222 temporis
1455 2155 1799 2206 intervallum
1834 2155 2053 2207 fluxisse
2076 2157 2215 2206 inter
2240 2154 2460 2206 Natales
2486 2153 2683 2206 Christi

201 2243 248 2288 et
267 2239 492 2291 Herodis
531 2245 776 2305 mortem,
815 2259 845 2292 e
870 2241 1059 2293 Matth.
1086 2245 1134 2306 2,
1165 2245 1246 2292 15.
1277 2245 1356 2293 19.
1383 2246 1466 2294 20.
1515 2243 1649 2293 Luc.
1676 2247 1725 2306 2,
1752 2246 1836 2293 21.
1862 2260 1905 2293 s.
1945 2243 2197 2308 colligere
2232 2248 2496 2310 promtum
2532 2247 2628 2293 est.

393 2328 431 2393 ¹)
478 2328 733 2380 Joannis.
769 2332 819 2392 2,
857 2332 940 2380 20.
1015 2329 1056 2394 ²)
1103 2329 1184 2379 Cf.
1220 2329 1289 2379 Η.
1325 2329 1386 2380 V.
1427 2330 1488 2380 T.
1527 2347 1579 2396 p.
1614 2333 1735 2380 500.
1772 2330 1837 2380 N.
1871 2331 1933 2380 T.
1970 2347 2021 2396 p.
2056 2331 2139 2380 43.
2214 2331 2257 2395 ³)
2295 2331 2529 2396 Tempus
2573 2336 2682 2381 tam

199 2419 432 2465 accurate
479 2414 736 2466 definitur
779 2415 974 2466 Joann.
1013 2419 1062 2479 2,
1100 2417 1202 2479 20.,
1249 2422 1310 2467 ut
1351 2415 1602 2467 dubitare
1639 2433 1747 2467 non
1784 2417 1966 2480 liceat,
2015 2433 2121 2483 quo
2168 2432 2310 2467 anno
2357 2417 2491 2467 haec
2540 2419 2684 2482 dicta

199 2500 308 2550 sint.
366 2503 408 2566 ⁴)
449 2503 722 2553 Diversae
761 2502 1086 2554 eruditorum
1121 2503 1224 2554 hac
1261 2502 1328 2554 de
1359 2519 1418 2554 re
1453 2505 1753 2554 sententiae
1790 2505 2135 2554 inveniuntur
2170 2505 2316 2570 apud
2342 2519 2433 2554 eos
2460 2504 2681 2570 scripto·

200 2603 274 2636 res
319 2605 360 2639 s.
397 2588 449 2652 l.,
498 2591 598 2656 qui
644 2589 772 2640 data
816 2605 983 2656 opera
1027 2590 1094 2640 de
1140 2589 1336 2640 Christi
1381 2591 1561 2641 Natali
1608 2592 1967 2656 scripserunt3
2014 2606 2137 2640 nam
2186 2607 2284 2641 nos
2334 2591 2545 2657 quidem
2594 2591 2682 2640 hic

199 2687 305 2746 eam
334 2678 549 2726 nonnisi
579 2678 914 2742 sententiam,
951 2693 1090 2743 quae
1125 2693 1254 2728 vero
1292 2678 1532 2743 proxime
1568 2677 1827 2728 accedere
1863 2678 2019 2728 nobis
2044 2679 2161 2727 visa
2197 2684 2293 2739 est,
2331 2677 2681 2728 defendimus.

199 2759 236 2822 ⁵)
268 2761 468 2823 Quodsi
493 2763 708 2814 initium
741 2764 1000 2814 ducamus
1025 2779 1060 2814 a
1084 2764 1186 2826 die,
1226 2781 1332 2831 quo
1357 2765 1561 2815 Romae
1585 2780 1621 2814 a
1646 2763 1851 2814 Senatu
1878 2764 2103 2815 Calvino
2141 2781 2203 2815 ac
2229 2765 2412 2816 Asinio
2438 2765 2681 2816 Pollione

199 2848 332 2898 Coss.
371 2865 466 2900 rex
500 2850 755 2900 Judaeae
791 2851 1056 2902 salutatus
1093 2857 1190 2902 est.
1241 2851 1374 2901 Coll.
1400 2851 1516 2900 Jon.
1541 2851 1736 2914 Flavii,
1771 2851 1951 2917 Antiq.
1983 2852 2125 2902 XIV.
2154 2853 2236 2916 14,
2262 2854 2310 2902 5.
2347 2852 2391 2914 1,
2419 2854 2537 2902 727.
2564 2854 2679 2903 728.

197 2935 308 2985 item
331 2935 765 3003 Antiq.xv11.8,
783 2941 830 2988 1.
849 2955 902 3004 p.
921 2939 1042 2989 848.
1067 2938 1134 2988 de
1159 2937 1322 2988 bello.
1341 2939 1384 2989 1.
1404 2941 1490 3001 33,
1509 2939 1561 2987 8.
1589 2940 1706 2988 141.
1730 2940 1846 2988 142.
1893 2938 2069 2989 Dione
2095 2938 2299 3001 Cassio,
2322 2938 2524 2990 Hister.
2550 2954 2681 2990 rom.

196 3021 228 3070 l.
253 3023 440 3086 XLIX,
467 3027 558 3074 22.
599 3024 680 3075 ed.
707 3025 867 3075 Pabr.
905 3043 958 3092 p.
983 3027 1103 3076 586.
1154 3025 1406 3076 Ceterum
1441 3027 1568 3076 anni
1602 3025 1640 3075 J
1645 3025 1831 3091 osephi
1855 3041 1963 3076 non
1994 3031 2120 3076 sunt
2149 3026 2311 3093 pleni,
2350 3027 2479 3092 quia
2500 3041 2681 3078 mense

197 3109 406 3160 Octobri
439 3111 693 3162 Herodes
730 3127 928 3163 annum
962 3114 1114 3179 regni
1149 3113 1396 3164 xxxvl.
1435 3112 1701 3178 explebat.
1752 3111 1832 3163 Cf.
1858 3112 1928 3162 H.
1954 3113 2017 3162 V.
2044 3114 2105 3163 T.
2143 3131 2195 3180 p.
2230 3115 2351 3164 581.
2424 3113 2465 3178 ⁸)
2501 3113 2680 3180 Antiq-

195 3196 354 3247 xvll.
389 3201 440 3261 6,
476 3202 528 3250 4“.
569 3215 620 3264 p.
648 3199 768 3249 844.
801 3201 919 3251 845.
995 3199 1037 3265 ⁷)
1075 3199 1140 3249 Id
1174 3215 1331 3250 nemo
1365 3200 1424 3249 in
1460 3199 1682 3250 dubium
1716 3203 1891 3260 vocat,
1930 3199 2034 3249 nisi
2069 3200 2163 3266 qui
2196 3199 2437 3266 Josepho
2474 3215 2682 3250 omnem

195 3281 416 3351 denegat
449 3285 634 3336 fidem.
693 3287 758 3336 E.
797 3303 842 3336 c.
879 3286 1210 3349 Harduinus,
1251 3287 1316 3336 de
1352 3286 1580 3337 nummis
1616 3285 1997 3336 Herodiadum.
2036 3287 2159 3337 Par.
2197 3289 2347 3338 1693.
2383 3303 2435 3353 p.
2468 3289 2553 3337 23.
2579 3289 2680 3354 32„

195 3386 344 3435 quem
377 3372 517 3423 illud
555 3372 732 3422 solum
754 3377 866 3423 tam
889 3375 1083 3424 acriter
1105 3373 1228 3436 urit,
1267 3373 1412 3439 quod
1435 3377 1612 3424 stante
1638 3373 1741 3423 fide
1765 3373 2005 3439 Josephi‚
2045 3379 2189 3424 stare
2226 3390 2334 3424 non
2360 3374 2533 3440 possit
2568 3374 2681 3424 eius

196 3455 572 3526 Chronologia.
633 3459 676 3525 ⁸)
711 3459 960 3510 Eundem
995 3460 1236 3510 indicant
1271 3476 1316 3509 α.
1355 3461 1560 3510 numeri
1597 3475 1858 3510 annorum
1894 3461 2043 3527 regni
2080 3460 2329 3510 Archelai
2365 3460 2681 3510 tetrarchae.

195 3542 494 3598 Secundum
517 3547 753 3597 Dionem
779 3545 1023 3598 Cassium
1054 3548 1194 3600 Hist.
1220 3563 1370 3610 rom„
1407 3547 1522 3608 LV,
1547 3549 1631 3597 27.
1670 3547 1755 3597 ed.
1778 3547 2029 3598 Fabricii.
2066 3547 2263 3598 Hamb.
2290 3549 2440 3598 1752.
2465 3563 2517 3613 p.
2544 3548 2681 3611 801.,

193 3632 482 3684 Archelaus
529 3635 590 3684 in
635 3634 848 3684 exilium
895 3640 1042 3685 trans
1088 3633 1254 3700 Alpes
1301 3635 1570 3700 relegatus
1619 3639 1727 3684 est:
1777 3629 2041 3702 »Αἰμιλίου
2090 3631 2295 3685 Λεπίδου
2343 3631 2427 3684 καὶ
2472 3631 2682 3685 Λαυκίου

195 3714 492 3786 'Appennino
540 3716 790 3770 ὑπάτων.“
851 3721 1021 3787 Igitur
1065 3721 1358 3772 secundum
1401 3721 1572 3772 fastos
1621 3719 1933 3772 consulares
1982 3735 2123 3772 anno
2170 3723 2219 3772 6.
2262 3738 2315 3788 p.
2354 3721 2413 3772 Ο.
2451 3738 2519 3786 n.‚
2570 3722 2682 3774 sive

197 3807 304 3857 759.
349 3807 419 3859 U.
446 3807 508 3858 G.
535 3808 708 3858 Juxta
729 3807 1043 3874 Jonephum,
1067 3807 1248 3875 Antiq.
1271 3808 1324 3859 J.
1350 3808 1520 3859 xvll.
1549 3811 1630 3871 13,
1658 3811 1707 3859 2.
1743 3825 1796 3874 p.
1826 3809 1944 3858 865.
1982 3823 2047 3858 eo
2084 3808 2353 3874 profectus
2390 3814 2499 3861 est:
2539 3824 2681 3860 anno

197 3891 390 3945 decimo
437 3895 794 3962 principatus.
854 3895 1012 3946 Unde
1048 3897 1312 3962 sequitur,
1359 3897 1404 3946 si
1451 3911 1623 3946 annus
1670 3895 1908 3946 decimus
1953 3897 2103 3962 regui
2138 3895 2297 3947 fuerit
2331 3912 2505 3948 annus
2542 3899 2591 3947 6.
2626 3913 2681 3962 p.

197 3977 252 4030 C.
273 3997 342 4045 u.,
378 3997 586 4033 annum
621 3983 849 4048 primum
884 3983 1000 4033 sive
1034 3984 1220 4034 mortis
1254 3984 1423 4049 patris
1459 3983 1626 4035 fuisse
1664 3985 1713 4034 4.
1739 3997 1788 4033 a.
1816 3983 1905 4048 C.;
1942 3999 2067 4033 nam
2103 3985 2135 4034 4
2162 3982 2233 4052 -Ι-
2254 3987 2287 4034 6
2312 4004 2377 4028 =
2408 3986 2489 4033 10.
2541 3982 2679 4033 Con—

198 4065 424 4120 firmatur
459 4069 720 4120 indicium
756 4069 948 4120 Dionis
985 4085 1020 4120 a
1052 4069 1320 4137 Josepho,
1361 4069 1577 4137 Antiqu.
1616 4070 1815 4121 xvm.
1852 4073 1901 4132 2,
1943 4073 1989 4121 1.
2048 4067 2094 4135 β.
2140 4071 2388 4121 Numeris
2424 4085 2681 4120 annorum

197 4157 271 4205 37.
306 4159 458 4224 regni
495 4156 734 4222 Philippi
770 4156 1071 4208 tetrarchae
1093 4160 1130 4222 †
1156 4157 1272 4208 787.
1321 4157 1386 4208 U.
1423 4156 1484 4208 Ο.
1521 4158 1703 4223 Antiq.
1742 4157 1775 4207 l.
1810 4173 1857 4207 c.
1892 4159 1941 4220 4,
1981 4159 2027 4206 6.
2064 4173 2117 4224 p.
2154 4159 2275 4208 882.
2332 4174 2379 4225 γ.
2418 4157 2681 4207 Numerus

199 4239 276 4290 Ml*
309 4244 364 4293 in
407 4259 629 4294 nummo
667 4243 900 4294 Herodis
949 4243 1180 4311 Antipae
1213 4257 1250 4294 a
1285 4243 1346 4294 C.
1379 4245 1616 4307 Neruio,
1656 4245 1759 4310 Op.
1793 4245 1864 4306 ΙΙ,
1898 4245 2019 4294 647.
2052 4258 2095 4292 s.
2132 4242 2459 4308 descriptus,
2506 4244 2683 4309 sig-nat

197 4343 384 4381 annum
419 4332 580 4398 regni
613 4333 697 4381 43.
748 4330 974 4382 Constat
1007 4346 1137 4380 vero
1171 4329 1444 4382 Herodem
1478 4331 1729 4398 Antipam
1768 4331 1833 4381 U.
1861 4329 1923 4380 C.
1950 4331 2067 4380 792.
2104 4344 2281 4391 aune„
2319 4331 2401 4380 39.
2439 4345 2491 4396 p.
2525 4331 2581 4381 C.
2608 4347 2679 4394 11.,

199 4418 478 4468 tetrarchia
514 4417 804 4486 spoliatum
839 4417 1164 4484 Lugdunum
1199 4419 1254 4468 in
1291 4417 1508 4468 exilium
1543 4419 1782 4470 missum.
1819 4416 1953 4467 Con.
1987 4416 2165 4485 Antiq.
2200 4417 2397 4467 XVIII.
2428 4420 2482 4480 ,6,
2512 4420 2592 4468 11.
2632 4419 2679 4481 7,

200 4504 242 4554 2.
276 4507 322 4556 8.
362 4507 412 4556 7.
451 4522 507 4572 p.
543 4507 666 4556 897.
703 4507 825 4556 898.
859 4507 978 4556 903.
1037 4505 1210 4572 Igitur
1253 4505 1342 4556 hic
1388 4521 1633 4569 nummus
1678 4519 1840 4555 cusas
1890 4509 1971 4555 est
2015 4503 2202 4554 ultimo
2250 4505 2481 4556 Herodis
2530 4505 2679 4571 regni

197 4605 360 4658 ιιιιιος
415 4607 543 4643 nam
593 4594 794 4659 primus
841 4593 944 4644 fuit
990 4607 1040 4644 a.
1077 4592 1140 4643 C.
1175 4609 1226 4644 n.
1258 4595 1309 4644 4.
1353 4593 1395 4645 Ι.
1435 4609 1484 4644 e.
1513 4595 1548 4644 4
1571 4592 1643 4662 -Ι-
1666 4595 1733 4644 39
1762 4611 1825 4637 =
1856 4593 1941 4642 43.
2002 4591 2401 4643 validissimum
2450 4593 2681 4656 denique

199 4685 562 4746 argumentum
612 4695 718 4746 quo
764 4679 1059 4730 IIerodiani
1105 4682 1288 4730 mortis
1334 4695 1506 4731 annus
1552 4679 1791 4732 firmatur
1838 4681 2063 4730 sumitur
2106 4681 2258 4730 iuxta
2297 4679 2357 4730 C.
2392 4678 2677 4740 Nox-isium,

295 4772 502 4822 Danlto.
533 4773 648 4816 nist.
675 4773 969 4814 Bevelatiouis
989 4771 1182 4814 divinae.
1211 4773 1269 4814 11.
2341 4785 2369 4814 c
