3267 5259
616 438 750 508 420
1360 450 1476 497 ΒΜ..
1506 450 1612 498 Rev.
1641 452 1732 497 div.
1761 450 1930 497 Period.
1957 450 2016 498 11.
2035 466 2130 507 up.
2161 454 2358 508 primum.

617 628 943 715 planeque
976 627 1265 695 divinum
1298 628 1676 716 exemplum
1699 628 1966 713 Christi3
2001 630 2112 715 qui
2143 627 2230 694 ad
2251 629 2378 695 hoc
2409 631 2476 693 in
2505 628 2752 693 mundo
2785 628 3070 715 apparuit,

618 759 690 814 u't
742 752 881 815 eius
923 744 1247 814 beneficio
1294 742 1560 809 salutari
1614 744 1826 825 gratia
1867 744 2134 807 iuvante
2189 742 2435 828 optima
2491 763 2794 828 quaeque
2841 740 3072 826 aggredi

619 870 687 927 et
744 861 1064 948 perficere
1115 857 1479 944 possimus3
1536 864 2002 941 exspectantes
2054 852 2319 919 beatam
2373 853 2548 919 illam
2611 856 2852 938 vitam,
2915 875 3071 940 quam

617 996 991 1061 speramus3
1038 981 1107 1037 et
1152 969 1507 1035 adventum
1554 966 1868 1033 illustrem
1930 968 2150 1052 magni
2197 966 2328 1032 Dei
2373 975 2442 1031 et
2485 964 2847 1031 Salvatoris
2891 966 3074 1031 Nostri

617 1087 703 1152 D.
746 1087 824 1151 N.
870 1086 933 1152 J.
982 1082 1080 1167 C.,
1128 1084 1238 1169 qui
1286 1080 1467 1146 dedit
1509 1089 1719 1145 semet
1762 1082 1977 1166 ipsum
2030 1101 2151 1166 pro
2210 1078 2440 1163 nobis;
2491 1088 2568 1143 ut
2609 1102 2730 1145 nos
2791 1078 2876 1143 ab
2933 1079 3072 1143 omni

616 1200 955 1285 iniquitate
998 1196 1384 1277 vindicaret,
1432 1192 1685 1279 sibique
1729 1191 2131 1257 adscisceret
2172 1191 2490 1279 populum
2542 1192 2867 1257 bonarum
2911 1192 3073 1255 actio-

614 1334 773 1376 num
820 1332 1017 1396 quam
1057 1309 1343 1374 maxime
1390 1306 1752 1373 studiosum
1775 1308 1814 1370 ¹.
1867 1304 2074 1371 Jubet
2103 1302 2524 1387 Christianos,
2557 1313 2631 1369 ut
2660 1304 3076 1391 obsequantur

616 1423 1019 1508 magistratui
1067 1422 1263 1485 etiam
1310 1419 1605 1504 ethnico;
1651 1418 1797 1484 lites
1837 1419 2064 1501 vitent,
2108 1440 2325 1504 neque
2359 1416 2818 1503 blasphement
2863 1416 3074 1480 alienos

618 1558 659 1599 a
686 1534 815 1599 fide
835 1536 880 1598 ².
925 1534 1167 1599 Inanes
1214 1534 1630 1619 quaestiones
1661 1541 1729 1596 et
1763 1531 2216 1597 contentiones
2263 1540 2604 1595 coerceret
2639 1528 2848 1611 Titus,
2879 1528 3075 1593 haere-

615 1648 780 1712 ticos
810 1646 1133 1711 devitaret
1150 1648 1194 1709 ³.
1256 1644 1543 1709 Demum
1572 1666 1756 1709 more
1799 1666 1915 1709 suo
1949 1666 2000 1709 s.
2022 1642 2267 1709 Paulus
2303 1641 2646 1730 epistolam
2690 1642 2992 1707 terminat
3025 1642 3075 1703 in

618 1758 1005 1825 salutatione
1052 1768 1121 1823 et
1163 1760 1631 1844 apprecatione
1677 1758 1926 1843 gratiae
1971 1756 2100 1821 Dei
2121 1759 2168 1825 ⁴.

737 2056 796 2137 ἓ.
845 2056 948 2123 83.
1010 2051 1351 2119 Vincula
1396 2052 1458 2117 d.
1488 2050 1720 2116 Pauli
1763 2049 2340 2137 Hierosolymis
2389 2057 2462 2114 et
2507 2048 2972 2115 Caesareae.

821 2248 1259 2327 Hierosolymas
1303 2248 1652 2324 perveniens
1681 2244 1996 2324 Apostolus
2026 2266 2147 2305 une.
2185 2265 2321 2303 cum
2349 2246 2629 2305 Mnasone
2649 2244 2675 2283 ⁵
2717 2244 3074 2305 libentissime

614 2358 702 2413 est
731 2373 767 2411 a
795 2354 1083 2413 fratribus
1112 2358 1415 2429 exceptus,
1458 2356 1519 2410 et
1546 2370 1682 2411 cum
1725 2350 1914 2411 altera
1941 2351 2038 2409 die
2081 2352 2322 2411 adiisset
2363 2372 2410 2409 s.
2439 2350 2726 2409 «Iacobum
2746 2347 2788 2421 ὅ,
2835 2350 3076 2409 narravit

614 2636 674 2681 ut
718 2630 950 2681 debitam
994 2629 1135 2679 heris
1182 2627 1543 2679 obedientiam
1588 2633 1864 2693 praestare
1909 2632 2238 2679 recusarent.
2297 2627 2438 2677 Hine
2475 2626 2656 2677 officia
2698 2627 2856 2679 huius
2891 2627 3073 2693 meris

613 2717 916 2767 hominibus
952 2715 1331 2777 incumbentia,
1370 2713 1601 2765 dilucide
1634 2713 1880 2781 Apostoli
1915 2720 2322 2781 proposuerunt.
2373 2714 2454 2765 cf.
2489 2714 2533 2764 1.
2557 2714 2694 2765 Tim.
2727 2717 2779 2778 6,
2807 2718 2854 2765 1.
2901 2713 3073 2780 Ephes.

612 2806 661 2867 6,
688 2806 735 2853 5.
763 2817 804 2853 s.
854 2802 1060 2853 Coloss.
1086 2805 1135 2863 3,
1162 2804 1246 2852 22.
1273 2818 1314 2853 s.
1364 2801 1409 2852 Ι.
1434 2802 1576 2853 Petr.
1602 2804 1652 2865 2,
1681 2802 1764 2852 18.

824 2888 861 2956 ¹)
908 2889 1023 2939 Fae
1068 2889 1233 2955 igitur
1278 2886 1453 2951 addit,
1506 2888 1657 2939 Tite!
1706 2893 1768 2938 ut
1817 2888 1952 2939 haec
1999 2887 2197 2939 doceas
2246 2902 2418 2954 eaque
2467 2888 2712 2938 omnibus
2761 2886 3075 2954 persuadeas.

614 2976 847 3041 Reliqua
868 2990 1072 3026 morum
1098 2980 1389 3041 praecepta
1413 2990 1461 3025 c.
1486 2976 1535 3025 3.
1572 2976 1927 3041 persequitur.
1987 2972 2030 3039 2)
2055 2974 2186 3027 Ideo
2213 2975 2358 3041 quod
2381 2980 2436 3025 et
2457 2976 2560 3040 ipsi
2584 2974 2788 3025 fuerint
2813 2972 3075 3040 aliquando

611 3061 873 3113 increduli
910 3066 965 3112 et
1000 3066 1265 3125 errantes3
1312 3076 1414 3112 nec
1450 3076 1517 3111 ex
1552 3062 1806 3126 operibus
1849 3062 2111 3125 iustitiae,
2159 3077 2302 3128 quae
2345 3062 2567 3112 fecimus
2611 3076 2713 3111 nos
2759 3062 2928 3127 magis
2963 3060 3076 3110 sslvi

614 3149 741 3199 facti
791 3164 975 3200 sumus
1024 3148 1155 3198 dicit
1199 3162 1359 3213 quam
1402 3147 1511 3198 illi:
1558 3147 1656 3199 sed
1702 3149 1876 3213 gratia
1919 3149 2180 3199 immensa
2220 3148 2488 3214 planeque
2523 3148 2712 3198 divina
2747 3146 2958 3210 Christi,
2989 3160 3078 3211 qus

613 3252 711 3302 per
734 3236 1065 3302 Baptismum
1090 3234 1344 3287 lustratos
1367 3236 1485 3285 Deo
1512 3234 1903 3301 quodammodo
1941 3235 2171 3301 popei-1¹23
2209 3240 2266 3285 et
2287 3234 2508 3285 coelesti
2547 3234 2598 3285 d.
2625 3233 2857 3301 Spiritus
2891 3235 3074 3285 numine

615 3322 949 3385 instauravit,
984 3328 1046 3372 ut
1078 3322 1232 3373 bonis
1259 3322 1563 3373 actionibus
1588 3336 1751 3388 quam
1777 3322 2178 3387 diligentissime
2205 3336 2422 3387 operam
2449 3322 2650 3373 demus.
2703 3322 2754 3387 ³)
2781 3323 3074 3387 Dogmstnm

614 3422 954 3475 perversores
990 3412 1113 3473 post
1148 3409 1373 3473 primam
1410 3412 1465 3458 et
1498 3408 1790 3459 secundam
1837 3409 2225 3473 correptionem
2262 3423 2296 3457 a
2331 3408 2720 3459 consuetudine
2756 3423 2860 3459 sua
2891 3409 3077 3473 penitus

614 3500 885 3558 amoveat,
932 3498 1078 3544 certo
1124 3508 1413 3560 persuasus
1463 3510 1607 3557 eum,
1661 3496 1750 3561 qui
1795 3493 1899 3545 hoc
1941 3495 2072 3545 vitio
2117 3496 2330 3546 laboret
2367 3511 2478 3547 non
2525 3496 2690 3545 animi
2739 3495 3077 3547 imbecillitate

612 3595 855 3647 peccare,
892 3579 988 3631 sed
1026 3596 1270 3631 eversum
1306 3586 1497 3647 suopte
1532 3581 1730 3631 iudicio
1767 3580 2176 3633 condemnatum
2211 3596 2350 3633 esse.
2415 3582 2456 3645 ⁴)
2495 3582 2672 3633 Vocat
2705 3581 2780 3631 ad
2815 3597 2875 3633 se
2909 3582 3077 3640 Titum,

612 3684 733 3719 cum
778 3668 926 3720 Zena
963 3673 1017 3718 et
1049 3668 1271 3734 Apollo,
1308 3668 1403 3719 sed
1438 3684 1549 3719 non
1586 3672 1874 3734 antequam
1917 3667 2183 3719 Artemam
2229 3674 2324 3719 aut
2357 3668 2652 3734 Tychieum
2689 3668 2762 3718 ad
2798 3684 2916 3719 eum
2949 3681 3078 3733 prae-

610 3756 809 3819 mittat3
864 3770 935 3805 ne
984 3754 1269 3805 Cretenses
1322 3756 1437 3805 sine
1486 3770 1619 3805 cura
1665 3754 1930 3822 spirituali
1983 3755 2366 3821 relinquantur.
2439 3754 2596 3816 Quod
2651 3760 2888 3806 ceterum
2937 3753 3080 3804 multo

610 3842 825 3893 brevius
862 3840 931 3891 ad
967 3842 1145 3892 Titum
1185 3856 1347 3906 quam
1382 3842 1451 3892 ad
1488 3842 1822 3893 Timotheum
1861 3842 2136 3908 scripserit
2169 3842 2484 3908 Apostolus,
2525 3842 2584 3893 in
2621 3857 2687 3893 eo
2725 3842 2908 3893 virtuti
2939 3846 3080 3906 atque

610 3927 927 3995 prudentiae
971 3928 1141 3994 ipsius
1190 3930 1549 3979 testimonium
1590 3929 1856 3995 praebuit.
1913 3928 2110 3979 Judice
2146 3928 2198 3979 d.
2232 3928 2613 3993 chrysostomo
2629 3965 2643 3990 ,
2681 3930 2740 3979 in
2777 3945 2862 3995 ep.
2897 3928 2962 3979 ad
2993 3928 3080 3976 Tit.

610 4032 657 4067 c.
694 4018 739 4066 1.
778 4016 918 4066 hom.
958 4017 1003 4065 1.
1041 4032 1093 4079 p.
1130 4016 1245 4065 730.
1312 4015 1571 4077 „Brevem
1614 4031 1775 4081 porro
1821 4015 2022 4067 scribet
2065 4015 2346 4081 epistolam
2395 4021 2452 4066 et
2493 4016 2700 4066 merito.
2762 4016 2885 4066 Hoc
2925 4020 3082 4065 autem

610 4104 819 4153 virtutis
854 4102 961 4151 Titi
1000 4105 1117 4151 erat
1151 4101 1425 4164 indicium,
1464 4100 1605 4167 quod
1643 4102 1824 4152 verbis
1859 4117 1968 4152 non
2013 4106 2196 4167 egeret
2237 4100 2419 4153 multis
2441 4101 2542 4152 sed
2579 4116 2682 4153 ceu
2717 4101 2904 4169 aliqua
2933 4101 3082 4151 moni-

608 4189 804 4239 tione.“
868 4189 923 4239 S.
958 4188 1067 4237 Titi
1096 4188 1275 4238 -vitam
1320 4204 1385 4238 ex
1420 4188 1663 4239 Menaeis
1697 4188 1734 4239 l.
1771 4188 1914 4255 apud
1950 4187 2292 4251 Bollandnm,
2328 4188 2398 4238 ad
2439 4188 2492 4239 d.
2527 4188 2618 4238 lv.
2656 4189 2786 4240 an.
2819 4190 2872 4253 Ι,
2906 4190 3016 4238 163.
3046 4202 3082 4235 s.

614 4273 695 4325 Cf.
722 4291 769 4324 e.
798 4274 861 4325 G.
886 4275 952 4324 E.
980 4274 1213 4338 Schmid,
1238 4274 1306 4325 de
1330 4275 1451 4325 Tito
1476 4291 1528 4340 p.
1556 4277 1639 4326 10.
1665 4292 1706 4325 s.
1753 4274 1816 4325 Gr.
1837 4274 2047 4337 Walch,
2075 4275 2140 4325 de
2165 4276 2287 4325 Tito
2311 4276 2425 4325 viro
2450 4275 2769 4340 apostolico,
2807 4277 2862 4325 in
2878 4271 3081 4325 Miscell.

610 4375 653 4411 s.
678 4360 845 4412 Amst.
875 4363 1025 4411 1744.
1062 4378 1115 4427 p.
1143 4364 1259 4413 708.
1286 4377 1329 4412 s.
1390 4362 1433 4425 ⁵)
1472 4360 1598 4411 Sive
1622 4362 1880 4413 Mnesone
1911 4362 2028 4412 Act.
2055 4363 2140 4424 21,
2169 4364 2250 4413 16.
2298 4357 2532 4421 Μνάσων,
2565 4364 2600 4411 i.
2627 4378 2680 4427 q.
2705 4364 2762 4413 in
2797 4362 3082 4414 memoriam

612 4452 958 4498 revocaturus
974 4484 987 4509 ,
1036 4447 1215 4498 dorice
1262 4464 1361 4513 pro
1408 4444 1640 4512 Μνήσων.
1702 4448 1888 4500 Patria
1923 4448 2176 4514 Cyprius,
2225 4448 2370 4514 apud
2413 4464 2574 4513 quem
2613 4449 2818 4501 Paulus
2863 4449 3082 4511 sociique

613 4532 842 4597 hospitio
880 4539 1033 4585 erant
1068 4534 1385 4599 excipiendi.
1448 4534 1490 4599 ὅ)
1528 4535 1692 4585 Urbis
1730 4536 2056 4601 episcopum,
2095 4536 2188 4601 qui
2211 4550 2352 4587 unus
2389 4540 2519 4586 tunc
2553 4534 2717 4586 facile
2741 4552 2810 4587 ex
2837 4533 3082 4587 universis

613 4619 995 4685 Hierosolymis
1032 4622 1374 4686 versabatur;
1418 4622 1615 4687 cuique
1653 4622 1949 4687 presbyteri
1983 4622 2225 4673 aderant.
