3267 5259
1027 450 1250 501 nni-tolno
1275 452 1321 492 S.
1344 450 1468 491 Pauli
1495 451 1575 501 Ap.
1605 450 1660 491 sd
1689 450 1953 493 corinthios.
2609 440 2737 505 393

239 646 378 711 que
423 623 816 710 supplicium
877 634 1180 689 extrema
1237 623 1460 690 iudicii
1510 624 1615 689 die
1675 626 1923 690 evitare
1968 635 2329 690 mereretur
2356 628 2397 689 ¹.
2444 624 2739 712 Optabat

239 739 446 803 etiam
491 737 554 801 d.
585 736 850 820 Paulus,
895 746 968 801 ut
1013 736 1244 803 fideles
1287 736 1492 823 litigia
1537 739 1758 803 omnia
1800 739 2085 803 vitarent
2100 740 2144 821 2,
2190 739 2297 804 vel
2340 738 2574 803 saltem
2626 739 2737 804 illa

243 871 476 915 coram
506 848 724 915 iudice
753 848 998 915 infideli
1027 870 1165 914 non
1195 850 1546 935 agitarent3
1581 848 1701 915 sed
1729 852 1945 936 potius
1976 849 2161 916 iubet
2180 849 2325 915 lites
2350 873 2501 915 suas
2524 852 2735 916 amice

237 965 310 1027 in
355 960 646 1027 fidelium
691 962 1028 1027 arbitrium
1071 964 1507 1045 remitterent,
1577 962 1816 1049 quibus
1860 986 1901 1027 a
1944 963 2091 1029 Deo
2138 961 2245 1028 vel
2289 962 2599 1029 iudicium
2648 963 2731 1029 de

241 1074 524 1158 mund0,
599 1097 678 1139 ac
746 1074 830 1139 de
896 1076 1053 1161 ipsis
1124 1096 1384 1162 quoque
1453 1075 1701 1161 angelis
1747 1085 2151 1141 reservatum
2198 1085 2297 1141 est
2315 1080 2359 1141 ³.
2434 1076 2733 1142 Revocat

241 1187 618 1253 Corinthios
661 1210 704 1253 a
745 1189 940 1253 variis
985 1186 1340 1253 sceleribus
1385 1190 1723 1274 proposita
1764 1210 1883 1275 spe
1927 1190 2100 1254 vitae
2135 1189 2389 1273 beatae,
2426 1188 2510 1254 ad
2535 1211 2731 1276 quam

239 1299 408 1365 nulli
429 1300 629 1386 impio
658 1298 872 1365 aditus
894 1309 1078 1386 patet
1095 1303 1240 1366 4.-
1263 1300 1476 1365 Missis
1504 1300 1589 1365 ad
1603 1299 1995 1387 Apostolum
2023 1301 2223 1367 literis
2246 1301 2737 1389 postulaverant

243 1410 587 1495 Corinthii,
635 1411 787 1496 quid
831 1413 899 1477 in
941 1434 1066 1477 usu
1111 1413 1396 1499 coniugii
1441 1414 1837 1479 servandum
1886 1425 2075 1480 esset.
2152 1414 2300 1480 Hac
2347 1414 2501 1480 data
2546 1437 2734 1480 occa-

241 1526 434 1591 sione
481 1524 542 1589 d.
584 1524 828 1591 Paulus
881 1524 1076 1592 solvit
1120 1528 1536 1612 quaestiones
1583 1526 1697 1609 ,de
1744 1528 2239 1593 matrimonio
2289 1538 2366 1593 et
2412 1528 2735 1611 virgini-

238 1640 436 1703 tate‘
466 1640 576 1720 ita,
620 1647 696 1704 ut
721 1640 1300 1704 matrimonium
1332 1641 1632 1725 exposito
1666 1648 1931 1705 mutuae
1964 1638 2460 1705 cohabitationis
2492 1639 2733 1723 officie,

237 1774 386 1816 non
429 1750 624 1815 modo
671 1752 1032 1837 permittat3
1093 1752 1212 1817 sed
1285 1754 1481 1817 etiam
1525 1753 1602 1815 iis
1648 1753 1761 1838 qui
1824 1753 2263 1818 continentiae
2313 1752 2557 1819 donum
2602 1776 2735 1817 non

239 1863 523 1945 habent,
583 1862 876 1929 suadeat.
953 1862 1262 1929 Ceterum
1305 1862 1432 1929 hoc
1479 1886 1550 1929 se
1597 1864 1995 1948 concedere,
2041 1888 2174 1931 non
2219 1865 2467 1931 iubere.
2544 1865 2732 1929 Velle

240 1978 426 2041 enim
456 1978 670 2063 potius
701 1986 768 2041 et
799 1998 1042 2063 cupere
1075 2000 1146 2041 se
1177 1978 1286 2060 ait,
1320 1999 1465 2043 esse
1499 2000 1727 2043 omnes
1758 1977 1998 2043 similes
2028 1979 2155 2062 sui3
2188 1980 2227 2042 i.
2260 2001 2317 2043 e.
2352 1976 2731 2043 coelibes.

237 2090 467 2155 Docet
497 2091 801 2176 coniugia
830 2092 1027 2155 etiam
1058 2089 1345 2156 fidelium
1375 2114 1523 2157 cum
1547 2089 1938 2175 infidelibus,
1971 2094 2025 2156 si
2053 2094 2283 2176 ,citra
2320 2090 2733 2157 Creatoris

239 2202 832 2267 contumeliam‘
879 2204 1234 2269 consistere
1281 2214 1528 2290 queant
1573 2226 1716 2269 esse
1762 2204 2103 2270 indivulsa.
2152 2206 2349 2269 Vetat
2377 2228 2462 2269 ne
2492 2204 2733 2270 Judaei

239 2313 593 2380 credentes
638 2317 705 2380 in
752 2314 1078 2382 Christum
1123 2340 1378 2382 rursum
1425 2316 1756 2382 attrahant
1796 2320 2211 2406 praeputium
2232 2322 2285 2402 ⁵,
2361 2341 2529 2385 neve
2576 2340 2732 2403 gen-

233 2427 393 2493 tiles
451 2428 538 2493 ad
597 2427 925 2495 Christum
985 2431 1286 2495 conversi
1347 2432 1907 2497 circumcisionem
1970 2431 2317 2497 admittant
2334 2436 2377 2495 ⁶.
2462 2432 2731 2496 Interim

237 2540 549 2607 omnibus
594 2540 794 2605 rebus
837 2541 1176 2607 moderate
1224 2564 1367 2607 esse
1414 2542 1750 2607 utendum.
1800 2542 2238 2610 Commendat
2268 2543 2505 2609 deinde
2538 2545 2729 2629 virgi-

233 2656 515 2719 nitatem
583 2678 665 2719 ac
731 2656 1142 2721 matrimonio
1211 2654 1406 2742 longe
1453 2655 1773 2743 praefert3
1848 2656 2113 2722 viduam
2184 2680 2447 2744 quoque
2517 2658 2569 2720 si
2638 2656 2732 2720 sic

233 2777 529 2849 maneat,
575 2767 716 2833 fore
763 2767 1122 2834 beatiorem
1169 2768 1472 2852 affirmat,
1519 2791 1717 2855 quam
1762 2770 1816 2834 si
1860 2792 2082 2835 rursus
2128 2770 2213 2835 ad
2254 2779 2411 2835 vota
2439 2768 2734 2835 secunda

233 2889 536 2945 transeat
558 2883 602 2943 ⁷.
649 2880 866 2945 Docet
892 2880 1300 2967 Apostolus⁸
1344 2882 1436 2947 de
1485 2884 1836 2947 carnium
1881 2881 2119 2948 idolis
2164 2882 2733 2947 immolatarum

235 3014 410 3075 esu3
480 2992 762 3058 ostendit
819 3015 1161 3081 quousque
1207 2992 1452 3060 homini
1514 2994 1862 3061 christiano
1924 2995 2106 3059 salva
2170 3006 2237 3061 et
2294 2995 2607 3082 religione
2670 3004 2735 3058 et

459 3232 498 3295 ι)
533 3230 800 3283 Immerito
835 3232 982 3299 ipsos
1019 3232 1253 3299 gloriari,
1289 3236 1444 3301 quasi
1480 3250 1610 3301 prae
1647 3236 1839 3285 ceteris
1876 3232 2214 3295 excellerent,
2252 3250 2373 3284 cum
2408 3234 2547 3283 inter
2585 3234 2731 3299 ipsos

234 3321 446 3369 crimen
469 3316 606 3369 adeo
630 3333 794 3385 grave
821 3320 1156 3372 commissum
1180 3322 1266 3373 sit.
1301 3321 1384 3371 An
1413 3338 1522 3372 non
1539 3324 1753 3384 scirent,
1781 3320 1922 3388 quod
1950 3322 2199 3386 exiguum
2222 3320 2537 3371 sementum
2562 3324 2728 3370 totam

233 3420 478 3457 massam
503 3410 844 3473 corrumpat?
880 3412 1042 3473 atque
1067 3407 1202 3458 adeo
1215 3408 1586 3474 ,improborum
1621 3409 1887 3459 consortio
1928 3407 2159 3473 reliquos
2196 3408 2479 3473 inquinari.
2530 3406 2735 3457 Suadet

233 3492 472 3560 proinde
507 3497 707 3557 quanta
741 3494 973 3543 maxima
1007 3493 1285 3560 diligentia
1319 3494 1432 3544 fieri
1467 3496 1663 3561 possit,
1708 3495 1953 3565 fugerent
1988 3494 2393 3555 fornicatorum,
2432 3508 2732 3556 avarorum,

235 3578 664 3642 idololatrarum,
701 3580 1080 3630 maledicorum
1105 3586 1160 3631 et
1184 3581 1512 3632 ebriosorum
1537 3583 1863 3643 societatem,
1902 3581 2217 3647 quibuscum
2242 3596 2311 3631 ne
2342 3580 2493 3631 cibus
2519 3580 2731 3646 quidem

235 3666 536 3719 sumendus
583 3667 667 3717 sit.
741 3665 782 3732 2)
830 3665 890 3716 C.
927 3666 976 3716 6.
1051 3667 1094 3731 ³)
1137 3666 1280 3717 Fore
1325 3672 1502 3717 autem
1548 3666 1774 3718 Sanctos
1822 3669 1877 3717 in
1923 3672 2158 3718 extremo
2206 3666 2406 3717 iudicio
2458 3682 2561 3717 una
2609 3683 2729 3717 cum

247 3753 468 3803 Christo
493 3752 722 3817 iudicatu
751 3753 884 3803 etD.
903 3752 967 3803 N.
987 3753 1040 3804 J.
1061 3754 1120 3804 C.
1146 3755 1462 3805 auctoritate
1486 3754 1673 3804 Matth.
1698 3757 1779 3817 19,
1801 3755 1883 3804 28.
1910 3756 2043 3804 Luc.
2063 3757 2145 3817 22,
2167 3756 2268 3815 29„
2297 3760 2351 3803 et
2372 3753 2475 3803 hoc
2490 3752 2731 3819 Apostoli

239 3840 551 3891 testimonio
588 3842 920 3905 apertissime
957 3840 1229 3907 probatur.
1279 3840 1546 3906 Quidquid
1581 3841 1792 3891 demum
1830 3846 2048 3906 oggerat
2086 3839 2139 3890 S.
2165 3840 2291 3890 Arn.
2330 3841 2624 3902 Noltenius‚
2664 3839 2731 3889 de

237 3926 462 3977 Sanctis
495 3927 677 3977 mundi
703 3932 757 3977 et
781 3927 1106 3993 Angelorum
1138 3927 1420 3990 iudicibus,
1459 3928 1514 3977 in
1538 3927 1698 3978 Thes.
1724 3944 1775 3977 n.
1809 3944 1861 3993 p.
1891 3928 2005 3977 789.
2032 3944 2073 3977 s.
2122 3928 2481 3992 improborum
2519 3925 2732 3991 quidem

237 4014 518 4065 damnatio
554 4014 694 4063 iusta
730 4015 783 4063 in
812 4013 896 4064 die
932 4013 1117 4065 iudicii
1155 4016 1386 4063 omnium
1423 4013 1739 4064 Sanctorum
1775 4013 2027 4078 suffragio
2066 4012 2397 4077 probabitur,
2432 4028 2541 4063 non
2578 4012 2736 4062 aliter

235 4116 310 4151 ac
346 4104 654 4150 sanctorum
691 4100 1000 4166 angelorum
1037 4100 1332 4151 beatitudo.
1391 4100 1486 4151 Vis
1523 4104 1701 4150 autem
1736 4102 1901 4151 totius
1939 4100 2358 4151 ratiocinationis
2394 4101 2444 4161 6,
2472 4101 2553 4149 2³.
2579 4099 2631 4148 h.
2658 4116 2732 4149 e.:

238 4188 338 4254 qui
375 4186 560 4238 mundi
593 4187 798 4239 iudices
834 4192 960 4239 sunt
996 4188 1294 4249 constituti,
1341 4202 1448 4237 non
1485 4202 1645 4253 posse
1680 4187 1849 4237 videri
1884 4186 2158 4252 indignos,
2210 4187 2301 4251 qui
2339 4188 2731 4237 controversias

237 4275 570 4340 litigantium
607 4281 1001 4340 componerent.
1063 4276 1105 4339 ⁴)
1145 4275 1444 4326 Insectatur
1480 4275 1791 4339 praesertim
1816 4274 2155 4325 scortationis
2180 4272 2576 4338 turpitudinem,
2614 4272 2731 4324 hor-

237 4367 498 4427 taturque
535 4360 604 4412 ad
635 4362 964 4425 castitatem3
1001 4378 1122 4412 cum
1159 4378 1224 4411 ex
1261 4377 1366 4427 quo
1405 4360 1657 4426 Spiritum
1694 4360 1747 4410 S.
1774 4361 2037 4426 baptismo
2074 4361 2375 4425 regenerati
2412 4361 2733 4425 acceperint,

237 4464 440 4515 corpus
475 4449 712 4514 ipsorum
749 4450 820 4498 sit
853 4448 1108 4515 templum
1144 4448 1378 4515 quadam
1412 4448 1618 4498 ratione
1658 4446 1887 4512 Spiritus
1924 4447 1977 4496 S.
2040 4448 2081 4511 ⁵)
2114 4447 2269 4508 Quod
2294 4448 2473 4497 facere
2510 4462 2732 4497 consue-

236 4542 450 4599 verant,
491 4537 584 4603 qui
609 4535 678 4585 ad
703 4540 890 4601 gentes
926 4534 1188 4585 defecere.
1245 4534 1286 4599 θ)
1322 4534 1402 4584 Cf.
1430 4533 1494 4584 G.
1521 4532 1827 4596 Groddeck,
1865 4533 1931 4583 de
1956 4532 2181 4585 Judaeis
2204 4534 2544 4601 praeputium
2568 4538 2731 4585 attra-

237 4622 511 4684 hentibus‚
547 4623 604 4672 iu
639 4621 798 4671 Thes.
824 4638 876 4671 n.
903 4638 955 4687 p.
985 4622 1100 4671 ⁷94.
1125 4636 1168 4671 s.
1243 4621 1284 4687 ⁷)
1323 4623 1370 4683 7,
1397 4622 1480 4670 40.
1555 4619 1597 4683 ⁸)
1638 4620 1697 4669 C.
1724 4622 1911 4682 8—11,
1940 4624 1987 4669 2.
