<?xml version="1.0" encoding="UTF-8"?>
<!DOCTYPE html PUBLIC "-//W3C//DTD XHTML 1.0 Transitional//EN"
    "http://www.w3.org/TR/xhtml1/DTD/xhtml1-transitional.dtd">
<html xmlns="http://www.w3.org/1999/xhtml" xml:lang="en" lang="en">
 <head>
  <title>
</title>
<meta http-equiv="Content-Type" content="text/html;charset=utf-8" />
  <meta name='ocr-system' content='tesseract 3.04.00' />
  <meta name='ocr-capabilities' content='ocr_page ocr_carea ocr_par ocr_line ocrx_word'/>
</head>
<body>
  <div class='ocr_page' id='page_1' title='image "./historiarevelat00unkngoog_0528.png"; bbox 0 0 3267 5259; ppageno 0'>
   <div class='ocr_carea' id='block_1_1' title="bbox 542 383 2282 449">
    <p class='ocr_par' dir='ltr' id='par_1_1' title="bbox 542 383 2282 449">
     <span class='ocr_line' id='line_1_1' title="bbox 542 383 2282 449; baseline -0.004 -11"><span class='ocrx_word' id='word_1_1' title='bbox 542 383 676 449; x_wconf 89' lang='lat'><strong>400</strong></span> <span class='ocrx_word' id='word_1_2' title='bbox 1280 392 1395 435; x_wconf 67' lang='lat' dir='ltr'><strong>mat.</strong></span> <span class='ocrx_word' id='word_1_3' title='bbox 1424 390 1529 435; x_wconf 64' lang='lat' dir='ltr'><strong>nav.</strong></span> <span class='ocrx_word' id='word_1_4' title='bbox 1558 390 1650 435; x_wconf 73' lang='lat' dir='ltr'><strong>«nv.</strong></span> <span class='ocrx_word' id='word_1_5' title='bbox 1680 390 1852 434; x_wconf 65' lang='lat' dir='ltr'><strong>renos.</strong></span> <span class='ocrx_word' id='word_1_6' title='bbox 1883 390 1938 433; x_wconf 87' lang='lat' dir='ltr'><strong>n.</strong></span> <span class='ocrx_word' id='word_1_7' title='bbox 1957 402 2054 443; x_wconf 66' lang='lat' dir='ltr'><strong>ap.</strong></span> <span class='ocrx_word' id='word_1_8' title='bbox 2083 390 2282 443; x_wconf 64' lang='lat' dir='ltr'><strong>pamm.</strong></span> 
     </span>
    </p>
   </div>
   <div class='ocr_carea' id='block_1_2' title="bbox 932 668 2656 759">
    <p class='ocr_par' dir='ltr' id='par_1_2' title="bbox 932 668 2656 759">
     <span class='ocr_line' id='line_1_2' title="bbox 932 668 2656 759; baseline -0.003 -22"><span class='ocrx_word' id='word_1_9' title='bbox 932 674 993 753; x_wconf 67' lang='grc' dir='ltr'><strong>ἓ.</strong></span> <span class='ocrx_word' id='word_1_10' title='bbox 1042 674 1143 741; x_wconf 86' lang='grc'><strong>79.</strong></span> <span class='ocrx_word' id='word_1_11' title='bbox 1206 670 1617 759; x_wconf 80' lang='lat' dir='ltr'><strong>Epistola</strong></span> <span class='ocrx_word' id='word_1_12' title='bbox 1663 670 1943 735; x_wconf 88' lang='lat' dir='ltr'><strong>altera</strong></span> <span class='ocrx_word' id='word_1_13' title='bbox 1987 670 2090 735; x_wconf 84' lang='lat' dir='ltr'><strong>ad</strong></span> <span class='ocrx_word' id='word_1_14' title='bbox 2133 668 2656 735; x_wconf 74' lang='lat' dir='ltr'><strong>Corinthios.</strong></span> 
     </span>
    </p>
   </div>
   <div class='ocr_carea' id='block_1_3' title="bbox 546 859 3048 2413">
    <p class='ocr_par' dir='ltr' id='par_1_3' title="bbox 546 859 3048 2413">
     <span class='ocr_line' id='line_1_3' title="bbox 755 859 3046 948; baseline -0.003 -21"><span class='ocrx_word' id='word_1_15' title='bbox 755 860 937 942; x_wconf 81' lang='lat' dir='ltr'><strong>Quos</strong></span> <span class='ocrx_word' id='word_1_16' title='bbox 1002 864 1215 927; x_wconf 88' lang='lat' dir='ltr'><strong>acrius</strong></span> <span class='ocrx_word' id='word_1_17' title='bbox 1278 863 1630 948; x_wconf 85' lang='lat' dir='ltr'><strong>castigatos</strong></span> <span class='ocrx_word' id='word_1_18' title='bbox 1677 860 1762 925; x_wconf 87' lang='lat' dir='ltr'><strong>ad</strong></span> <span class='ocrx_word' id='word_1_19' title='bbox 1821 859 2158 927; x_wconf 89' lang='lat' dir='ltr'><strong>meliorem</strong></span> <span class='ocrx_word' id='word_1_20' title='bbox 2219 862 2682 947; x_wconf 80' lang='lat' dir='ltr'><strong>sanioremque</strong></span> <span class='ocrx_word' id='word_1_21' title='bbox 2745 868 3046 923; x_wconf 81' lang='lat' dir='ltr'>mentem</span> 
     </span>
     <span class='ocr_line' id='line_1_4' title="bbox 546 970 3046 1061; baseline -0.002 -22"><span class='ocrx_word' id='word_1_22' title='bbox 546 974 814 1040; x_wconf 86' lang='lat' dir='ltr'><strong>rediisse</strong></span> <span class='ocrx_word' id='word_1_23' title='bbox 862 974 1160 1039; x_wconf 83' lang='lat' dir='ltr'><strong>audierat</strong></span> <span class='ocrx_word' id='word_1_24' title='bbox 1200 972 1591 1061; x_wconf 88' lang='lat' dir='ltr'><strong>Apostolus,</strong></span> <span class='ocrx_word' id='word_1_25' title='bbox 1663 973 1817 1037; x_wconf 83' lang='lat' dir='ltr'><strong>data</strong></span> <span class='ocrx_word' id='word_1_26' title='bbox 1884 972 1969 1036; x_wconf 88' lang='lat' dir='ltr'><strong>ad</strong></span> <span class='ocrx_word' id='word_1_27' title='bbox 2033 995 2145 1037; x_wconf 91' lang='lat' dir='ltr'><strong>eos</strong></span> <span class='ocrx_word' id='word_1_28' title='bbox 2215 973 2512 1039; x_wconf 87' lang='lat' dir='ltr'><strong>secunda</strong></span> <span class='ocrx_word' id='word_1_29' title='bbox 2556 970 2837 1059; x_wconf 86' lang='lat' dir='ltr'><strong>epistola</strong></span> <span class='ocrx_word' id='word_1_30' title='bbox 2883 993 3046 1035; x_wconf 84' lang='lat' dir='ltr'><strong>vere</strong></span> 
     </span>
     <span class='ocr_line' id='line_1_5' title="bbox 546 1085 3046 1173; baseline -0.001 -22"><span class='ocrx_word' id='word_1_31' title='bbox 546 1096 821 1173; x_wconf 86' lang='lat' dir='ltr'><strong>paterno</strong></span> <span class='ocrx_word' id='word_1_32' title='bbox 884 1110 1107 1152; x_wconf 85' lang='lat' dir='ltr'><strong>amore</strong></span> <span class='ocrx_word' id='word_1_33' title='bbox 1152 1086 1399 1152; x_wconf 84' lang='lat' dir='ltr'><strong>solatur</strong></span> <span class='ocrx_word' id='word_1_34' title='bbox 1430 1095 1627 1173; x_wconf 89' lang='lat' dir='ltr'><strong>atque</strong></span> <span class='ocrx_word' id='word_1_35' title='bbox 1663 1085 2050 1151; x_wconf 80' lang='lat' dir='ltr'><strong>christianae</strong></span> <span class='ocrx_word' id='word_1_36' title='bbox 2095 1086 2357 1171; x_wconf 84' lang='lat' dir='ltr'><strong>pietatis</strong></span> <span class='ocrx_word' id='word_1_37' title='bbox 2387 1086 2692 1151; x_wconf 85' lang='lat' dir='ltr'><strong>institutis</strong></span> <span class='ocrx_word' id='word_1_38' title='bbox 2739 1094 2808 1149; x_wconf 89' lang='lat' dir='ltr'><strong>et</strong></span> <span class='ocrx_word' id='word_1_39' title='bbox 2851 1106 3046 1171; x_wconf 88' lang='lat' dir='ltr'><strong>prae-</strong></span> 
     </span>
     <span class='ocr_line' id='line_1_6' title="bbox 549 1197 3046 1287; baseline -0.002 -23"><span class='ocrx_word' id='word_1_40' title='bbox 549 1202 755 1287; x_wconf 79' lang='lat' dir='ltr'><strong>ceptis</strong></span> <span class='ocrx_word' id='word_1_41' title='bbox 800 1199 1109 1265; x_wconf 84' lang='lat' dir='ltr'><strong>informat</strong></span> <span class='ocrx_word' id='word_1_42' title='bbox 1130 1202 1167 1265; x_wconf 86' lang='lat'><strong>¹.</strong></span> <span class='ocrx_word' id='word_1_43' title='bbox 1228 1198 1493 1264; x_wconf 86' lang='lat' dir='ltr'><strong>Laudat</strong></span> <span class='ocrx_word' id='word_1_44' title='bbox 1538 1198 1911 1265; x_wconf 79' lang='lat' dir='ltr'><strong>Corinthios</strong></span> <span class='ocrx_word' id='word_1_45' title='bbox 1957 1197 2136 1284; x_wconf 89' lang='lat' dir='ltr'><strong>quod</strong></span> <span class='ocrx_word' id='word_1_46' title='bbox 2180 1200 2622 1263; x_wconf 90' lang='lat' dir='ltr'><strong>incestuosum</strong></span> <span class='ocrx_word' id='word_1_47' title='bbox 2670 1198 3046 1276; x_wconf 81' lang='lat' dir='ltr'><strong>eiecissent,</strong></span> 
     </span>
     <span class='ocr_line' id='line_1_7' title="bbox 551 1309 3046 1398; baseline -0.001 -22"><span class='ocrx_word' id='word_1_48' title='bbox 551 1314 735 1377; x_wconf 91' lang='lat' dir='ltr'><strong>cuius</strong></span> <span class='ocrx_word' id='word_1_49' title='bbox 782 1310 1045 1376; x_wconf 83' lang='lat' dir='ltr'><strong>salutari</strong></span> <span class='ocrx_word' id='word_1_50' title='bbox 1090 1312 1495 1398; x_wconf 88' lang='lat' dir='ltr'><strong>poenitentia</strong></span> <span class='ocrx_word' id='word_1_51' title='bbox 1538 1321 1892 1397; x_wconf 87' lang='lat' dir='ltr'><strong>permotus,</strong></span> <span class='ocrx_word' id='word_1_52' title='bbox 1935 1313 1995 1376; x_wconf 93' lang='lat' dir='ltr'><strong>ei</strong></span> <span class='ocrx_word' id='word_1_53' title='bbox 2039 1310 2294 1376; x_wconf 85' lang='lat' dir='ltr'><strong>illorum</strong></span> <span class='ocrx_word' id='word_1_54' title='bbox 2325 1314 2536 1397; x_wconf 84' lang='lat' dir='ltr'><strong>gratia</strong></span> <span class='ocrx_word' id='word_1_55' title='bbox 2564 1332 2854 1398; x_wconf 87' lang='lat' dir='ltr'><strong>poenam</strong></span> <span class='ocrx_word' id='word_1_56' title='bbox 2897 1309 3046 1373; x_wconf 86' lang='lat' dir='ltr'><strong>reli-</strong></span> 
     </span>
     <span class='ocr_line' id='line_1_8' title="bbox 549 1422 3048 1509; baseline -0.001 -21"><span class='ocrx_word' id='word_1_57' title='bbox 549 1446 745 1509; x_wconf 86' lang='lat' dir='ltr'><strong>quam</strong></span> <span class='ocrx_word' id='word_1_58' title='bbox 792 1423 1088 1509; x_wconf 84' lang='lat' dir='ltr'><strong>indulget</strong></span> <span class='ocrx_word' id='word_1_59' title='bbox 1104 1426 1147 1488; x_wconf 83' lang='lat'><strong>2.</strong></span> <span class='ocrx_word' id='word_1_60' title='bbox 1224 1424 1523 1489; x_wconf 84' lang='lat' dir='ltr'><strong>Modeste</strong></span> <span class='ocrx_word' id='word_1_61' title='bbox 1570 1423 1672 1489; x_wconf 92' lang='lat' dir='ltr'><strong>sui</strong></span> <span class='ocrx_word' id='word_1_62' title='bbox 1716 1422 2141 1509; x_wconf 85' lang='lat' dir='ltr'><strong>Apostolatus</strong></span> <span class='ocrx_word' id='word_1_63' title='bbox 2186 1425 2444 1489; x_wconf 81' lang='lat' dir='ltr'><strong>instruit</strong></span> <span class='ocrx_word' id='word_1_64' title='bbox 2488 1422 2898 1509; x_wconf 79' lang='lat' dir='ltr'><strong>apologiam3</strong></span> <span class='ocrx_word' id='word_1_65' title='bbox 2953 1424 3048 1487; x_wconf 77' lang='lat' dir='ltr'><strong>ita</strong></span> 
     </span>
     <span class='ocr_line' id='line_1_9' title="bbox 548 1535 3048 1623; baseline -0.001 -22"><span class='ocrx_word' id='word_1_66' title='bbox 548 1548 620 1601; x_wconf 92' lang='lat' dir='ltr'><strong>ut</strong></span> <span class='ocrx_word' id='word_1_67' title='bbox 663 1538 879 1623; x_wconf 89' lang='lat' dir='ltr'><strong>potius</strong></span> <span class='ocrx_word' id='word_1_68' title='bbox 924 1559 1111 1601; x_wconf 90' lang='lat' dir='ltr'><strong>suum</strong></span> <span class='ocrx_word' id='word_1_69' title='bbox 1156 1538 1600 1621; x_wconf 84' lang='lat' dir='ltr'><strong>ministerium,</strong></span> <span class='ocrx_word' id='word_1_70' title='bbox 1651 1558 1846 1623; x_wconf 81' lang='lat' dir='ltr'><strong>quam</strong></span> <span class='ocrx_word' id='word_1_71' title='bbox 1893 1559 1962 1602; x_wconf 92' lang='lat' dir='ltr'><strong>se</strong></span> <span class='ocrx_word' id='word_1_72' title='bbox 2007 1538 2221 1622; x_wconf 89' lang='lat' dir='ltr'><strong>ipsum</strong></span> <span class='ocrx_word' id='word_1_73' title='bbox 2269 1536 2704 1603; x_wconf 87' lang='lat' dir='ltr'><strong>commendet.</strong></span> <span class='ocrx_word' id='word_1_74' title='bbox 2767 1535 2878 1600; x_wconf 92' lang='lat' dir='ltr'><strong>De</strong></span> <span class='ocrx_word' id='word_1_75' title='bbox 2925 1557 3048 1599; x_wconf 83' lang='lat' dir='ltr'><strong>sua</strong></span> 
     </span>
     <span class='ocr_line' id='line_1_10' title="bbox 548 1648 3048 1735; baseline -0.001 -22"><span class='ocrx_word' id='word_1_76' title='bbox 548 1648 973 1735; x_wconf 85' lang='lat' dir='ltr'><strong>praedicandi</strong></span> <span class='ocrx_word' id='word_1_77' title='bbox 1004 1650 1256 1714; x_wconf 88' lang='lat' dir='ltr'><strong>ratione</strong></span> <span class='ocrx_word' id='word_1_78' title='bbox 1300 1648 1580 1733; x_wconf 84' lang='lat' dir='ltr'><strong>locutus,</strong></span> <span class='ocrx_word' id='word_1_79' title='bbox 1628 1648 1904 1715; x_wconf 90' lang='lat' dir='ltr'><strong>subinde</strong></span> <span class='ocrx_word' id='word_1_80' title='bbox 1951 1651 2280 1714; x_wconf 87' lang='lat' dir='ltr'><strong>interserit</strong></span> <span class='ocrx_word' id='word_1_81' title='bbox 2323 1671 2660 1714; x_wconf 88' lang='lat' dir='ltr'><strong>sermones</strong></span> <span class='ocrx_word' id='word_1_82' title='bbox 2700 1648 2785 1713; x_wconf 91' lang='lat' dir='ltr'><strong>de</strong></span> <span class='ocrx_word' id='word_1_83' title='bbox 2817 1649 3048 1735; x_wconf 85' lang='lat' dir='ltr'><strong>primis</strong></span> 
     </span>
     <span class='ocr_line' id='line_1_11' title="bbox 552 1760 3048 1849; baseline 0 -24"><span class='ocrx_word' id='word_1_84' title='bbox 552 1761 885 1826; x_wconf 86' lang='lat' dir='ltr'><strong>doctrinae</strong></span> <span class='ocrx_word' id='word_1_85' title='bbox 934 1761 1322 1827; x_wconf 82' lang='lat' dir='ltr'><strong>christianae</strong></span> <span class='ocrx_word' id='word_1_86' title='bbox 1371 1760 1694 1848; x_wconf 84' lang='lat' dir='ltr'><strong>capitibus</strong></span> <span class='ocrx_word' id='word_1_87' title='bbox 1714 1764 1757 1827; x_wconf 82' lang='lat'><strong>³.</strong></span> <span class='ocrx_word' id='word_1_88' title='bbox 1833 1762 2182 1847; x_wconf 84' lang='lat' dir='ltr'><strong>Magnifice</strong></span> <span class='ocrx_word' id='word_1_89' title='bbox 2237 1762 2526 1849; x_wconf 86' lang='lat' dir='ltr'><strong>disputat</strong></span> <span class='ocrx_word' id='word_1_90' title='bbox 2590 1761 2672 1826; x_wconf 91' lang='lat' dir='ltr'><strong>de</strong></span> <span class='ocrx_word' id='word_1_91' title='bbox 2741 1762 3048 1826; x_wconf 85' lang='lat' dir='ltr'><strong>doctrina</strong></span> 
     </span>
     <span class='ocr_line' id='line_1_12' title="bbox 546 1872 3044 1963; baseline -0.001 -24"><span class='ocrx_word' id='word_1_92' title='bbox 546 1873 969 1960; x_wconf 83' lang='lat' dir='ltr'><strong>Evangelica‚</strong></span> <span class='ocrx_word' id='word_1_93' title='bbox 1018 1898 1187 1962; x_wconf 85' lang='lat' dir='ltr'><strong>quae</strong></span> <span class='ocrx_word' id='word_1_94' title='bbox 1234 1898 1383 1941; x_wconf 86' lang='lat' dir='ltr'><strong>cum</strong></span> <span class='ocrx_word' id='word_1_95' title='bbox 1428 1874 1675 1963; x_wconf 87' lang='lat' dir='ltr'><strong>probos</strong></span> <span class='ocrx_word' id='word_1_96' title='bbox 1705 1875 2066 1961; x_wconf 85' lang='lat' dir='ltr'><strong>beatosque</strong></span> <span class='ocrx_word' id='word_1_97' title='bbox 2097 1874 2334 1940; x_wconf 88' lang='lat' dir='ltr'><strong>reddat</strong></span> <span class='ocrx_word' id='word_1_98' title='bbox 2361 1874 2680 1957; x_wconf 88' lang='lat' dir='ltr'><strong>homines,</strong></span> <span class='ocrx_word' id='word_1_99' title='bbox 2725 1872 3044 1959; x_wconf 89' lang='lat' dir='ltr'><strong>nulloque</strong></span> 
     </span>
     <span class='ocr_line' id='line_1_13' title="bbox 550 1986 3042 2076; baseline -0.001 -23"><span class='ocrx_word' id='word_1_100' title='bbox 550 2010 839 2076; x_wconf 86' lang='lat' dir='ltr'><strong>unquam</strong></span> <span class='ocrx_word' id='word_1_101' title='bbox 885 1998 1177 2074; x_wconf 84' lang='lat' dir='ltr'><strong>tempore</strong></span> <span class='ocrx_word' id='word_1_102' title='bbox 1226 1990 1306 2053; x_wconf 86' lang='lat' dir='ltr'><strong>sit</strong></span> <span class='ocrx_word' id='word_1_103' title='bbox 1349 1990 1706 2072; x_wconf 84' lang='lat' dir='ltr'><strong>interitura,</strong></span> <span class='ocrx_word' id='word_1_104' title='bbox 1753 1986 1946 2074; x_wconf 90' lang='lat' dir='ltr'><strong>longe</strong></span> <span class='ocrx_word' id='word_1_105' title='bbox 1991 1996 2286 2075; x_wconf 81' lang='lat' dir='ltr'><strong>praestat</strong></span> <span class='ocrx_word' id='word_1_106' title='bbox 2327 1986 2691 2069; x_wconf 85' lang='lat' dir='ltr'><strong>Mosaicae3</strong></span> <span class='ocrx_word' id='word_1_107' title='bbox 2769 2009 2946 2073; x_wconf 87' lang='lat' dir='ltr'><strong>quae</strong></span> <span class='ocrx_word' id='word_1_108' title='bbox 2994 1987 3042 2051; x_wconf 85' lang='lat' dir='ltr'><strong>si</strong></span> 
     </span>
     <span class='ocr_line' id='line_1_14' title="bbox 548 2098 3040 2188; baseline -0.001 -23"><span class='ocrx_word' id='word_1_109' title='bbox 548 2100 833 2186; x_wconf 88' lang='lat' dir='ltr'><strong>gloriosa</strong></span> <span class='ocrx_word' id='word_1_110' title='bbox 864 2101 1078 2184; x_wconf 87' lang='lat' dir='ltr'><strong>fuerit,</strong></span> <span class='ocrx_word' id='word_1_111' title='bbox 1111 2101 1382 2167; x_wconf 87' lang='lat' dir='ltr'><strong>multum</strong></span> <span class='ocrx_word' id='word_1_112' title='bbox 1416 2111 1759 2188; x_wconf 83' lang='lat' dir='ltr'><strong>superatur</strong></span> <span class='ocrx_word' id='word_1_113' title='bbox 1788 2099 1873 2166; x_wconf 93' lang='lat' dir='ltr'><strong>ab</strong></span> <span class='ocrx_word' id='word_1_114' title='bbox 1909 2102 2150 2165; x_wconf 82' lang='lat' dir='ltr'><strong>eximia</strong></span> <span class='ocrx_word' id='word_1_115' title='bbox 2177 2102 2518 2166; x_wconf 87' lang='lat' dir='ltr'><strong>maiestate</strong></span> <span class='ocrx_word' id='word_1_116' title='bbox 2550 2100 2632 2165; x_wconf 86' lang='lat' dir='ltr'><strong>N.</strong></span> <span class='ocrx_word' id='word_1_117' title='bbox 2657 2098 2714 2163; x_wconf 91' lang='lat' dir='ltr'>T</span> <span class='ocrx_word' id='word_1_118' title='bbox 2735 2102 2780 2163; x_wconf 79' lang='lat'><strong>⁴.</strong></span> <span class='ocrx_word' id='word_1_119' title='bbox 2815 2099 3040 2185; x_wconf 84' lang='lat' dir='ltr'><strong>Ipsam</strong></span> 
     </span>
     <span class='ocr_line' id='line_1_15' title="bbox 550 2210 3043 2300; baseline -0.001 -23"><span class='ocrx_word' id='word_1_120' title='bbox 550 2223 771 2277; x_wconf 85' lang='lat' dir='ltr'><strong>tamen</strong></span> <span class='ocrx_word' id='word_1_121' title='bbox 815 2212 1073 2299; x_wconf 87' lang='lat' dir='ltr'><strong>Evang.</strong></span> <span class='ocrx_word' id='word_1_122' title='bbox 1121 2212 1680 2300; x_wconf 83' lang='lat' dir='ltr'><strong>praedicationem</strong></span> <span class='ocrx_word' id='word_1_123' title='bbox 1725 2215 1778 2278; x_wconf 88' lang='lat' dir='ltr'><strong>si</strong></span> <span class='ocrx_word' id='word_1_124' title='bbox 1825 2236 1958 2278; x_wconf 90' lang='lat' dir='ltr'><strong>non</strong></span> <span class='ocrx_word' id='word_1_125' title='bbox 2003 2212 2306 2278; x_wconf 88' lang='lat' dir='ltr'><strong>omnibus</strong></span> <span class='ocrx_word' id='word_1_126' title='bbox 2353 2234 2565 2299; x_wconf 84' lang='lat' dir='ltr'><strong>aeque</strong></span> <span class='ocrx_word' id='word_1_127' title='bbox 2611 2213 2839 2298; x_wconf 88' lang='lat' dir='ltr'><strong>prosit,</strong></span> <span class='ocrx_word' id='word_1_128' title='bbox 2891 2210 2963 2277; x_wconf 89' lang='lat' dir='ltr'><strong>id</strong></span> <span class='ocrx_word' id='word_1_129' title='bbox 3005 2233 3043 2274; x_wconf 84' lang='lat' dir='ltr'><strong>a</strong></span> 
     </span>
     <span class='ocr_line' id='line_1_16' title="bbox 552 2324 3038 2413; baseline -0.001 -23"><span class='ocrx_word' id='word_1_130' title='bbox 552 2348 759 2392; x_wconf 88' lang='lat' dir='ltr'><strong>coeca</strong></span> <span class='ocrx_word' id='word_1_131' title='bbox 800 2324 1257 2391; x_wconf 89' lang='lat' dir='ltr'><strong>nonnullorum</strong></span> <span class='ocrx_word' id='word_1_132' title='bbox 1304 2328 1712 2413; x_wconf 84' lang='lat' dir='ltr'><strong>ignoratione</strong></span> <span class='ocrx_word' id='word_1_133' title='bbox 1745 2337 1810 2391; x_wconf 90' lang='lat' dir='ltr'><strong>et</strong></span> <span class='ocrx_word' id='word_1_134' title='bbox 1841 2350 2134 2392; x_wconf 87' lang='lat' dir='ltr'><strong>errorum</strong></span> <span class='ocrx_word' id='word_1_135' title='bbox 2163 2325 2452 2392; x_wconf 88' lang='lat' dir='ltr'><strong>tenebris</strong></span> <span class='ocrx_word' id='word_1_136' title='bbox 2481 2328 2694 2413; x_wconf 89' lang='lat' dir='ltr'><strong>repeti</strong></span> <span class='ocrx_word' id='word_1_137' title='bbox 2729 2324 2981 2391; x_wconf 89' lang='lat' dir='ltr'><strong>debere</strong></span> <span class='ocrx_word' id='word_1_138' title='bbox 3001 2328 3038 2387; x_wconf 85' lang='lat'><strong>⁵.</strong></span> 
     </span>
    </p>
   </div>
   <div class='ocr_carea' id='block_1_4' title="bbox 601 2488 936 2495">
    <p class='ocr_par' dir='ltr' id='par_1_4' title="bbox 601 2488 936 2495">
     <span class='ocr_line' id='line_1_17' title="bbox 601 2488 936 2495; baseline 0 2764"><span class='ocrx_word' id='word_1_139' title='bbox 601 2488 936 2495; x_wconf 95' lang='lat' dir='ltr'><strong> </strong></span> 
     </span>
    </p>
   </div>
   <div class='ocr_carea' id='block_1_5' title="bbox 542 2562 3038 4620">
    <p class='ocr_par' dir='ltr' id='par_1_5' title="bbox 542 2562 3038 4620">
     <span class='ocr_line' id='line_1_18' title="bbox 764 2562 3038 2630; baseline 0 -17"><span class='ocrx_word' id='word_1_140' title='bbox 764 2564 800 2629; x_wconf 89' lang='lat'><strong>¹)</strong></span> <span class='ocrx_word' id='word_1_141' title='bbox 838 2563 1023 2615; x_wconf 83' lang='lat' dir='ltr'><strong>Salute</strong></span> <span class='ocrx_word' id='word_1_142' title='bbox 1061 2562 1205 2615; x_wconf 79' lang='lat' dir='ltr'><strong>dicta</strong></span> <span class='ocrx_word' id='word_1_143' title='bbox 1232 2566 1278 2627; x_wconf 91' lang='lat'><strong>1,</strong></span> <span class='ocrx_word' id='word_1_144' title='bbox 1308 2566 1457 2615; x_wconf 79' lang='lat'><strong>1—7.</strong></span> <span class='ocrx_word' id='word_1_145' title='bbox 1498 2564 1702 2616; x_wconf 85' lang='lat' dir='ltr'><strong>Paulus</strong></span> <span class='ocrx_word' id='word_1_146' title='bbox 1738 2580 1834 2630; x_wconf 87' lang='lat' dir='ltr'><strong>pro</strong></span> <span class='ocrx_word' id='word_1_147' title='bbox 1872 2565 2070 2630; x_wconf 86' lang='lat' dir='ltr'><strong>pietate</strong></span> <span class='ocrx_word' id='word_1_148' title='bbox 2109 2579 2210 2615; x_wconf 85' lang='lat' dir='ltr'><strong>sua</strong></span> <span class='ocrx_word' id='word_1_149' title='bbox 2244 2577 2278 2614; x_wconf 86' lang='lat' dir='ltr'><strong>a</strong></span> <span class='ocrx_word' id='word_1_150' title='bbox 2313 2563 2564 2614; x_wconf 74' lang='lat' dir='ltr'><strong>laudibus</strong></span> <span class='ocrx_word' id='word_1_151' title='bbox 2603 2565 2708 2614; x_wconf 90' lang='lat' dir='ltr'><strong>Dei</strong></span> <span class='ocrx_word' id='word_1_152' title='bbox 2745 2563 3038 2621; x_wconf 83' lang='lat' dir='ltr'><strong>exorditur,</strong></span> 
     </span>
     <span class='ocr_line' id='line_1_19' title="bbox 554 2648 3038 2718; baseline -0 -19"><span class='ocrx_word' id='word_1_153' title='bbox 554 2666 783 2718; x_wconf 88' lang='lat' dir='ltr'><strong>eumque</strong></span> <span class='ocrx_word' id='word_1_154' title='bbox 826 2655 1113 2716; x_wconf 79' lang='lat' dir='ltr'><strong>propterea</strong></span> <span class='ocrx_word' id='word_1_155' title='bbox 1154 2650 1419 2713; x_wconf 81' lang='lat' dir='ltr'><strong>celebrat,</strong></span> <span class='ocrx_word' id='word_1_156' title='bbox 1466 2650 1612 2716; x_wconf 88' lang='lat' dir='ltr'><strong>quod</strong></span> <span class='ocrx_word' id='word_1_157' title='bbox 1659 2650 2054 2702; x_wconf 75' lang='lat' dir='ltr'><strong>calamitatibus</strong></span> <span class='ocrx_word' id='word_1_158' title='bbox 2091 2649 2293 2715; x_wconf 83' lang='lat' dir='ltr'><strong>Ephesi</strong></span> <span class='ocrx_word' id='word_1_159' title='bbox 2329 2666 2572 2716; x_wconf 87' lang='lat' dir='ltr'><strong>pressum</strong></span> <span class='ocrx_word' id='word_1_160' title='bbox 2619 2650 2848 2713; x_wconf 73' lang='lat' dir='ltr'><strong>iuverit3</strong></span> <span class='ocrx_word' id='word_1_161' title='bbox 2901 2648 3038 2699; x_wconf 86' lang='lat' dir='ltr'><strong>unde</strong></span> 
     </span>
     <span class='ocr_line' id='line_1_20' title="bbox 550 2736 3038 2802; baseline -0 -16"><span class='ocrx_word' id='word_1_162' title='bbox 550 2738 748 2787; x_wconf 83' lang='lat' dir='ltr'><strong>sactum</strong></span> <span class='ocrx_word' id='word_1_163' title='bbox 773 2742 833 2786; x_wconf 88' lang='lat' dir='ltr'><strong>ut</strong></span> <span class='ocrx_word' id='word_1_164' title='bbox 857 2752 949 2787; x_wconf 88' lang='lat' dir='ltr'><strong>eas</strong></span> <span class='ocrx_word' id='word_1_165' title='bbox 974 2738 1183 2802; x_wconf 79' lang='lat' dir='ltr'><strong>vicerit3</strong></span> <span class='ocrx_word' id='word_1_166' title='bbox 1210 2738 1255 2786; x_wconf 89' lang='lat' dir='ltr'><strong>si</strong></span> <span class='ocrx_word' id='word_1_167' title='bbox 1280 2742 1457 2787; x_wconf 83' lang='lat' dir='ltr'><strong>autem</strong></span> <span class='ocrx_word' id='word_1_168' title='bbox 1483 2752 1518 2787; x_wconf 89' lang='lat' dir='ltr'><strong>a</strong></span> <span class='ocrx_word' id='word_1_169' title='bbox 1538 2738 1660 2787; x_wconf 88' lang='lat' dir='ltr'><strong>Deo</strong></span> <span class='ocrx_word' id='word_1_170' title='bbox 1687 2752 1982 2798; x_wconf 82' lang='lat' dir='ltr'><strong>recessum,</strong></span> <span class='ocrx_word' id='word_1_171' title='bbox 2021 2736 2124 2787; x_wconf 87' lang='lat' dir='ltr'><strong>hoc</strong></span> <span class='ocrx_word' id='word_1_172' title='bbox 2159 2738 2408 2802; x_wconf 85' lang='lat' dir='ltr'><strong>precibus</strong></span> <span class='ocrx_word' id='word_1_173' title='bbox 2434 2736 2836 2787; x_wconf 84' lang='lat' dir='ltr'><strong>Corinthiorum</strong></span> <span class='ocrx_word' id='word_1_174' title='bbox 2861 2736 2959 2787; x_wconf 83' lang='lat' dir='ltr'><strong>abs</strong></span> <span class='ocrx_word' id='word_1_175' title='bbox 2981 2752 3038 2785; x_wconf 86' lang='lat' dir='ltr'><strong>se</strong></span> 
     </span>
     <span class='ocr_line' id='line_1_21' title="bbox 548 2824 3036 2891; baseline 0 -18"><span class='ocrx_word' id='word_1_176' title='bbox 548 2825 725 2873; x_wconf 88' lang='lat' dir='ltr'><strong>tribui.</strong></span> <span class='ocrx_word' id='word_1_177' title='bbox 752 2826 941 2874; x_wconf 87' lang='lat'><strong>8—11.</strong></span> <span class='ocrx_word' id='word_1_178' title='bbox 978 2824 1166 2890; x_wconf 85' lang='lat' dir='ltr'><strong>Neque</strong></span> <span class='ocrx_word' id='word_1_179' title='bbox 1202 2838 1262 2874; x_wconf 83' lang='lat' dir='ltr'><strong>se</strong></span> <span class='ocrx_word' id='word_1_180' title='bbox 1296 2824 1379 2873; x_wconf 89' lang='lat' dir='ltr'><strong>his</strong></span> <span class='ocrx_word' id='word_1_181' title='bbox 1416 2824 1694 2889; x_wconf 75' lang='lat' dir='ltr'><strong>indignum</strong></span> <span class='ocrx_word' id='word_1_182' title='bbox 1720 2825 1903 2887; x_wconf 84' lang='lat' dir='ltr'><strong>fuisse,</strong></span> <span class='ocrx_word' id='word_1_183' title='bbox 1941 2829 2002 2875; x_wconf 83' lang='lat' dir='ltr'><strong>ut</strong></span> <span class='ocrx_word' id='word_1_184' title='bbox 2025 2825 2116 2890; x_wconf 88' lang='lat' dir='ltr'><strong>qui</strong></span> <span class='ocrx_word' id='word_1_185' title='bbox 2142 2824 2434 2891; x_wconf 85' lang='lat' dir='ltr'><strong>simplicem</strong></span> <span class='ocrx_word' id='word_1_186' title='bbox 2459 2840 2669 2890; x_wconf 87' lang='lat' dir='ltr'><strong>semper</strong></span> <span class='ocrx_word' id='word_1_187' title='bbox 2693 2828 2751 2873; x_wconf 86' lang='lat' dir='ltr'><strong>et</strong></span> <span class='ocrx_word' id='word_1_188' title='bbox 2773 2825 3036 2873; x_wconf 76' lang='lat' dir='ltr'><strong>sincerum</strong></span> 
     </span>
     <span class='ocr_line' id='line_1_22' title="bbox 548 2910 3036 2978; baseline -0.001 -17"><span class='ocrx_word' id='word_1_189' title='bbox 548 2910 692 2977; x_wconf 86' lang='lat' dir='ltr'><strong>apud</strong></span> <span class='ocrx_word' id='word_1_190' title='bbox 716 2912 861 2976; x_wconf 88' lang='lat' dir='ltr'><strong>ipsos</strong></span> <span class='ocrx_word' id='word_1_191' title='bbox 886 2926 945 2961; x_wconf 90' lang='lat' dir='ltr'><strong>se</strong></span> <span class='ocrx_word' id='word_1_192' title='bbox 968 2928 1179 2978; x_wconf 82' lang='lat' dir='ltr'><strong>semper</strong></span> <span class='ocrx_word' id='word_1_193' title='bbox 1202 2912 1450 2977; x_wconf 79' lang='lat' dir='ltr'><strong>gesserit3</strong></span> <span class='ocrx_word' id='word_1_194' title='bbox 1486 2911 1629 2961; x_wconf 89' lang='lat' dir='ltr'><strong>unde</strong></span> <span class='ocrx_word' id='word_1_195' title='bbox 1667 2926 1853 2977; x_wconf 87' lang='lat' dir='ltr'><strong>parum</strong></span> <span class='ocrx_word' id='word_1_196' title='bbox 1891 2916 2034 2963; x_wconf 87' lang='lat' dir='ltr'><strong>recte</strong></span> <span class='ocrx_word' id='word_1_197' title='bbox 2071 2910 2304 2961; x_wconf 83' lang='lat' dir='ltr'><strong>levitatis</strong></span> <span class='ocrx_word' id='word_1_198' title='bbox 2341 2912 2601 2974; x_wconf 82' lang='lat' dir='ltr'><strong>accusari,</strong></span> <span class='ocrx_word' id='word_1_199' title='bbox 2641 2910 2790 2977; x_wconf 88' lang='lat' dir='ltr'><strong>quod</strong></span> <span class='ocrx_word' id='word_1_200' title='bbox 2825 2926 2932 2961; x_wconf 88' lang='lat' dir='ltr'><strong>non</strong></span> <span class='ocrx_word' id='word_1_201' title='bbox 2969 2923 3036 2959; x_wconf 84' lang='lat' dir='ltr'><strong>ea</strong></span> 
     </span>
     <span class='ocr_line' id='line_1_23' title="bbox 550 2997 3033 3064; baseline -0.001 -17"><span class='ocrx_word' id='word_1_202' title='bbox 550 3013 658 3063; x_wconf 86' lang='lat' dir='ltr'><strong>qua</strong></span> <span class='ocrx_word' id='word_1_203' title='bbox 704 2997 1051 3064; x_wconf 83' lang='lat' dir='ltr'><strong>spoponderit</strong></span> <span class='ocrx_word' id='word_1_204' title='bbox 1100 2998 1371 3049; x_wconf 77' lang='lat' dir='ltr'><strong>celeritate</strong></span> <span class='ocrx_word' id='word_1_205' title='bbox 1420 2998 1700 3048; x_wconf 86' lang='lat' dir='ltr'><strong>consilium</strong></span> <span class='ocrx_word' id='word_1_206' title='bbox 1735 2998 2000 3049; x_wconf 80' lang='lat' dir='ltr'><strong>invisendi</strong></span> <span class='ocrx_word' id='word_1_207' title='bbox 2037 2998 2104 3048; x_wconf 80' lang='lat' dir='ltr'><strong>ad</strong></span> <span class='ocrx_word' id='word_1_208' title='bbox 2143 3012 2312 3063; x_wconf 89' lang='lat' dir='ltr'><strong>usque</strong></span> <span class='ocrx_word' id='word_1_209' title='bbox 2349 3002 2633 3049; x_wconf 83' lang='lat' dir='ltr'><strong>exsecutus</strong></span> <span class='ocrx_word' id='word_1_210' title='bbox 2673 2998 2762 3047; x_wconf 85' lang='lat' dir='ltr'><strong>sit.</strong></span> <span class='ocrx_word' id='word_1_211' title='bbox 2817 2999 3033 3047; x_wconf 74' lang='lat'><strong>16—24.</strong></span> 
     </span>
     <span class='ocr_line' id='line_1_24' title="bbox 546 3082 3028 3150; baseline -0.002 -15"><span class='ocrx_word' id='word_1_212' title='bbox 546 3084 861 3146; x_wconf 77' lang='lat' dir='ltr'><strong>Pepercisse</strong></span> <span class='ocrx_word' id='word_1_213' title='bbox 890 3099 951 3135; x_wconf 90' lang='lat' dir='ltr'><strong>se</strong></span> <span class='ocrx_word' id='word_1_214' title='bbox 984 3084 1175 3150; x_wconf 89' lang='lat' dir='ltr'><strong>pudori</strong></span> <span class='ocrx_word' id='word_1_215' title='bbox 1200 3090 1254 3135; x_wconf 87' lang='lat' dir='ltr'><strong>et</strong></span> <span class='ocrx_word' id='word_1_216' title='bbox 1277 3084 1628 3135; x_wconf 84' lang='lat' dir='ltr'><strong>imbecillitati</strong></span> <span class='ocrx_word' id='word_1_217' title='bbox 1667 3082 2060 3135; x_wconf 86' lang='lat' dir='ltr'><strong>Corinthiorum</strong></span> <span class='ocrx_word' id='word_1_218' title='bbox 2095 3099 2164 3133; x_wconf 86' lang='lat' dir='ltr'><strong>ne</strong></span> <span class='ocrx_word' id='word_1_219' title='bbox 2201 3085 2247 3133; x_wconf 86' lang='lat' dir='ltr'><strong>si</strong></span> <span class='ocrx_word' id='word_1_220' title='bbox 2283 3088 2408 3133; x_wconf 84' lang='lat' dir='ltr'><strong>ante</strong></span> <span class='ocrx_word' id='word_1_221' title='bbox 2445 3091 2718 3149; x_wconf 81' lang='lat' dir='ltr'><strong>peractam</strong></span> <span class='ocrx_word' id='word_1_222' title='bbox 2755 3086 3028 3150; x_wconf 85' lang='lat' dir='ltr'><strong>poeniten·</strong></span> 
     </span>
     <span class='ocr_line' id='line_1_25' title="bbox 546 3170 3031 3238; baseline 0 -19"><span class='ocrx_word' id='word_1_223' title='bbox 546 3172 673 3220; x_wconf 86' lang='lat' dir='ltr'><strong>tiam</strong></span> <span class='ocrx_word' id='word_1_224' title='bbox 700 3170 1019 3234; x_wconf 84' lang='lat' dir='ltr'><strong>advenisset,</strong></span> <span class='ocrx_word' id='word_1_225' title='bbox 1058 3172 1113 3221; x_wconf 88' lang='lat' dir='ltr'><strong>in</strong></span> <span class='ocrx_word' id='word_1_226' title='bbox 1148 3170 1409 3238; x_wconf 88' lang='lat' dir='ltr'><strong>quosdam</strong></span> <span class='ocrx_word' id='word_1_227' title='bbox 1434 3186 1615 3221; x_wconf 88' lang='lat' dir='ltr'><strong>eorum</strong></span> <span class='ocrx_word' id='word_1_228' title='bbox 1641 3172 1856 3237; x_wconf 80' lang='lat' dir='ltr'><strong>gravius</strong></span> <span class='ocrx_word' id='word_1_229' title='bbox 1881 3171 2308 3221; x_wconf 80' lang='lat' dir='ltr'><strong>animadvertere</strong></span> <span class='ocrx_word' id='word_1_230' title='bbox 2333 3177 2630 3237; x_wconf 72' lang='lat' dir='ltr'><strong>cogeretur.</strong></span> <span class='ocrx_word' id='word_1_231' title='bbox 2693 3170 2737 3232; x_wconf 80' lang='lat'><strong>²)</strong></span> <span class='ocrx_word' id='word_1_232' title='bbox 2773 3174 2824 3232; x_wconf 76' lang='lat'><strong>2,</strong></span> <span class='ocrx_word' id='word_1_233' title='bbox 2853 3172 3031 3220; x_wconf 81' lang='lat'><strong>1-13.</strong></span> 
     </span>
     <span class='ocr_line' id='line_1_26' title="bbox 548 3257 3032 3324; baseline -0.001 -17"><span class='ocrx_word' id='word_1_234' title='bbox 548 3257 807 3324; x_wconf 81' lang='lat' dir='ltr'><strong>Exemplo</strong></span> <span class='ocrx_word' id='word_1_235' title='bbox 862 3259 913 3309; x_wconf 86' lang='lat' dir='ltr'><strong>d.</strong></span> <span class='ocrx_word' id='word_1_236' title='bbox 949 3259 1104 3309; x_wconf 80' lang='lat' dir='ltr'><strong>Pauli</strong></span> <span class='ocrx_word' id='word_1_237' title='bbox 1158 3265 1213 3309; x_wconf 90' lang='lat' dir='ltr'><strong>et</strong></span> <span class='ocrx_word' id='word_1_238' title='bbox 1264 3260 1587 3309; x_wconf 76' lang='lat' dir='ltr'><strong>auctoritate</strong></span> <span class='ocrx_word' id='word_1_239' title='bbox 1641 3258 1744 3309; x_wconf 89' lang='lat' dir='ltr'><strong>sibi</strong></span> <span class='ocrx_word' id='word_1_240' title='bbox 1797 3260 1854 3309; x_wconf 86' lang='lat' dir='ltr'><strong>in</strong></span> <span class='ocrx_word' id='word_1_241' title='bbox 1905 3258 2178 3323; x_wconf 85' lang='lat' dir='ltr'><strong>Apostolis</strong></span> <span class='ocrx_word' id='word_1_242' title='bbox 2233 3272 2265 3308; x_wconf 77' lang='lat' dir='ltr'><strong>a</strong></span> <span class='ocrx_word' id='word_1_243' title='bbox 2319 3257 2531 3309; x_wconf 88' lang='lat' dir='ltr'><strong>Christo</strong></span> <span class='ocrx_word' id='word_1_244' title='bbox 2577 3258 2795 3321; x_wconf 78' lang='lat' dir='ltr'><strong>collata,</strong></span> <span class='ocrx_word' id='word_1_245' title='bbox 2849 3258 3032 3307; x_wconf 85' lang='lat' dir='ltr'><strong>merito</strong></span> 
     </span>
     <span class='ocr_line' id='line_1_27' title="bbox 546 3344 3034 3411; baseline 0 -19"><span class='ocrx_word' id='word_1_246' title='bbox 546 3344 797 3395; x_wconf 77' lang='lat' dir='ltr'><strong>Ecclesia</strong></span> <span class='ocrx_word' id='word_1_247' title='bbox 832 3344 1124 3395; x_wconf 65' lang='lat' dir='ltr'><strong>catholicin</strong></span> <span class='ocrx_word' id='word_1_248' title='bbox 1172 3346 1545 3411; x_wconf 80' lang='lat' dir='ltr'><strong>peccatoribus</strong></span> <span class='ocrx_word' id='word_1_249' title='bbox 1582 3345 1726 3396; x_wconf 88' lang='lat' dir='ltr'><strong>iusta</strong></span> <span class='ocrx_word' id='word_1_250' title='bbox 1761 3345 2122 3395; x_wconf 83' lang='lat' dir='ltr'><strong>intercedente</strong></span> <span class='ocrx_word' id='word_1_251' title='bbox 2167 3360 2347 3406; x_wconf 79' lang='lat' dir='ltr'><strong>causa,</strong></span> <span class='ocrx_word' id='word_1_252' title='bbox 2396 3360 2600 3411; x_wconf 86' lang='lat' dir='ltr'><strong>poenas</strong></span> <span class='ocrx_word' id='word_1_253' title='bbox 2651 3360 2750 3410; x_wconf 89' lang='lat' dir='ltr'><strong>pro</strong></span> <span class='ocrx_word' id='word_1_254' title='bbox 2800 3344 3034 3410; x_wconf 82' lang='lat' dir='ltr'><strong>peccatis</strong></span> 
     </span>
     <span class='ocr_line' id='line_1_28' title="bbox 556 3428 3034 3497; baseline 0.001 -20"><span class='ocrx_word' id='word_1_255' title='bbox 556 3428 768 3479; x_wconf 82' lang='lat' dir='ltr'><strong>debitas</strong></span> <span class='ocrx_word' id='word_1_256' title='bbox 796 3430 1143 3497; x_wconf 79' lang='lat' dir='ltr'><strong>„indulgen</strong></span> <span class='ocrx_word' id='word_1_257' title='bbox 1156 3432 1305 3481; x_wconf 87' lang='lat' dir='ltr'><strong>tiis“</strong></span> <span class='ocrx_word' id='word_1_258' title='bbox 1332 3432 1567 3482; x_wconf 85' lang='lat' dir='ltr'><strong>remittit.</strong></span> <span class='ocrx_word' id='word_1_259' title='bbox 1606 3431 1647 3497; x_wconf 79' lang='lat'><strong>³)</strong></span> <span class='ocrx_word' id='word_1_260' title='bbox 1686 3432 1764 3481; x_wconf 83' lang='lat' dir='ltr'><strong>Ac</strong></span> <span class='ocrx_word' id='word_1_261' title='bbox 1789 3431 1856 3481; x_wconf 88' lang='lat' dir='ltr'><strong>de</strong></span> <span class='ocrx_word' id='word_1_262' title='bbox 1881 3446 1938 3481; x_wconf 86' lang='lat' dir='ltr'><strong>se</strong></span> <span class='ocrx_word' id='word_1_263' title='bbox 1965 3430 2178 3496; x_wconf 86' lang='lat' dir='ltr'><strong>quidem</strong></span> <span class='ocrx_word' id='word_1_264' title='bbox 2203 3430 2304 3481; x_wconf 91' lang='lat' dir='ltr'><strong>hoc</strong></span> <span class='ocrx_word' id='word_1_265' title='bbox 2329 3436 2722 3493; x_wconf 85' lang='lat' dir='ltr'><strong>commemorat,</strong></span> <span class='ocrx_word' id='word_1_266' title='bbox 2761 3432 2828 3481; x_wconf 88' lang='lat' dir='ltr'><strong>ob</strong></span> <span class='ocrx_word' id='word_1_267' title='bbox 2865 3430 3034 3481; x_wconf 82' lang='lat' dir='ltr'><strong>since·</strong></span> 
     </span>
     <span class='ocr_line' id='line_1_29' title="bbox 550 3515 3033 3583; baseline 0.001 -18"><span class='ocrx_word' id='word_1_268' title='bbox 550 3516 759 3565; x_wconf 81' lang='lat' dir='ltr'><strong>ritatem</strong></span> <span class='ocrx_word' id='word_1_269' title='bbox 796 3530 903 3581; x_wconf 81' lang='lat' dir='ltr'><strong>qua</strong></span> <span class='ocrx_word' id='word_1_270' title='bbox 936 3517 991 3565; x_wconf 90' lang='lat' dir='ltr'><strong>in</strong></span> <span class='ocrx_word' id='word_1_271' title='bbox 1030 3515 1270 3566; x_wconf 88' lang='lat' dir='ltr'><strong>docendo</strong></span> <span class='ocrx_word' id='word_1_272' title='bbox 1308 3522 1461 3582; x_wconf 80' lang='lat' dir='ltr'><strong>agat,</strong></span> <span class='ocrx_word' id='word_1_273' title='bbox 1516 3518 1782 3568; x_wconf 90' lang='lat' dir='ltr'><strong>neminem</strong></span> <span class='ocrx_word' id='word_1_274' title='bbox 1835 3518 1952 3583; x_wconf 91' lang='lat' dir='ltr'><strong>ipso</strong></span> <span class='ocrx_word' id='word_1_275' title='bbox 2009 3518 2079 3567; x_wconf 86' lang='lat' dir='ltr'><strong>ad</strong></span> <span class='ocrx_word' id='word_1_276' title='bbox 2127 3516 2230 3567; x_wconf 87' lang='lat' dir='ltr'><strong>hoc</strong></span> <span class='ocrx_word' id='word_1_277' title='bbox 2281 3533 2476 3567; x_wconf 89' lang='lat' dir='ltr'><strong>munus</strong></span> <span class='ocrx_word' id='word_1_278' title='bbox 2529 3519 2702 3583; x_wconf 81' lang='lat' dir='ltr'><strong>magis</strong></span> <span class='ocrx_word' id='word_1_279' title='bbox 2756 3518 3033 3579; x_wconf 76' lang='lat' dir='ltr'><strong>idoneum3</strong></span> 
     </span>
     <span class='ocr_line' id='line_1_30' title="bbox 548 3601 3034 3670; baseline 0.001 -20"><span class='ocrx_word' id='word_1_280' title='bbox 548 3616 721 3668; x_wconf 89' lang='lat' dir='ltr'><strong>neque</strong></span> <span class='ocrx_word' id='word_1_281' title='bbox 758 3601 898 3652; x_wconf 79' lang='lat' dir='ltr'><strong>hanc</strong></span> <span class='ocrx_word' id='word_1_282' title='bbox 934 3618 1053 3654; x_wconf 90' lang='lat' dir='ltr'><strong>esse</strong></span> <span class='ocrx_word' id='word_1_283' title='bbox 1089 3609 1257 3654; x_wconf 84' lang='lat' dir='ltr'><strong>semet</strong></span> <span class='ocrx_word' id='word_1_284' title='bbox 1292 3604 1604 3655; x_wconf 80' lang='lat' dir='ltr'><strong>admirantis</strong></span> <span class='ocrx_word' id='word_1_285' title='bbox 1640 3605 1958 3669; x_wconf 80' lang='lat' dir='ltr'><strong>vanitatem3</strong></span> <span class='ocrx_word' id='word_1_286' title='bbox 1999 3620 2120 3655; x_wconf 89' lang='lat' dir='ltr'><strong>cum</strong></span> <span class='ocrx_word' id='word_1_287' title='bbox 2157 3605 2293 3655; x_wconf 88' lang='lat' dir='ltr'><strong>bene</strong></span> <span class='ocrx_word' id='word_1_288' title='bbox 2327 3605 2486 3667; x_wconf 75' lang='lat' dir='ltr'><strong>norit,</strong></span> <span class='ocrx_word' id='word_1_289' title='bbox 2525 3605 2570 3655; x_wconf 88' lang='lat' dir='ltr'><strong>si</strong></span> <span class='ocrx_word' id='word_1_290' title='bbox 2607 3604 2734 3670; x_wconf 87' lang='lat' dir='ltr'><strong>quid</strong></span> <span class='ocrx_word' id='word_1_291' title='bbox 2757 3607 2938 3670; x_wconf 85' lang='lat' dir='ltr'><strong>possit,</strong></span> <span class='ocrx_word' id='word_1_292' title='bbox 2979 3603 3034 3653; x_wconf 86' lang='lat' dir='ltr'><strong>id</strong></span> 
     </span>
     <span class='ocr_line' id='line_1_31' title="bbox 547 3690 3034 3755; baseline 0.001 -18"><span class='ocrx_word' id='word_1_293' title='bbox 547 3700 605 3739; x_wconf 89' lang='lat' dir='ltr'><strong>se</strong></span> <span class='ocrx_word' id='word_1_294' title='bbox 642 3704 739 3754; x_wconf 87' lang='lat' dir='ltr'><strong>per</strong></span> <span class='ocrx_word' id='word_1_295' title='bbox 771 3690 945 3739; x_wconf 88' lang='lat' dir='ltr'><strong>Deum</strong></span> <span class='ocrx_word' id='word_1_296' title='bbox 982 3704 1155 3755; x_wconf 90' lang='lat' dir='ltr'><strong>posse.</strong></span> <span class='ocrx_word' id='word_1_297' title='bbox 1194 3691 1242 3751; x_wconf 79' lang='lat'><strong>2,</strong></span> <span class='ocrx_word' id='word_1_298' title='bbox 1272 3692 1457 3752; x_wconf 81' lang='grc'><strong>14-3,</strong></span> <span class='ocrx_word' id='word_1_299' title='bbox 1484 3692 1531 3741; x_wconf 87' lang='grc'><strong>6.</strong></span> <span class='ocrx_word' id='word_1_300' title='bbox 1592 3692 1635 3755; x_wconf 79' lang='lat'><strong>⁴)</strong></span> <span class='ocrx_word' id='word_1_301' title='bbox 1674 3693 1722 3753; x_wconf 88' lang='grc'><strong>3,</strong></span> <span class='ocrx_word' id='word_1_302' title='bbox 1751 3692 1936 3741; x_wconf 80' lang='lat'><strong>7-18.</strong></span> <span class='ocrx_word' id='word_1_303' title='bbox 1999 3692 2039 3755; x_wconf 83' lang='lat'><strong>⁵)</strong></span> <span class='ocrx_word' id='word_1_304' title='bbox 2076 3693 2127 3754; x_wconf 81' lang='lat'><strong>4,</strong></span> <span class='ocrx_word' id='word_1_305' title='bbox 2157 3692 2306 3741; x_wconf 85' lang='grc'><strong>1-7.</strong></span> <span class='ocrx_word' id='word_1_306' title='bbox 2357 3691 2616 3751; x_wconf 82' lang='lat' dir='ltr'><strong>Quamvis</strong></span> <span class='ocrx_word' id='word_1_307' title='bbox 2649 3698 2826 3741; x_wconf 84' lang='lat' dir='ltr'><strong>autem</strong></span> <span class='ocrx_word' id='word_1_308' title='bbox 2863 3690 3034 3741; x_wconf 78' lang='lat' dir='ltr'><strong>mults</strong></span> 
     </span>
     <span class='ocr_line' id='line_1_32' title="bbox 546 3776 3037 3843; baseline -0 -18"><span class='ocrx_word' id='word_1_309' title='bbox 546 3776 781 3840; x_wconf 79' lang='lat' dir='ltr'><strong>patiatur</strong></span> <span class='ocrx_word' id='word_1_310' title='bbox 817 3776 1060 3838; x_wconf 82' lang='lat' dir='ltr'><strong>adversa,</strong></span> <span class='ocrx_word' id='word_1_311' title='bbox 1100 3790 1311 3842; x_wconf 86' lang='lat' dir='ltr'><strong>semper</strong></span> <span class='ocrx_word' id='word_1_312' title='bbox 1346 3782 1525 3827; x_wconf 77' lang='lat' dir='ltr'><strong>tamen</strong></span> <span class='ocrx_word' id='word_1_313' title='bbox 1560 3776 1799 3828; x_wconf 82' lang='lat' dir='ltr'><strong>divinum</strong></span> <span class='ocrx_word' id='word_1_314' title='bbox 1835 3794 1894 3829; x_wconf 89' lang='lat' dir='ltr'><strong>se</strong></span> <span class='ocrx_word' id='word_1_315' title='bbox 1931 3778 2158 3843; x_wconf 87' lang='lat' dir='ltr'><strong>experiri</strong></span> <span class='ocrx_word' id='word_1_316' title='bbox 2195 3778 2565 3843; x_wconf 77' lang='lat' dir='ltr'><strong>patrocinium.</strong></span> <span class='ocrx_word' id='word_1_317' title='bbox 2621 3776 2860 3843; x_wconf 84' lang='lat' dir='ltr'><strong>Cumque</strong></span> <span class='ocrx_word' id='word_1_318' title='bbox 2895 3778 3037 3825; x_wconf 71' lang='lat' dir='ltr'><strong>seint</strong></span> 
     </span>
     <span class='ocr_line' id='line_1_33' title="bbox 546 3862 3038 3930; baseline 0 -19"><span class='ocrx_word' id='word_1_319' title='bbox 546 3876 579 3911; x_wconf 79' lang='lat' dir='ltr'><strong>a</strong></span> <span class='ocrx_word' id='word_1_320' title='bbox 616 3864 733 3912; x_wconf 91' lang='lat' dir='ltr'><strong>Deo</strong></span> <span class='ocrx_word' id='word_1_321' title='bbox 770 3878 829 3913; x_wconf 90' lang='lat' dir='ltr'><strong>se</strong></span> <span class='ocrx_word' id='word_1_322' title='bbox 864 3863 1167 3926; x_wconf 86' lang='lat' dir='ltr'><strong>sustentari,</strong></span> <span class='ocrx_word' id='word_1_323' title='bbox 1206 3878 1313 3929; x_wconf 93' lang='lat' dir='ltr'><strong>quo</strong></span> <span class='ocrx_word' id='word_1_324' title='bbox 1348 3862 1546 3913; x_wconf 87' lang='lat' dir='ltr'><strong>diutius</strong></span> <span class='ocrx_word' id='word_1_325' title='bbox 1584 3864 1874 3914; x_wconf 87' lang='lat' dir='ltr'><strong>commodis</strong></span> <span class='ocrx_word' id='word_1_326' title='bbox 1913 3864 2304 3913; x_wconf 78' lang='lat' dir='ltr'><strong>Corinthiorum</strong></span> <span class='ocrx_word' id='word_1_327' title='bbox 2340 3866 2511 3930; x_wconf 84' lang='lat' dir='ltr'><strong>possit</strong></span> <span class='ocrx_word' id='word_1_328' title='bbox 2547 3866 2777 3927; x_wconf 81' lang='lat' dir='ltr'><strong>servire,</strong></span> <span class='ocrx_word' id='word_1_329' title='bbox 2819 3865 2940 3913; x_wconf 73' lang='lat' dir='ltr'><strong>item</strong></span> <span class='ocrx_word' id='word_1_330' title='bbox 2981 3868 3038 3911; x_wconf 84' lang='lat' dir='ltr'><strong>et</strong></span> 
     </span>
     <span class='ocr_line' id='line_1_34' title="bbox 542 3947 3028 4013; baseline 0 -17"><span class='ocrx_word' id='word_1_331' title='bbox 542 3947 689 3999; x_wconf 83' lang='lat' dir='ltr'><strong>leves</strong></span> <span class='ocrx_word' id='word_1_332' title='bbox 724 3962 1009 3999; x_wconf 79' lang='lat' dir='ltr'><strong>aerumnas</strong></span> <span class='ocrx_word' id='word_1_333' title='bbox 1045 3954 1317 3999; x_wconf 78' lang='lat' dir='ltr'><strong>aeternam</strong></span> <span class='ocrx_word' id='word_1_334' title='bbox 1352 3964 1569 3999; x_wconf 81' lang='lat' dir='ltr'><strong>manere</strong></span> <span class='ocrx_word' id='word_1_335' title='bbox 1604 3949 1941 4013; x_wconf 76' lang='lat' dir='ltr'><strong>felicitatem3</strong></span> <span class='ocrx_word' id='word_1_336' title='bbox 1982 3950 2316 4000; x_wconf 79' lang='lat' dir='ltr'><strong>continenter</strong></span> <span class='ocrx_word' id='word_1_337' title='bbox 2350 3949 2540 4001; x_wconf 85' lang='lat' dir='ltr'><strong>ardere</strong></span> <span class='ocrx_word' id='word_1_338' title='bbox 2577 3966 2636 4000; x_wconf 87' lang='lat' dir='ltr'><strong>se</strong></span> <span class='ocrx_word' id='word_1_339' title='bbox 2675 3950 2932 4001; x_wconf 85' lang='lat' dir='ltr'><strong>desiderio</strong></span> <span class='ocrx_word' id='word_1_340' title='bbox 2971 3951 3028 3999; x_wconf 91' lang='lat' dir='ltr'><strong>in</strong></span> 
     </span>
     <span class='ocr_line' id='line_1_35' title="bbox 544 4034 3032 4103; baseline -0 -18"><span class='ocrx_word' id='word_1_341' title='bbox 544 4036 771 4100; x_wconf 79' lang='lat' dir='ltr'><strong>patriam</strong></span> <span class='ocrx_word' id='word_1_342' title='bbox 797 4034 1071 4085; x_wconf 86' lang='lat' dir='ltr'><strong>redeundi.</strong></span> <span class='ocrx_word' id='word_1_343' title='bbox 1121 4036 1239 4096; x_wconf 85' lang='lat' dir='ltr'><strong>Quo</strong></span> <span class='ocrx_word' id='word_1_344' title='bbox 1278 4036 1424 4085; x_wconf 83' lang='lat' dir='ltr'><strong>circa</strong></span> <span class='ocrx_word' id='word_1_345' title='bbox 1446 4041 1501 4087; x_wconf 85' lang='lat' dir='ltr'><strong>et</strong></span> <span class='ocrx_word' id='word_1_346' title='bbox 1524 4038 1695 4087; x_wconf 85' lang='lat' dir='ltr'><strong>anniti</strong></span> <span class='ocrx_word' id='word_1_347' title='bbox 1724 4039 1804 4087; x_wconf 87' lang='lat' dir='ltr'><strong>ita</strong></span> <span class='ocrx_word' id='word_1_348' title='bbox 1827 4038 2022 4099; x_wconf 81' lang='lat' dir='ltr'><strong>vivere,</strong></span> <span class='ocrx_word' id='word_1_349' title='bbox 2061 4042 2122 4086; x_wconf 89' lang='lat' dir='ltr'><strong>ut</strong></span> <span class='ocrx_word' id='word_1_350' title='bbox 2143 4052 2264 4087; x_wconf 85' lang='lat' dir='ltr'><strong>eum</strong></span> <span class='ocrx_word' id='word_1_351' title='bbox 2301 4038 2438 4087; x_wconf 84' lang='lat' dir='ltr'><strong>ratio</strong></span> <span class='ocrx_word' id='word_1_352' title='bbox 2475 4037 2766 4103; x_wconf 80' lang='lat' dir='ltr'><strong>aliquando</strong></span> <span class='ocrx_word' id='word_1_353' title='bbox 2801 4036 3032 4085; x_wconf 85' lang='lat' dir='ltr'><strong>Domino</strong></span> 
     </span>
     <span class='ocr_line' id='line_1_36' title="bbox 545 4121 3030 4189; baseline 0 -18"><span class='ocrx_word' id='word_1_354' title='bbox 545 4124 613 4171; x_wconf 89' lang='lat' dir='ltr'><strong>sit</strong></span> <span class='ocrx_word' id='word_1_355' title='bbox 650 4121 936 4184; x_wconf 82' lang='lat' dir='ltr'><strong>reddenda,</strong></span> <span class='ocrx_word' id='word_1_356' title='bbox 984 4136 1171 4173; x_wconf 87' lang='lat' dir='ltr'><strong>cursus</strong></span> <span class='ocrx_word' id='word_1_357' title='bbox 1216 4123 1360 4171; x_wconf 80' lang='lat' dir='ltr'><strong>vitae</strong></span> <span class='ocrx_word' id='word_1_358' title='bbox 1397 4123 1447 4171; x_wconf 88' lang='lat' dir='ltr'><strong>ei</strong></span> <span class='ocrx_word' id='word_1_359' title='bbox 1491 4124 1762 4189; x_wconf 88' lang='lat' dir='ltr'><strong>probetur.</strong></span> <span class='ocrx_word' id='word_1_360' title='bbox 1823 4126 1872 4187; x_wconf 82' lang='lat'><strong>4,</strong></span> <span class='ocrx_word' id='word_1_361' title='bbox 1912 4124 2065 4186; x_wconf 85' lang='lat'>8—5‚</span> <span class='ocrx_word' id='word_1_362' title='bbox 2107 4126 2186 4174; x_wconf 84' lang='lat'><strong>10.</strong></span> <span class='ocrx_word' id='word_1_363' title='bbox 2238 4122 2320 4173; x_wconf 84' lang='lat' dir='ltr'><strong>Of.</strong></span> <span class='ocrx_word' id='word_1_364' title='bbox 2359 4123 2429 4174; x_wconf 80' lang='lat' dir='ltr'><strong>ad</strong></span> <span class='ocrx_word' id='word_1_365' title='bbox 2465 4123 2516 4174; x_wconf 91' lang='lat' dir='ltr'><strong>h.</strong></span> <span class='ocrx_word' id='word_1_366' title='bbox 2557 4124 2592 4175; x_wconf 91' lang='lat' dir='ltr'><strong>l.</strong></span> <span class='ocrx_word' id='word_1_367' title='bbox 2630 4122 2918 4185; x_wconf 64' lang='grc' dir='ltr'>Ὲήωοίιο,</span> <span class='ocrx_word' id='word_1_368' title='bbox 2961 4122 3030 4171; x_wconf 84' lang='lat' dir='ltr'><strong>de</strong></span> 
     </span>
     <span class='ocr_line' id='line_1_37' title="bbox 544 4208 3031 4276; baseline 0.001 -19"><span class='ocrx_word' id='word_1_369' title='bbox 544 4208 815 4259; x_wconf 88' lang='lat' dir='ltr'><strong>nonnullis</strong></span> <span class='ocrx_word' id='word_1_370' title='bbox 852 4213 989 4273; x_wconf 86' lang='lat' dir='ltr'><strong>post.</strong></span> <span class='ocrx_word' id='word_1_371' title='bbox 1026 4208 1181 4259; x_wconf 82' lang='lat' dir='ltr'><strong>Paul.</strong></span> <span class='ocrx_word' id='word_1_372' title='bbox 1218 4208 1287 4258; x_wconf 81' lang='lat' dir='ltr'><strong>ad</strong></span> <span class='ocrx_word' id='word_1_373' title='bbox 1325 4208 1445 4259; x_wconf 83' lang='lat' dir='ltr'><strong>Cor.</strong></span> <span class='ocrx_word' id='word_1_374' title='bbox 1484 4224 1569 4275; x_wconf 88' lang='lat' dir='ltr'><strong>ep.</strong></span> <span class='ocrx_word' id='word_1_375' title='bbox 1606 4209 1708 4260; x_wconf 90' lang='lat' dir='ltr'><strong>loc.</strong></span> <span class='ocrx_word' id='word_1_376' title='bbox 1747 4210 1871 4261; x_wconf 85' lang='lat' dir='ltr'><strong>diss.</strong></span> <span class='ocrx_word' id='word_1_377' title='bbox 1908 4211 1953 4259; x_wconf 91' lang='lat'><strong>1.</strong></span> <span class='ocrx_word' id='word_1_378' title='bbox 1991 4212 2139 4276; x_wconf 86' lang='lat' dir='ltr'><strong>Lips.</strong></span> <span class='ocrx_word' id='word_1_379' title='bbox 2177 4212 2327 4261; x_wconf 77' lang='lat'><strong>1823.</strong></span> <span class='ocrx_word' id='word_1_380' title='bbox 2373 4227 2426 4276; x_wconf 91' lang='lat' dir='ltr'><strong>p.</strong></span> <span class='ocrx_word' id='word_1_381' title='bbox 2461 4212 2548 4261; x_wconf 75' lang='lat'><strong>4⁷.</strong></span> <span class='ocrx_word' id='word_1_382' title='bbox 2609 4210 2662 4262; x_wconf 86' lang='lat' dir='ltr'><strong>J.</strong></span> <span class='ocrx_word' id='word_1_383' title='bbox 2701 4210 2762 4261; x_wconf 82' lang='lat' dir='ltr'><strong>F.</strong></span> <span class='ocrx_word' id='word_1_384' title='bbox 2801 4210 3031 4269; x_wconf 74' lang='lat' dir='ltr'><strong>Kranae,</strong></span> 
     </span>
     <span class='ocr_line' id='line_1_38' title="bbox 552 4294 3031 4361; baseline 0.001 -18"><span class='ocrx_word' id='word_1_385' title='bbox 552 4294 819 4345; x_wconf 78' lang='lat' dir='ltr'><strong>animadv.</strong></span> <span class='ocrx_word' id='word_1_386' title='bbox 852 4296 911 4345; x_wconf 89' lang='lat' dir='ltr'><strong>in</strong></span> <span class='ocrx_word' id='word_1_387' title='bbox 940 4295 1015 4345; x_wconf 93' lang='grc' dir='ltr'><strong>ΙΙ.</strong></span> <span class='ocrx_word' id='word_1_388' title='bbox 1050 4311 1133 4361; x_wconf 89' lang='lat' dir='ltr'><strong>ep.</strong></span> <span class='ocrx_word' id='word_1_389' title='bbox 1167 4294 1237 4345; x_wconf 78' lang='lat' dir='ltr'><strong>ad</strong></span> <span class='ocrx_word' id='word_1_390' title='bbox 1270 4294 1391 4345; x_wconf 90' lang='lat' dir='ltr'><strong>Cor.</strong></span> <span class='ocrx_word' id='word_1_391' title='bbox 1425 4296 1662 4361; x_wconf 80' lang='lat' dir='ltr'><strong>Regiom.</strong></span> <span class='ocrx_word' id='word_1_392' title='bbox 1701 4299 1852 4348; x_wconf 80' lang='grc'><strong>1-6.</strong></span> <span class='ocrx_word' id='word_1_393' title='bbox 1884 4299 2174 4347; x_wconf 81' lang='lat'><strong>1815—18.</strong></span> <span class='ocrx_word' id='word_1_394' title='bbox 2207 4296 2287 4347; x_wconf 90' lang='lat' dir='ltr'><strong>Id.</strong></span> <span class='ocrx_word' id='word_1_395' title='bbox 2322 4303 2503 4348; x_wconf 79' lang='lat' dir='ltr'><strong>annot.</strong></span> <span class='ocrx_word' id='word_1_396' title='bbox 2535 4298 2622 4347; x_wconf 78' lang='lat' dir='ltr'><strong>ad.</strong></span> <span class='ocrx_word' id='word_1_397' title='bbox 2647 4315 2698 4348; x_wconf 82' lang='lat' dir='ltr'><strong>v.</strong></span> <span class='ocrx_word' id='word_1_398' title='bbox 2723 4298 2782 4347; x_wconf 84' lang='lat' dir='ltr'><strong>P.</strong></span> <span class='ocrx_word' id='word_1_399' title='bbox 2803 4296 2871 4344; x_wconf 88' lang='grc' dir='ltr'><strong>Π.</strong></span> <span class='ocrx_word' id='word_1_400' title='bbox 2899 4294 3031 4345; x_wconf 85' lang='lat' dir='ltr'><strong>Cor.</strong></span> 
     </span>
     <span class='ocr_line' id='line_1_39' title="bbox 547 4380 3032 4446; baseline 0 -17"><span class='ocrx_word' id='word_1_401' title='bbox 547 4382 595 4443; x_wconf 80' lang='lat'><strong>5,</strong></span> <span class='ocrx_word' id='word_1_402' title='bbox 622 4382 671 4432; x_wconf 84' lang='lat'><strong>2.</strong></span> <span class='ocrx_word' id='word_1_403' title='bbox 707 4380 845 4431; x_wconf 79' lang='lat' dir='ltr'><strong>Tub.</strong></span> <span class='ocrx_word' id='word_1_404' title='bbox 885 4383 1063 4445; x_wconf 56' lang='lat'><strong>1817„</strong></span> <span class='ocrx_word' id='word_1_405' title='bbox 1084 4382 1137 4432; x_wconf 85' lang='lat' dir='ltr'><strong>J.</strong></span> <span class='ocrx_word' id='word_1_406' title='bbox 1174 4381 1268 4431; x_wconf 88' lang='lat' dir='ltr'><strong>Ph.</strong></span> <span class='ocrx_word' id='word_1_407' title='bbox 1306 4380 1519 4444; x_wconf 89' lang='lat' dir='ltr'><strong>Gabler,</strong></span> <span class='ocrx_word' id='word_1_408' title='bbox 1554 4398 1679 4433; x_wconf 85' lang='lat' dir='ltr'><strong>nov.</strong></span> <span class='ocrx_word' id='word_1_409' title='bbox 1715 4398 1876 4433; x_wconf 84' lang='lat' dir='ltr'><strong>curae</strong></span> <span class='ocrx_word' id='word_1_410' title='bbox 1909 4385 1966 4434; x_wconf 89' lang='lat' dir='ltr'><strong>in</strong></span> <span class='ocrx_word' id='word_1_411' title='bbox 1998 4383 2067 4433; x_wconf 91' lang='lat'><strong>11.</strong></span> <span class='ocrx_word' id='word_1_412' title='bbox 2107 4382 2229 4433; x_wconf 88' lang='lat' dir='ltr'><strong>Cor.</strong></span> <span class='ocrx_word' id='word_1_413' title='bbox 2263 4386 2314 4446; x_wconf 84' lang='lat'><strong>5,</strong></span> <span class='ocrx_word' id='word_1_414' title='bbox 2350 4385 2571 4435; x_wconf 76' lang='lat'><strong>14—21.</strong></span> <span class='ocrx_word' id='word_1_415' title='bbox 2619 4384 2739 4435; x_wconf 87' lang='lat' dir='ltr'><strong>Jen.</strong></span> <span class='ocrx_word' id='word_1_416' title='bbox 2774 4383 3032 4443; x_wconf 73' lang='lat'>18⁰5—7‚</span> 
     </span>
     <span class='ocr_line' id='line_1_40' title="bbox 548 4466 3032 4534; baseline 0.001 -19"><span class='ocrx_word' id='word_1_417' title='bbox 548 4466 595 4515; x_wconf 84' lang='lat' dir='ltr'>N</span> <span class='ocrx_word' id='word_1_418' title='bbox 600 4480 671 4516; x_wconf 91' lang='lat' dir='ltr'><strong>on</strong></span> <span class='ocrx_word' id='word_1_419' title='bbox 718 4466 839 4517; x_wconf 87' lang='lat' dir='ltr'><strong>ideo</strong></span> <span class='ocrx_word' id='word_1_420' title='bbox 887 4472 1063 4519; x_wconf 84' lang='lat' dir='ltr'><strong>tamen</strong></span> <span class='ocrx_word' id='word_1_421' title='bbox 1114 4468 1249 4518; x_wconf 81' lang='lat' dir='ltr'><strong>haec</strong></span> <span class='ocrx_word' id='word_1_422' title='bbox 1284 4468 1453 4519; x_wconf 78' lang='lat' dir='ltr'><strong>fusius</strong></span> <span class='ocrx_word' id='word_1_423' title='bbox 1502 4470 1966 4520; x_wconf 80' lang='lat' dir='ltr'><strong>commemorando</strong></span> <span class='ocrx_word' id='word_1_424' title='bbox 2015 4470 2116 4520; x_wconf 90' lang='lat' dir='ltr'><strong>sibi</strong></span> <span class='ocrx_word' id='word_1_425' title='bbox 2165 4468 2450 4521; x_wconf 79' lang='lat' dir='ltr'><strong>humanam</strong></span> <span class='ocrx_word' id='word_1_426' title='bbox 2495 4470 2706 4521; x_wconf 79' lang='lat' dir='ltr'><strong>laudem</strong></span> <span class='ocrx_word' id='word_1_427' title='bbox 2749 4484 3032 4534; x_wconf 75' lang='lat' dir='ltr'><strong>arrogare3</strong></span> 
     </span>
     <span class='ocr_line' id='line_1_41' title="bbox 545 4551 3034 4620; baseline 0.001 -19"><span class='ocrx_word' id='word_1_428' title='bbox 545 4551 640 4601; x_wconf 86' lang='lat' dir='ltr'><strong>sed</strong></span> <span class='ocrx_word' id='word_1_429' title='bbox 685 4558 745 4599; x_wconf 86' lang='lat' dir='ltr'><strong>ut</strong></span> <span class='ocrx_word' id='word_1_430' title='bbox 792 4552 1026 4604; x_wconf 83' lang='lat' dir='ltr'><strong>habeant</strong></span> <span class='ocrx_word' id='word_1_431' title='bbox 1076 4554 1363 4617; x_wconf 83' lang='lat' dir='ltr'><strong>Corinthii,</strong></span> <span class='ocrx_word' id='word_1_432' title='bbox 1414 4554 1558 4620; x_wconf 90' lang='lat' dir='ltr'><strong>quod</strong></span> <span class='ocrx_word' id='word_1_433' title='bbox 1608 4555 1847 4606; x_wconf 89' lang='lat' dir='ltr'><strong>dicerent</strong></span> <span class='ocrx_word' id='word_1_434' title='bbox 1895 4562 2231 4607; x_wconf 77' lang='lat' dir='ltr'><strong>externarum</strong></span> <span class='ocrx_word' id='word_1_435' title='bbox 2277 4573 2452 4608; x_wconf 87' lang='lat' dir='ltr'><strong>rerum</strong></span> <span class='ocrx_word' id='word_1_436' title='bbox 2501 4558 2852 4607; x_wconf 83' lang='lat' dir='ltr'><strong>iactatoribus.</strong></span> <span class='ocrx_word' id='word_1_437' title='bbox 2915 4556 3034 4605; x_wconf 82' lang='lat' dir='ltr'><strong>Uni</strong></span> 
     </span>
    </p>
   </div>
  </div>
 </body>
</html>
