3267 5259
505 391 633 455 508
1244 404 1355 446 nist.
1391 404 1495 446 sev.
1526 404 1613 446 div.
1645 404 1812 446 Pei-iod.
1841 404 1898 445 11.
1921 415 2016 456 cap.
2045 404 2244 445 auarum.

717 582 802 635 An
837 583 1054 635 secunda
1090 590 1135 633 ct
1175 584 1324 634 tertia
1358 582 1563 652 epistola
1598 602 1633 633 s.
1661 583 1878 635 Joanm's
1911 600 2032 651 epm
2067 583 2204 633 sint!
2238 579 2306 630 de
2343 596 2406 629 eo
2445 579 2664 629 saeculo
2699 580 2856 629 tertio
2895 580 3002 629 iam

509 667 807 718 dubitatum
832 684 966 732 esse,
1004 669 1190 733 negari
1214 670 1417 735 nequit.
1442 670 1579 719 Esse
1604 673 1785 717 tamen
1812 667 1881 717 ab
1906 667 2258 732 Evangelista
2289 668 2520 733 scriptas
2553 667 2714 717 facile
2749 670 2902 732 patet
2937 682 3002 715 ex

506 754 773 805 scribendi
827 772 1023 820 genere
1059 763 1113 806 et
1150 756 1409 807 orationis
1456 754 1651 805 colore.
1709 755 1846 804 Nam
1891 750 2042 805 tanta
2085 760 2169 805 est
2213 759 2322 803 tam
2365 754 2421 803 in
2467 753 2680 819 lingua,
2737 769 2903 819 quam
2949 755 3004 803 in

507 842 683 903 rebus,
722 843 1122 905 convenientia3
1160 848 1222 892 ut
1244 842 1405 893 facile
1430 856 1784 907 agnoscamus
1817 847 2072 907 utrasque
2111 841 2366 907 epistolas
2403 842 2680 907 scriptoris
2715 840 3007 906 Evangelii

507 934 561 980 et
594 929 873 994 Epistulae
909 930 1109 995 primae
1150 944 1283 995 opus
1322 944 1456 980 esse.
1506 929 1790 978 Habentur
1827 930 1966 979 enim
2005 928 2191 979 eadem
2229 928 2416 989 verba,
2463 928 2684 977 eaedem
2723 928 3006 989 dictiones,

508 1015 726 1066 eaedem
774 1010 1046 1084 ἀνομαλίαι.
1104 1014 1385 1066 Secundae
1428 1016 1555 1065 licet
1588 1010 1916 1085 ὀλογιςτίχου,
1965 1016 2219 1065 tredecim
2257 1020 2594 1077 commatum,
2631 1030 2758 1065 cum
2792 1030 3003 1075 sensus,

504 1108 617 1152 tum
655 1104 804 1168 ipsae
843 1100 1003 1171 ῥήσεις
1041 1104 1379 1169 reperiuntur
1412 1104 1469 1153 in
1505 1104 1693 1168 prima.
1731 1102 1980 1167 Epistola
2015 1118 2142 1152 vero
2189 1104 2350 1152 tertia
2395 1102 2636 1151 eiusdem
2683 1106 2768 1151 est
2803 1102 3008 1167 ingenii

508 1196 563 1239 et
598 1189 923 1241 characteris
970 1207 1089 1241 cum
1136 1191 1391 1240 secunda.
1457 1192 1638 1241 Pietas
1675 1206 1782 1239 non
1822 1190 2034 1255 patitur,
2085 1195 2146 1239 ut
2193 1189 2472 1239 credamus
2527 1189 2768 1254 aliquem
2823 1188 3006 1248 alium,

506 1276 667 1326 hodie
712 1279 966 1343 ignotum,
1014 1293 1298 1344 personam
1335 1294 1377 1327 s.
1412 1278 1640 1327 Joannis
1684 1277 1950 1342 induiss03
1997 1282 2058 1329 ut
2099 1278 2204 1326 sibi
2251 1278 2624 1327 auctoritatem
2671 1276 3006 1325 conciliaret.

506 1364 729 1415 Accedit
753 1366 913 1431 longe
938 1366 1242 1429 generalior
1266 1381 1557 1416 consensus
1582 1366 1881 1428 Ecclesiae,
1907 1382 1948 1415 s.
1973 1366 2034 1415 P.
2057 1366 2116 1415 P.
2141 1370 2196 1414 et
2219 1364 2272 1415 S.
2297 1365 2361 1414 Ε.
2389 1364 2648 1430 epistolas
2672 1363 2774 1413 has
2798 1363 3006 1413 Joanni

508 1452 761 1518 Apostolo
798 1453 1161 1503 tribuentium.
1219 1453 1374 1503 Licet
1409 1459 1585 1503 autem
1622 1453 1878 1503 Veterum
1914 1452 2158 1503 nonnulli
2207 1450 2546 1513 „Seniorem“
2581 1478 2648 1487 --
2674 1446 2703 1499 ὃ
2741 1447 3008 1517 πρεσβῦτε-

508 1556 607 1609 ρος,
647 1569 713 1577 -
750 1542 903 1590 cuins
949 1540 1311 1606 adpellatione
1356 1546 1703 1607 praenotatur
1739 1539 1926 1591 titulus
1971 1540 2052 1589 his
2101 1539 2356 1605 epistolis,
2411 1539 2576 1589 alium
2631 1538 2902 1587 haberent
2937 1538 3008 1587 ab

507 1627 792 1693 Apost0103
830 1628 1175 1694 plurimorum
1213 1633 1393 1677 tamen
1428 1628 1790 1677 testimonium
1828 1626 1932 1675 fide
1970 1626 2182 1691 dignum
2221 1625 2458 1691 impedit,
2497 1642 2606 1691 quo
2631 1626 2810 1674 minus
2851 1624 3006 1673 dubi-

510 1722 679 1766 temus
734 1716 800 1766 de
845 1714 1030 1765 harum
1084 1714 1359 1765 literarum
1413 1710 1650 1764 αὖθεντία.
1711 1712 1768 1762 Si
1818 1713 2064 1763 daremus
2111 1713 2246 1763 duos
2291 1713 2434 1762 viros
2481 1712 2720 1761 eiusdem
2771 1712 3009 1761 nominis

508 1804 791 1865 exstitisse,
830 1818 895 1852 ex
920 1818 983 1851 eo
1010 1808 1189 1852 tamen
1214 1818 1323 1851 non
1358 1806 1693 1867 sequeretur,
1718 1801 1984 1851 Joannem
2018 1801 2390 1867 presbyterum
2425 1799 2650 1849 alteram
2677 1800 3010 1863 tertiamque

508 1890 791 1955 epistolam
827 1904 1093 1940 exarasse.
1147 1889 1349 1939 Contra
1385 1888 1631 1939 omnibus
1670 1890 1768 1937 rite
1806 1889 2086 1953 perpensis
2121 1888 2306 1953 liquet,
2343 1888 2514 1953 ipsam
2551 1885 2694 1935 hanc
2729 1886 2820 1934 τοῦ
2857 1901 3008 1951 apso·

510 1973 709 2043 βυτέρου
735 1978 1133 2042 inscriptionem
1167 1976 1359 2026 docere
1386 1993 1427 2027 s.
1454 1976 1720 2026 Joannem
1756 1975 1856 2040 Ap.
1889 1974 2010 2024 illas
2037 1976 2326 2041 scripsisse.
2355 1976 2534 2037 Quare
2559 1974 2702 2023 enim
2749 1988 3008 2039 suppres-

509 2066 643 2115 sisse
668 2064 965 2114 censendus
993 2069 1135 2115 esset
1158 2064 1399 2113 Joannes
1424 2064 1704 2129 presbyter
1729 2078 1924 2113 nomen
1947 2065 2134 2113 suum?
2167 2062 2268 2112 Ille
2295 2064 2436 2111 enim
2459 2078 2570 2112 non
2596 2078 2692 2127 pro
2719 2061 2844 2111 aliis
2869 2076 3007 2111 suae

509 2153 700 2201 aetatis
736 2152 863 2201 viris
902 2157 1015 2202 erat
1052 2146 1078 2199 ὁ
1112 2148 1452 2218 πρεσβύτερος,
1491 2156 1585 2201 aut
1621 2156 1799 2200 aetate
1837 2156 1932 2199 aut
1965 2165 2197 2200 munere.
2256 2148 2362 2199 Sed
2398 2149 2770 2215 Evangelista,
2807 2149 3009 2198 unicus

509 2256 539 2288 e
564 2238 699 2289 Jesu
725 2238 783 2287 C.
810 2238 1080 2305 Apostolis
1107 2243 1393 2304 superstes,
1433 2244 1488 2288 et
1523 2238 1593 2287 ad
1630 2242 1918 2287 extremam
1958 2252 2128 2302 usque
2165 2242 2492 2287 senectutem
2533 2238 2862 2302 pertingens,
2896 2234 3010 2285 hoc

507 2326 721 2375 nomine
759 2326 1033 2376 commode
1070 2341 1129 2375 se
1164 2341 1358 2375 vocare
1394 2326 1584 2390 potuit.
1634 2324 2002 2375 Conveniebat
2038 2326 2196 2373 etiam
2233 2325 2404 2389 magis
2441 2324 2691 2374 familiari
2728 2324 3010 2375 scribendi

508 2414 725 2475 rationi,
774 2413 917 2479 quod
965 2428 1127 2463 senex
1174 2430 1215 2463 s.
1252 2412 1493 2462 Joaunes
1542 2428 1660 2461 sese
1709 2412 1810 2461 hoc
1865 2427 2026 2461 sensu
2063 2405 2145 2461 τὸν
2179 2408 2504 2478 πρεσβύτερον
2553 2411 2720 2470 dicat,
2771 2412 2916 2461 sicut
2953 2411 3012 2461 d.

507 2500 709 2551 Paulus
765 2514 929 2566 agens
979 2515 1099 2550 cum
1147 2500 1457 2549 Philemone
1506 2517 1557 2549 v.
1608 2502 1658 2549 9.
1707 2515 1886 2549 senem
1935 2514 1992 2548 se
2041 2499 2294 2548 nominat.
2353 2497 2539 2547 Valuit
2585 2498 2820 2563 denique
2869 2497 3012 2548 haec

508 2587 799 2653 adpellatio
826 2588 895 2637 ad
922 2586 1313 2638 conciliandam
1347 2586 1794 2637 benevolentiam.
1833 2586 1934 2635 His
1972 2586 2038 2635 de
2063 2585 2240 2635 causis
2268 2590 2410 2635 recte
2437 2585 2487 2635 d.
2514 2585 2714 2635 Joanni
2740 2584 3008 2650 Apostolo

508 2675 751 2726 secunda
786 2690 1000 2740 quoque
1038 2690 1157 2725 cum
1195 2676 1353 2725 tertia
1388 2674 1711 2725 adscribitur
1747 2672 1989 2739 epistola.

717 2764 981 2831 Diqrem'o,
1007 2780 1109 2832 qua
1132 2764 1420 2815 eaehibentur
1456 2760 1879 2830 Ἐνεργήματα
1915 2766 1968 2810 et
2001 2758 2366 2828 Χαρίσματα
2399 2760 2652 2813 Ecclesiae
2675 2762 3008 2831 Apostolioue.

509 2851 593 2899 Ex
619 2850 857 2916 epistolis
882 2849 1257 2915 Apostolorum
1293 2849 1589 2913 intelligere
1625 2865 1926 2915 possumus,
1966 2854 2097 2915 quot
2131 2862 2330 2913 genera
2365 2854 2546 2898 essent
2577 2848 2870 2909 hominum,
2910 2850 3006 2912 qui

511 2938 767 2987 coelestia
804 2937 946 2987 dona
983 2937 1051 2985 ad
1089 2936 1511 2987 aedificationem
1556 2938 1827 2987 nascentis
1863 2936 2146 2986 Ecclesiae
2183 2941 2534 3001 acceperant3
2589 2950 2730 3001 quae
2767 2935 3008 2985 breviter

510 3023 777 3089 explicare
814 3028 1025 3089 praeter
1060 3040 1169 3073 rem
1208 3023 1260 3072 11.
1296 3023 1331 3072 l.
1368 3038 1478 3073 non
1528 3025 1642 3086 erit,
1693 3040 1811 3073 cnm
1863 3023 2120 3074 eiusmodi
2157 3022 2458 3089 disquisitio
2497 3022 2566 3073 ad
2606 3022 2900 3071 Historiam
2937 3022 3004 3071 R.

506 3112 575 3161 D.
614 3111 677 3160 N.
715 3111 776 3160 T.
814 3110 901 3160 vel
936 3111 1163 3159 maxime
1192 3112 1473 3175 pertineat.
1510 3110 1672 3161 Dona
1703 3112 1852 3161 varia
1887 3110 2324 3171 extraordinaria,
2363 3124 2504 3175 quae
2529 3110 2680 3160 Deus
2713 3110 3003 3174 primaevis

508 3197 755 3248 fidelibus
788 3196 1103 3259 contulerat,
1139 3197 1301 3262 idque
1326 3202 1387 3247 ut
1411 3198 1623 3247 facilius
1649 3197 1943 3247 doctrinam
1969 3212 2120 3248 suam
2145 3202 2532 3263 propagarent,
2572 3196 2708 3245 duce
2740 3196 3000 3261 Apostolo

506 3287 549 3335 Ι.
577 3285 698 3335 Cor.
737 3288 817 3347 12,
852 3288 899 3335 9.
940 3287 1019 3335 10.
1057 3289 1201 3334 reete
1228 3284 1650 3349 distinguuntur:
1689 3286 1744 3333 in
1771 3281 2122 3353 ,,χαρίσματα“
2157 3284 2300 3335 dona
2335 3285 2558 3349 gratiae,
2585 3288 2640 3333 et
2663 3280 3003 3351 „sumpsi-2

506 3368 795 3441 δυνάμεων“
846 3373 1183 3438 operationes
1233 3372 1634 3435 miraculorum;
1689 3378 1914 3437 utraque
1966 3372 2311 3423 inservientia
2360 3372 2526 3420 variis
2573 3370 2884 3419 ministeriis
2931 3371 3002 3419 ad

505 3460 815 3521 utilitatem,
863 3452 1017 3525 „vt-pb<
1062 3452 1117 3507 τὸ
1154 3455 1464 3525 σῦμφερον“,
1502 3460 1882 3509 incrementum
1929 3458 2227 3509 Ecclesiae.
2288 3457 2370 3507 Ad
2417 3456 2813 3526 ,,ενεργήμ.ατα“,
2859 3472 2999 3523 quae

507 3546 751 3613 Apostoli
778 3552 831 3595 et
855 3544 1039 3595 fideles
1070 3550 1307 3611 tempore
1331 3547 1707 3613 Apostolorum
1735 3546 1919 3596 divina
1942 3548 2134 3597 virtute
2159 3545 2507 3611 peragebant,
2545 3546 2736 3595 merito
2761 3545 2999 3595 referun-

508 3639 617 3683 tur:
666 3633 875 3683 sanatio
925 3632 1274 3697 infirmorum3
1324 3635 1658 3683 resuscitatio
1708 3638 2058 3697 mortuorum;
2105 3633 2296 3698 plagae
2345 3634 2665 3682 severiores·
2687 3633 2866 3698 impiis
2908 3638 3004 3681 aut

510 3720 873 3785 pertinacibus
922 3720 1151 3786 Spiritus
1198 3722 1250 3770 S.
1286 3720 1605 3769 adversariis
1640 3720 1892 3781 inflictae,
1935 3719 2278 3769 liberationes
2313 3718 2658 3784 prodigiosae
2691 3720 2749 3768 in
2785 3720 3002 3769 casibus

507 3808 733 3857 maxime
759 3808 963 3871 dubiis3
991 3808 1277 3857 eiectiones
1303 3806 1638 3857 daemonum.
1691 3807 1842 3867 Quae
1869 3821 1986 3855 cum
2013 3807 2155 3855 omni
2181 3806 2496 3871 exceptione
2521 3806 2698 3855 maius
2721 3820 3000 3871 argumen-

506 3900 619 3945 tum
637 3895 837 3945 fuerint
854 3896 921 3944 de
940 3894 1099 3959 copia
1118 3892 1373 3958 singulari
1394 3895 1598 3959 gratiae
1619 3893 1848 3955 divinae,
1869 3907 2028 3957 quam
2049 3892 2424 3958 praedixerant
2435 3892 2738 3957 Prophetae
2758 3899 3002 3958 tempora

508 3982 741 4033 Messias
787 3980 1001 4032 abunde
1049 3982 1443 4043 comitaturam,
1489 3986 1817 4046 spectatores
1864 3979 2147 4043 rapiebant
2191 3980 2244 4027 in
2281 3984 2556 4044 stuporem,
2595 3986 2650 4029 et
2689 3979 2760 4029 ad
2805 3979 3000 4030 Christi

508 4069 879 4135 amplectenda
898 4082 1053 4117 sacra
1072 4066 1395 4117 validissime
1414 4066 1713 4117 trahebant.
1739 4066 1882 4115 Hinc
1902 4082 2020 4115 cum
2041 4065 2312 4133 Apostolis
2337 4064 2471 4115 nihil
2495 4066 2664 4130 magis
2695 4080 2856 4115 curae
2881 4082 2996 4117 cor-

510 4156 668 4222 dique
694 4162 849 4217 esset,
876 4168 1035 4219 quam
1060 4152 1345 4205 Christiani
1370 4155 1599 4203 nominis
1628 4154 1960 4220 propagatiO,
1988 4154 2164 4203 Deum
2189 4154 2390 4218 precati
2416 4158 2544 4203 sunt
2566 4154 2684 4203 Act.
2705 4156 2755 4215 4,
2777 4154 2859 4203 29.
2883 4156 2998 4203 30.:

513 4243 617 4303 „Et
639 4257 798 4304 nunc,
826 4242 1071 4302 Domine,
1098 4242 1301 4306 respice
1326 4243 1383 4290 in
1406 4242 1577 4291 minas
1605 4258 1786 4291 eorum
1811 4245 1866 4291 et
1889 4240 1960 4290 da
1987 4241 2156 4291 servis
2181 4242 2286 4289 tuis
2309 4256 2430 4289 cum
2457 4240 2600 4289 omni
2625 4240 2826 4290 fiducia
2847 4240 2996 4305 loqui

506 4328 729 4377 verbum
752 4334 918 4391 tuum,
955 4330 1011 4377 in
1037 4343 1100 4377 eo
1129 4328 1271 4393 quod
1296 4343 1509 4377 manum
1540 4334 1688 4378 tuam
1713 4327 1970 4379 extendas
1995 4327 2062 4377 ad
2089 4328 2360 4389 sanitates,
2399 4326 2470 4375 ad
2495 4328 2651 4392 signa
2675 4334 2732 4377 et
2753 4327 2998 4393 prodigia

508 4414 623 4463 fleri
660 4432 755 4481 per
788 4431 983 4465 nomen
1014 4422 1254 4465 sanctum
1287 4414 1383 4464 filii
1412 4418 1489 4465 tui
1515 4415 1699 4466 Jesu.“
1741 4417 1886 4477 Quas
1917 4414 2130 4480 quidem
2155 4430 2342 4479 preces
2365 4414 2486 4463 Deo
2515 4420 2703 4479 gratas
2725 4415 2904 4473 fuisse,
2931 4430 2994 4463 ex

510 4508 705 4551 eventu
730 4502 1027 4567 intelligere
1052 4501 1191 4552 licet.
1229 4501 1309 4551 cf.
1335 4502 1421 4551 vel
1446 4503 1561 4553 Act.
1583 4504 1632 4565 5,
1661 4505 1741 4553 15.
1761 4518 1802 4552 s.
1846 4502 2002 4552 Unde
2029 4516 2151 4551 cum
2175 4500 2430 4551 d.Petrus
2457 4501 2724 4551 hominem
2751 4503 2818 4551 ab
2843 4507 2994 4551 utero

510 4590 693 4639 matris
720 4588 971 4639 claudum
1004 4590 1219 4639 sanitati
1246 4591 1579 4653 restituisset,
1617 4590 1849 4655 indeque
1876 4590 2088 4639 occasio
2116 4603 2210 4653 pro
2237 4589 2460 4638 veritate
2499 4588 2776 4653 religionis
2801 4587 2992 4639 Christi
