3267 5259
582 463 664 529 12
1340 476 1460 519 mat.
1486 489 1577 521 rev.
1606 478 1700 520 div.
1729 478 1896 521 Periocl.
1925 479 1962 520 1.
1983 490 2078 531 cap.
2107 478 2308 531 primum.

577 652 796 737 palam
856 650 1174 733 omnibus,
1236 672 1511 738 quorum
1570 663 1726 716 vota
1784 662 1848 717 et
1905 662 2158 717 mentes
2218 655 2285 718 in
2339 652 2648 718 Messiam
2715 675 3076 718 conversae

581 774 784 846 erant,
846 766 1234 829 annuntians
1291 764 1728 830 redemtorem
1773 764 2016 829 adesse
2047 770 2083 829 ¹.
2173 764 2466 830 Peractis
2526 768 2693 830 iuste
2757 766 3080 849 omnibus,

581 899 748 962 quae
795 876 941 961 lege
988 888 1347 964 praecepta
1401 878 1682 961 fuerunt,
1732 877 1969 942 deinde
2015 878 2514 944 Bethlehemum
2560 880 2807 944 reversi
2853 890 3010 943 sunt
3035 882 3076 942 ².

788 988 1058 1054 Summa
1108 992 1252 1054 imis
1311 993 1495 1076 quasi
1549 994 1876 1077 permixta
1933 1002 2082 1056 sunt
2140 994 2211 1057 in⁴
2269 1002 2414 1057 ortu
2470 992 2756 1057 Domini..
2848 992 3078 1057 Cunae

581 1103 754 1166 enim
810 1104 947 1167 eius
993 1127 1128 1168 non
1188 1114 1463 1189 potuere
1518 1103 1929 1169 obscuriores
1989 1127 2130 1169 esse
2192 1104 2378 1168 simul
2441 1114 2506 1168 et
2565 1104 2908 1187 clarioreS,
2968 1127 3078 1167 ne-

583 1236 709 1300 que
766 1216 937 1278 enim
998 1224 1251 1280 tantum
1298 1218 1364 1280 in
1410 1216 1650 1301 angulo
1698 1216 1996 1281 Judaeae
2059 1219 2234 1281 circa
2292 1217 2676 1282 Bethlehem
2739 1216 3078 1282 celebran-

581 1336 687 1391 tur
745 1326 829 1391 ab
878 1327 1159 1412 angelis;
1224 1328 1341 1393 sed
1394 1340 1459 1393 et
1519 1328 1749 1393 stellass
1792 1330 1860 1394 in
1914 1330 2097 1395 coelo
2145 1329 2407 1395 radians
2456 1353 2565 1395 eas
2610 1329 2960 1417 praedicat
3010 1331 3076 1393 in

578 1438 955 1523 regionibus
1027 1442 1471 1506 remotissimis
1496 1445 1539 1505 4.
1632 1441 1753 1505 Illa
1828 1444 2141 1507 excitavit
2212 1442 2444 1527 Magos
2474 1447 2516 1525 ⁵,
2593 1464 2680 1505 ex
2747 1442 3075 1506 orientali-

580 1550 704 1615 bus
749 1551 979 1638 plagiS,
1039 1563 1111 1616 ut
1154 1552 1483 1618 adoraturi
1533 1577 1810 1639 puerum
1850 1554 2296 1640 Jerosolymas
2341 1556 2690 1619 venirentss
2747 1565 3072 1639 regnante

580 1663 955 1729 adhucdum
993 1665 1263 1731 Herode
1309 1689 1547 1751 magno
1574 1670 1613 1731 ⁷.
1687 1666 1918 1732 Statim
1964 1690 2042 1731 ac
2090 1667 2276 1731 stella
2307 1690 2375 1731 se
2425 1669 2846 1755 conspicuam
2888 1691 3080 1755 prac-

791 1883 828 1950 ¹)
875 1885 1008 1935 Luc.
1044 1888 1091 1949 2,
1131 1886 1353 1935 25-38.
1416 1884 1455 1951 ²)
1493 1884 1547 1935 S.
1574 1886 1752 1935 Lucas
1787 1886 1976 1937 brevia
2015 1890 2230 1935 secutus
2265 1886 2515 1935 narrandi
2551 1886 2884 1951 compendia,
2924 1887 3078 1937 nulla

576 1973 846 2022 mentione
891 1972 1035 2023 facta
1081 1972 1149 2022 de
1197 1970 1510 2023 adoratione
1552 1974 1832 2037 Magorum
1875 1979 1928 2023 et
1968 1973 2098 2038 fuga
2144 1975 2200 2021 in
2241 1974 2542 2039 Aegyptum
2585 1976 2633 2035 2,
2673 1974 2773 2034 39.,
2817 1980 3080 2038 parentes

578 2073 849 2124 regressos
888 2059 1017 2109 dicit
1040 2060 1086 2107 N
1090 2058 1413 2109 azarethum.
1462 2060 1828 2108 Praetermisit
1849 2060 1984 2109 haec
2007 2059 2306 2109 intermedii
2329 2061 2581 2125 temporis
2605 2059 2754 2109 facta
2775 2066 3082 2127 propterea,

577 2146 721 2210 quod
744 2147 903 2195 sciret
928 2146 993 2195 de
1018 2147 1081 2193 iis
1107 2146 1239 2195 satis
1262 2146 1477 2211 copiose
1514 2147 1823 2211 scripsisses
1851 2146 2196 2196 Matthaeum.
2255 2146 2428 2211 Saepe
2453 2148 2665 2211 saepius
2691 2148 3080 2213 Evangelistae

578 2234 909 2297 coniungunt
933 2247 1017 2282 res
1044 2232 1267 2282 diversis
1292 2233 1620 2297 temporibus
1646 2239 1908 2298 peractas,
1936 2233 2149 2298 quando
2187 2232 2292 2282 illis
2327 2249 2434 2282 non
2467 2233 2645 2299 placet
2680 2233 2882 2284 referre
2917 2236 3080 2285 inter-

576 2320 797 2369 medias.
846 2320 910 2367 V.
948 2319 1237 2385 prolegom.
1299 2318 1338 2385 ³)
1374 2318 1565 2369 Matth.
1603 2322 1652 2381 2,
1680 2322 1727 2368 2.
1768 2314 1939 2387 ἀστήρ,
1975 2320 2120 2369 sidus
2157 2334 2254 2368 seu
2287 2319 2694 2385 phoenomenon
2729 2320 3079 2385 stelligerum.

580 2406 661 2456 cf.
685 2406 978 2473 prolegom.
1027 2404 1068 2471 ⁴)
1093 2406 1327 2455 Arabiae
1352 2412 1411 2455 ut
1436 2411 1652 2455 sumunt
1673 2406 1936 2469 Justinus,
1965 2406 2090 2456 dial.
2116 2422 2168 2455 n.
2198 2408 2278 2455 77.
2304 2423 2355 2471 p.
2383 2408 2501 2456 267.
2544 2407 2930 2469 Tertullianus,
2957 2409 3081 2457 adV.

580 2494 749 2544 Marc.
788 2494 897 2555 111,
940 2496 1109 2563 13.,p.
1151 2496 1265 2543 126.
1302 2493 1422 2543 adv.
1459 2492 1716 2543 Judaeos.
1757 2510 1806 2543 n.
1843 2496 1891 2543 9.
1924 2511 1976 2559 p.
2013 2497 2130 2543 311.
2169 2507 2210 2541 s.
2237 2493 2588 2559 Epiphanius,
2633 2509 2811 2559 expos.
2847 2494 2994 2544 fidei.
3031 2498 3080 2545 8.

576 2581 619 2643 1,
648 2580 797 2631 1085.
825 2578 971 2629 Idem
990 2579 1195 2645 prolixe
1214 2581 1529 2630 monstravit
1547 2580 1820 2643 Pati-itinn,
1841 2581 1982 2630 Diss.
2003 2580 2252 2630 XXVIII.
2274 2598 2324 2647 p.
2345 2582 2463 2630 315.
2483 2596 2525 2629 s.
2565 2580 2604 2647 ⁵)
2625 2578 2788 2649 Μάγοι
2805 2583 3081 2647 principes

578 2668 920 2730 eruditorum,
960 2667 1258 2732 sapientiae
1293 2668 1577 2717 antistites.
1624 2668 1709 2717 De
1745 2667 1828 2717 his
1852 2668 2008 2733 plura
2041 2668 2096 2717 in
2133 2668 2254 2718 hist.
2293 2684 2333 2717 s.
2360 2668 2582 2717 Paulis.
2609 2668 2644 2717 1.
2696 2666 2736 2733 6)
2773 2667 2835 2716 Id
2875 2676 3080 2718 eertum

578 2759 631 2803 et
668 2761 818 2804 extra
854 2755 1269 2804 controversiam
1306 2760 1402 2817 est,
1439 2768 1561 2803 nam
1600 2753 1652 2803 d.
1675 2753 2030 2820 Evangelista
2067 2754 2198 2804 dicit
2229 2757 2277 2817 2,
2307 2758 2352 2805 1.
2387 2755 2598 2804 venisse
2630 2746 2760 2814 „alab
2786 2748 3080 2803 ἀνατολῶν“

581 2840 773 2889 Oriens
812 2842 867 2889 in
906 2840 957 2889 S.
986 2840 1039 2889 S.
1066 2840 1278 2906 duplex,
1318 2841 1489 2890 altera
1524 2841 1835 2907 simpliciter
1875 2846 2120 2906 respectu
2157 2841 2284 2891 solis
2323 2840 2442 2890 coll.
2481 2840 2640 2889 zach.
2681 2842 2762 2891 14.
2799 2844 2868 2903 4.,
2911 2841 3084 2891 altera

577 2931 823 2991 respectu
866 2926 1014 2975 urbis
1056 2931 1293 2976 sanctae.
1326 2927 1524 2977 Ezech.
1571 2929 1652 2989 11,
1688 2929 1771 2977 23.
1805 2926 1910 2975 Alii
1951 2928 2140 2992 Magos
2167 2943 2231 2976 ex
2267 2928 2482 2989 Arabia,
2511 2926 2604 2976 alii
2645 2942 2676 2976 e
2716 2927 2944 2978 Perside
2995 2944 3080 2977 ac-

578 3016 803 3063 cessisse
852 3014 1171 3065 existimant.
1217 3013 1255 3079 ⁷)
1298 3013 1557 3064 Matthaei
1619 3014 1761 3063 enim
1818 3014 1986 3063 verba
2033 3016 2082 3077 2,
2128 3018 2174 3063 1.
2234 3014 2380 3063 haud
2420 3016 2496 3063 ita
2530 3013 2887 3079 intelligenda
2936 3020 3078 3077 sunt,

576 3106 639 3151 nt
669 3101 855 3151 eodem
897 3100 1044 3165 Magi
1080 3100 1395 3150 advenerint
1427 3105 1710 3163 momentO,
1747 3116 1851 3165 quo
1879 3098 2119 3150 Christus
2162 3106 2496 3164 nasceretur3
2523 3100 2618 3149 sed
2649 3102 2706 3149 in
2731 3103 3079 3152 universum:

577 3192 737 3238 nato
782 3187 817 3237 J
832 3202 953 3237 esa
997 3186 1457 3249 Bethlehemi,
1501 3188 1578 3236 ita
1602 3192 1663 3236 ut
1699 3186 1960 3237 adventus
1997 3192 2205 3253 tempus
2237 3188 2540 3237 accuratius
2576 3186 2723 3236 haud
2771 3188 3082 3238 definiatur.

576 3274 841 3323 Fidelium
900 3276 991 3340 pia
1047 3274 1261 3323 traditio
1318 3275 1375 3322 in
1430 3278 1671 3323 veterum
1732 3272 1994 3323 artificum
2044 3290 2256 3339 quoque
2306 3274 2555 3339 operibus
2605 3290 2864 3339 expressa
2934 3275 3082 3341 apud

576 3360 627 3410 J.
688 3360 1064 3426 ciampinium,
1121 3359 1321 3408 Vetera
1364 3364 1708 3409 monumenta
1759 3360 2018 3409 Romana.
2067 3360 2217 3409 Rom.
2264 3361 2414 3409 1747.
2465 3359 2532 3422 Π,
2586 3362 2666 3409 12.
2719 3359 2781 3409 G.
2821 3360 3078 3427 Zappert,

576 3447 883 3512 Epiphania
917 3448 974 3496 in
1016 3460 1138 3495 ann.
1166 3461 1239 3496 sc.
1266 3445 1430 3495 Acad.
1471 3458 1543 3494 sc.
1582 3444 1886 3495 Vindobon.
1915 3447 2066 3496 1857.
2093 3446 2234 3507 XXI,
2265 3447 2382 3496 319.
2409 3460 2450 3495 s.
2499 3445 2552 3495 J.
2577 3446 2638 3494 B.
2665 3446 2840 3507 Bessi,
2870 3448 3080 3513 images

579 3533 645 3583 de
670 3534 725 3583 la
748 3539 784 3583 t.
805 3548 847 3583 s.
866 3534 1060 3599 Vierge
1086 3533 1167 3583 ch.
1194 3533 1243 3583 d.
1269 3533 1305 3585 l.
1331 3534 1513 3582 Catac.
1540 3534 1675 3582 Rom
1703 3534 1852 3583 1863.
1877 3550 1928 3599 p.
1955 3537 2034 3583 11.
2055 3550 2096 3583 s.
2125 3532 2188 3582 Ο.
2233 3533 2498 3598 Imagines
2525 3533 2619 3582 sel.
2645 3533 2802 3598 Deip.
2831 3534 3076 3599 Virginis

578 3621 635 3669 in
668 3624 875 3669 coemet
910 3620 1049 3670 subt.
1090 3619 1208 3684 dep.
1248 3620 1319 3669 ib.
1364 3621 1514 3669 1863.
1550 3624 1585 3668 t.
1620 3620 1702 3668 111
1735 3626 1905 3682 tenet,
1951 3622 2183 3685 itemque
2221 3619 2584 3669 Tertullianus
2619 3618 2739 3669 adv.
2774 3620 2906 3670 Jud.
2943 3638 3000 3670 n.
3035 3624 3081 3670 9.

575 3723 629 3772 p.
668 3708 785 3757 311.
813 3721 853 3755 s.
904 3706 1189 3775 Caesarius
1230 3706 1573 3769 Arelatensis,
1616 3708 1674 3756 in
1709 3706 1951 3771 Append.
1989 3706 2148 3771 Oper.
2175 3720 2218 3755 s.
2248 3706 2384 3771 Aug.
2411 3704 2494 3755 ed.
2519 3706 2652 3755 Ben.
2677 3706 2740 3767 V,
2769 3708 2891 3769 248,
2919 3722 3080 3756 serm.

581 3795 703 3855 139,
730 3794 780 3843 3.
813 3793 1261 3858 Theopbylactus,
1286 3794 1343 3842 in
1388 3793 1578 3842 Matth.
1605 3794 1654 3855 2,
1681 3796 1729 3842 3.
1757 3809 1804 3843 e.
1829 3809 1875 3841 c.
1901 3810 1952 3858 p.
1982 3796 2062 3843 11.
2089 3792 2356 3842 affirmant
2401 3792 2591 3857 Magos
2641 3808 2830 3857 reges
2881 3794 3080 3855 fuisse3

579 3881 793 3930 eosdem
818 3896 975 3946 porro
1014 3886 1123 3930 tres
1148 3896 1385 3942 numero,
1420 3880 1714 3929 secundum
1737 3881 1842 3929 tria
1877 3896 2152 3929 munerum
2195 3893 2416 3943 genera,
2461 3878 2604 3943 quod
2648 3884 2702 3928 et
2735 3878 3025 3930 confirmat
3040 3896 3082 3929 s.

576 3969 706 4030 LeO,
752 3968 917 4017 Serm.
962 3968 1029 4016 de
1070 3966 1377 4033 Epiphania
1418 3966 1461 4015 1.
1488 3967 1569 4016 ed.
1604 3968 1804 4029 Malou,
1840 3968 2069 4016 Lovanii
2105 3968 2255 4028 1850,
2292 3982 2344 4031 p.
2371 3968 2419 4015 2.
2467 3966 2532 4015 V.
2566 3982 2618 4031 p.
2645 3967 2728 4015 30.
2777 3965 2871 4015 VI.
2911 3982 2970 4031 p.
2999 3968 3082 4016 39.

577 4054 684 4115 Qui
705 4055 863 4121 plura
886 4054 953 4103 de
976 4054 1150 4118 Magis
1182 4056 1319 4103 scire
1352 4060 1475 4103 avet
1508 4053 1694 4103 adeat:
1741 4054 1864 4103 Chr.
1891 4053 2147 4116 Clemmii,
2175 4053 2388 4103 exercit.
2422 4051 2510 4117 ph.
2545 4052 2613 4101 ad
2638 4052 2827 4101 Matth.
2855 4055 2906 4113 2,
2936 4057 2989 4103 1.
3017 4052 3083 4103 de

577 4142 767 4207 Magis.
800 4141 1020 4190 Witteb.
1056 4142 1205 4189 1663.
1244 4156 1295 4189 n.
1337 4142 1418 4189 19.
1454 4155 1495 4189 s.
1538 4140 1699 4189 Bern.
1747 4140 1933 4204 Lamy,
1973 4140 2420 4189 commentarium
2469 4140 2524 4187 in
2570 4139 2922 4188 Harmoniam
2965 4142 3084 4189 sive

578 4228 825 4277 concord.
862 4245 911 4293 q.
936 4228 1145 4291 Evang.
1172 4228 1341 4276 Paris.
1371 4228 1521 4276 1696.
1547 4242 1600 4291 p.
1620 4228 1705 4275 45.
1731 4242 1840 4291 seq.
1867 4226 1939 4275 M.
1960 4227 2028 4275 D.
2053 4226 2293 4287 Rhoden,
2321 4225 2447 4273 diss.
2473 4224 2540 4274 de
2565 4226 2746 4289 primis
2773 4224 3082 4275 salvatoris

576 4315 981 4363 veneratoribus
1006 4314 1195 4377 Magis,
1222 4315 1277 4362 in
1302 4314 1460 4363 Thes.
1478 4313 1551 4362 th.
1572 4313 1661 4378 ph.
1681 4314 1750 4375 H,
1773 4314 1854 4363 69.
1875 4328 1918 4361 s.
1944 4313 2246 4373 Tillemont,
2274 4317 2383 4361 not.
2408 4312 2474 4372 X,
2501 4310 2594 4373 XI,
2615 4312 2734 4373 XII,
2761 4328 2814 4377 p.
2837 4314 2962 4361 431.
2993 4313 3082 4361 Fr.

578 4399 901 4465 Spanhemii‚
916 4400 1099 4449 Dubia
1110 4400 1443 4465 Evangelica
1454 4400 1508 4447 in
1523 4405 1630 4449 tres
1646 4406 1824 4464 partes
1840 4400 2139 4449 distributa.
2162 4398 2294 4448 Gen.
2313 4398 2542 4460 mean,
2555 4400 2674 4447 262.
2687 4412 2729 4447 s.
2749 4398 3082 4459 A.Calmeti‚

578 4485 705 4535 diss.
734 4485 799 4535 de
822 4487 1011 4551 Mag-is,
1039 4487 1131 4551 qui
1154 4486 1341 4536 Jesum
1366 4485 1633 4535 Christum
1660 4486 1932 4535 adoraturi
1957 4490 2237 4535 venerunt.
2263 4486 2405 4534 Diss.
2433 4484 2515 4533 ed.
2543 4484 2776 4533 Wirceb.
2797 4484 2895 4545 ΠΙ,
2921 4486 3016 4534 20.
3037 4499 3080 4534 s.

578 4571 856 4622 Benedicti
880 4572 1041 4633 XIV„
1068 4572 1134 4622 de
1160 4572 1443 4623 Servorum
1468 4574 1571 4622 Dei
1596 4572 1790 4623 Beatif.
1815 4571 1907 4621 IV.
1937 4575 1982 4634 1,
2009 4574 2092 4621 25.
2120 4572 2202 4620 ed.
2227 4571 2380 4621 Bass.
2410 4571 2560 4621 1767.
2585 4569 2678 4631 IV,
2708 4572 2824 4621 183.
2861 4570 2933 4619 H.
2959 4570 3080 4621 018-

577 4658 817 4721 hausen,
874 4658 1003 4707 bibl.
1050 4658 1251 4712 Comm.
1302 4660 1392 4709 ub.
1445 4659 1670 4715 sammtl.
1716 4657 1982 4709 Schriften
2025 4658 2120 4708 des
2171 4659 2234 4707 N.
2269 4658 2330 4707 Τ.
2383 4658 2466 4707 ed.
2511 4658 2562 4706 4.
2617 4656 2880 4722 Konigsb.
2941 4660 3081 4708 1853
