3267 5259
630 428 756 493 112
1302 442 1415 483 mut.
1446 442 1551 483 nov.
1580 442 1669 485 cuv.
1701 442 1754 483 u.
1775 442 1828 483 τ.
1857 442 2028 485 roriod.
2056 443 2090 484 1.
2113 453 2210 495 οη.
2239 443 2438 485 altorum.

628 616 881 679 opinione
926 616 1149 681 allegari
1192 620 1369 682 potest
1414 618 1722 668 constitutio
1758 618 1990 683 Eugenii
2028 617 2328 679 Pontificis,
2375 632 2514 684 quae
2559 618 2790 669 habetur
2825 634 2946 685 cap.
2985 622 3038 669 2.
3077 621 3116 669 si

628 703 894 767 sacerdos,
932 704 989 753 in
1023 704 1092 753 X.
1118 702 1185 753 de
1222 703 1396 753 officio
1423 703 1633 754 Judicis
1673 704 1929 754 ordinarii
1959 705 2003 754 1.
2027 705 2104 755 tit.
2139 706 2253 769 31.;
2291 706 2386 755 ubi
2409 706 2743 757 sacerdotem
2779 722 2892 756 non
2927 706 3120 755 debere

626 790 899 856 peccatori
943 789 1152 840 occulto
1196 790 1594 841 Eucharistiam
1643 792 1845 857 petenti
1881 791 2175 856 denegare,
2225 792 2420 857 probat
2463 792 2706 857 exemplo
2743 793 2995 853 Domini,
3035 794 3118 859 qui

626 877 805 927 Judae
849 876 1109 943 proditori
1153 881 1283 927 tunc
1328 876 1539 927 occulto
1586 876 1988 927 Sacramentum
2033 880 2273 943 corporis
2316 884 2370 928 et
2403 879 2682 945 sanguinis
2727 880 2842 941 sui,
2881 880 3120 929 similiter

627 969 690 1015 ut
724 964 915 1014 ceteris
962 963 1246 1013 distribuit.
1318 964 1506 1029 Neque
1550 965 1798 1029 excipere
1845 965 1996 1013 iuvat
2030 964 2265 1028 alicui,
2313 966 2564 1015 Doctoris
2601 966 2832 1031 angelici
2869 965 3120 1031 hymnum

626 1052 777 1102 illum
824 1066 942 1101 esse
990 1052 1237 1117 superius
1290 1049 1590 1113 laudatum,
1643 1068 1748 1116 quo
1799 1066 1950 1101 suam
1999 1052 2067 1101 de
2115 1052 2400 1117 proditoris
2447 1054 2757 1118 praesentia
2803 1054 3118 1103 sententiam

626 1138 909 1203 expressit3
948 1152 1049 1187 nec
1084 1151 1291 1188 summa
1326 1150 1535 1202 semper
1568 1138 1890 1187 auctoritate
1925 1138 2154 1203 pollere,
2193 1152 2333 1204 quae
2367 1140 2425 1188 in
2461 1139 2631 1189 sacris
2673 1154 2896 1205 precum
2933 1138 3118 1189 officiis

626 1226 685 1275 in
729 1224 981 1275 Ecclesia
1024 1224 1329 1273 recitantur.
1400 1224 1485 1273 Ex
1534 1239 1642 1289 quo
1689 1225 1830 1274 enim
1879 1223 1932 1273 S.
1967 1224 2206 1275 Thomae
2252 1225 2534 1290 Aquinatis
2581 1240 2796 1275 carmen
2843 1226 3118 1291 adoptavit

626 1311 903 1375 Ecclesia;
938 1310 1083 1360 illius
1121 1326 1335 1376 quoque
1372 1310 1690 1361 sententiam
1725 1312 1782 1360 in
1818 1310 2006 1361 eodem
2043 1326 2366 1377 expressam,
2405 1326 2556 1362 suam
2593 1312 2788 1363 fecisse
2823 1312 3056 1361 videtur.

836 1398 1089 1467 Diqressio
1128 1398 1205 1451 II.
1252 1398 1331 1451 De
1364 1396 1652 1451 nominihus
1695 1397 1874 1467 quibus
1909 1400 2130 1451 Maiores
2173 1400 2333 1451 nostri
2365 1400 2701 1451 concitent-int
2735 1400 3116 1452 Sar-mmmmm

626 1486 1005 1539 mauram
1036 1502 1329 1554 nuncupare
1364 1484 1517 1553 deque
1550 1484 1706 1537 verbis
1737 1486 2066 1537 institutionis
2099 1486 2457 1539 annotationes.
2517 1485 2902 1536 Eucharistiae
2933 1486 3116 1535 Sacra-

626 1577 861 1623 mentum
876 1608 891 1634 ,
930 1586 1035 1637 quo
1072 1570 1205 1621 nihil
1238 1571 1297 1620 in
1340 1570 1591 1621 Ecclesia
1643 1572 1818 1621 maius
1876 1576 1972 1621 aut
2017 1573 2298 1637 augustius
2347 1576 2454 1635 est,
2504 1588 2602 1638 pro
2649 1588 2712 1622 eo
2759 1578 2930 1638 atque
2979 1573 3116 1622 illius

626 1659 905 1725 multiplex
956 1659 1125 1709 virtus
1180 1657 1441 1724 postulat,
1496 1658 1661 1707 variis
1709 1656 1856 1723 apud
1911 1658 2134 1709 Veteres
2187 1659 2493 1709 nominibus
2547 1662 2768 1723 exprimi
2823 1662 3116 1710 consuevit.

628 1748 724 1796 Ac.
748 1746 789 1796 I.
842 1744 895 1795 S.
920 1745 1116 1795 Literis
1152 1745 1457 1795 insistentes
1494 1760 1536 1795 s.
1562 1760 1605 1795 s.
1632 1744 1694 1793 P.
1719 1745 1778 1793 P.
1805 1749 1860 1794 et
1894 1743 1948 1795 S.
1971 1745 2038 1795 E.
2065 1745 2168 1795 hoc
2197 1747 2506 1811 mysterium
2541 1742 2902 1815 ,,εὖχαριστία“
2941 1747 3116 1812 adpel-

628 1833 831 1895 larunt,
883 1832 1013 1897 quia
1054 1830 1199 1889 illud,
1234 1830 1477 1881 Christus
1524 1831 1756 1880 instituit
1801 1826 2158 1899 εὐχαριστήσας
2173 1868 2188 1892 ,
2245 1846 2367 1882 cum
2411 1834 2610 1897 gratias
2659 1834 2871 1899 egisset.
2933 1834 3116 1884 Matth.

629 1922 713 1983 26,
740 1922 823 1969 27.
872 1920 1039 1969 Marc.
1068 1920 1155 1980 14,
1185 1920 1268 1967 22.
1316 1919 1449 1967 Luc.
1476 1920 1559 1981 22,
1591 1919 1672 1967 19.
1721 1917 1749 1966 I
1775 1917 1896 1967 Cor.
1925 1920 2005 1980 11,
2033 1920 2116 1968 24.
2167 1918 2544 1969 Eucharistiae
2583 1920 2949 1971 denominatio
2987 1922 3116 1970 anti·

629 2008 938 2074 quissimam
962 2020 1091 2071 prae
1116 2022 1173 2056 se
1198 2006 1301 2055 sert
1335 2009 1589 2067 aetatem,
1626 2005 1826 2071 quippe
1861 2019 1928 2054 ea
1951 2006 2056 2054 iam
2081 2006 2344 2070 reperitur
2379 2006 2525 2072 apud
2561 2022 2604 2057 s.
2628 2007 2926 2072 Ignatium,
2959 2037 3020 2044 —
3053 2007 3116 2055 ad

630 2094 837 2161 Smyrn.
875 2110 921 2143 c.
958 2095 1005 2144 7.
1042 2093 1109 2142 ed
1140 2092 1263 2141 Hef.
1298 2108 1351 2157 p.
1388 2094 1507 2141 229.
1584 2091 1697 2151 „Ab
1743 2091 2085 2141 Eucharistia
2129 2096 2184 2141 et
2227 2094 2472 2143 oratione
2527 2094 2802 2143 abstinent
2845 2094 3114 2153 haeretici,

629 2198 695 2233 eo
720 2181 864 2248 quod
886 2196 995 2231 non
1020 2178 1374 2230 confiteantur
1396 2178 1792 2228 Eucharistiam
1817 2192 2030 2228 carnem
2069 2194 2186 2229 esse
2213 2178 2510 2231 Salvatoris
2545 2181 2714 2231 nostri
2743 2181 2881 2231 Jesu
2907 2180 3114 2241 Christi,

630 2284 771 2335 quae
807 2284 903 2335 pro
940 2268 1177 2333 peccatis
1202 2266 1395 2317 nostris
1434 2280 1597 2331 passa
1632 2270 1729 2327 est,
1769 2280 1996 2331 quamve
2033 2266 2193 2317 Pater
2229 2266 2558 2331 benignitate
2583 2280 2684 2317 sua
2706 2268 3034 2317 suscitavit*
3055 2294 3116 2303 —

631 2355 685 2406 S.
706 2356 994 2417 «Iustinum,
1015 2380 1081 2391 —
1104 2355 1309 2419 „Atque
1336 2352 1437 2403 hoc
1474 2352 1783 2403 alimentum
1809 2351 1954 2418 apud
1987 2368 2086 2403 nos
2123 2358 2348 2402 vocatur
2375 2353 2744 2404 Eucharistia:
2781 2350 2866 2402 καὶ
2897 2352 2930 2417 ἡ
2965 2350 3114 2421 τροφὴ

630 2434 749 2507 αὕτη
782 2438 1001 2492 καλεῖται
1036 2437 1133 2508 παῤ
1162 2439 1306 2509 ἡμῶν
1342 2436 1678 2507 εὖχαριστία.“
1725 2438 1882 2504 Apol.
1905 2439 1947 2501 1,
1973 2441 2056 2489 66.
2081 2439 2164 2489 ed.
2190 2439 2334 2489 Otto.
2359 2456 2411 2505 p.
2443 2442 2560 2490 156.
2579 2468 2649 2479 -—
2667 2456 2710 2489 s.
2737 2440 3037 2501 Irenaeum,
3057 2468 3118 2476 —

627 2530 673 2581 Ι.
688 2530 809 2581 adv.
824 2529 969 2579 haer.
989 2531 1069 2590 13,
1085 2531 1135 2577 2.
1150 2544 1217 2593 p..
1242 2529 1341 2577 146
1355 2552 1421 2563 —
1436 2526 1844 2587 Tertullianum,
1860 2554 1926 2565 —
1941 2526 2007 2575 de
2027 2541 2228 2577 corona
2247 2526 2352 2576 mil.
2369 2543 2415 2576 c.
2431 2530 2480 2577 3.
2495 2544 2546 2593 p.
2568 2530 2681 2578 188.
2722 2526 3118 2587 „Eucharistiae

628 2621 1017 2667 sacramentum
1044 2614 1379 2665 antelucanis
1406 2614 1662 2675 coetibus,
1683 2628 1784 2663 nec
1803 2612 1870 2663 de
1897 2612 2122 2663 aliorum
2141 2628 2318 2676 manu,
2343 2628 2502 2679 quam
2524 2614 2942 2679 praesidentium
2965 2615 3116 2663 smni-

628 2708 797 2753 mus.“
818 2730 887 2739 -
907 2708 961 2754 et
998 2702 1147 2753 alios.
1184 2702 1427 2751 Nominis
1460 2704 1776 2766 potestatem
1809 2700 1886 2749 ita
1911 2698 2143 2765 explicat
2165 2714 2208 2749 s.
2230 2699 2658 2764 chrysostomus,
2683 2702 2738 2749 in
2765 2700 2953 2749 Matth.
2985 2700 3116 2750 hom.

628 2790 794 2851 XXV,
814 2791 865 2839 3.
906 2788 1171 2855 „Ideoque
1200 2786 1467 2838 horrenda
1496 2786 1591 2837 illa
1616 2787 1886 2851 mysteria,
1927 2792 2035 2836 tam
2067 2787 2342 2849 salutaria,
2373 2801 2512 2853 quae
2539 2788 2596 2837 in
2627 2788 2852 2853 singulis
2881 2787 3116 2837 collectis

631 2876 977 2937 celebramus,
1024 2875 1367 2925 Eucharistia
1402 2873 1757 2940 adpellantur,
1799 2874 1927 2939 quia
1961 2872 2341 2924 beneficiorum
2375 2874 2658 2925 multorum
2696 2874 3116 2924 commemoratio

631 2968 769 3023 sunt,
808 2966 1075 3027 caputque
1112 2962 1287 3027 ipsum
1312 2960 1527 3010 divinae
1552 2960 1922 3025 providentiae
1958 2960 2262 3021 ostendunt,
2289 2976 2498 3027 nosque
2521 2976 2620 3026 per
2643 2962 2824 3010 omnia
2858 2968 3115 3026 apparant

631 3050 699 3099 ad
725 3049 924 3115 gratias
952 3048 1238 3115 agendas.“
1266 3048 1387 3110 VII,
1424 3049 1542 3097 510.
1570 3047 1820 3111 Denique
1845 3062 2040 3097 nomen
2065 3043 2349 3115 εὐχαριστία
2371 3053 2426 3097 et
2451 3044 2666 3115 εὐλογία,
2693 3047 2837 3113 quod
2859 3047 2999 3097 idem
3025 3054 3114 3101 est,

632 3137 701 3188 ad
736 3136 839 3185 hoc
874 3140 1263 3185 sacramentum
1299 3135 1525 3183 maxime
1562 3134 1807 3199 pertinet,
1847 3150 1966 3183 cum
2003 3133 2178 3184 soleat
2217 3150 2284 3183 ex
2307 3148 2417 3184 una
2439 3139 2594 3199 parte
2629 3138 2744 3183 tota
2781 3136 2922 3183 actio
2957 3133 3114 3183 nomi·

630 3226 765 3285 nari,
806 3228 965 3289 atque
1004 3226 1393 3272 sacramentum
1417 3236 1513 3286 per
1539 3234 1673 3282 eam,
1713 3224 1807 3270 aut
1839 3235 1946 3270 non
1985 3222 2100 3270 sine
2127 3236 2208 3283 ea,
2245 3220 2568 3286 perficiatur.
2605 3220 2764 3271 Unde
2791 3221 2858 3269 IL
2891 3221 3114 3287 μυστικῆς

630 3306 872 3379 εὖλογίας,
898 3308 1285 3359 benedictionis
1312 3308 1730 3357 consecrationis
1755 3306 2076 3357 vocabulum
2113 3307 2338 3373 legimus
2371 3306 2516 3373 apud
2541 3324 2582 3357 s.
2613 3306 2872 3371 cyrillum
2897 3308 3112 3356 Alexan-

631 3398 855 3459 drinum,
896 3397 931 3447 l.
966 3397 1059 3446 IV.
1093 3412 1139 3445 c.
1174 3398 1223 3445 2.
1262 3396 1316 3445 in
1352 3395 1579 3445 Joannis
1616 3393 1878 3459 Evangel.
1903 3395 1954 3455 6,
1981 3396 2066 3443 64.
2093 3399 2148 3443 et
2173 3390 2293 3457 ,μὴν
2317 3388 2558 3452 ζωοποιὸν
2585 3390 2846 3461 εὐλογίαν(
2883 3394 2972 3453 vl,
3001 3394 3112 3441 577.

634 3484 822 3535 Sumta
886 3489 967 3534 est
1028 3482 1289 3533 eiusmodi
1350 3480 1644 3547 adpellatio
1715 3496 1779 3530 ex
1833 3480 1862 3529 1
1904 3480 2023 3530 Cor.
2078 3483 2165 3542 10,
2219 3482 2300 3529 16.
2353 3473 2410 3529 τὸ
2461 3477 2692 3547 ποτήριον
2743 3482 2832 3543 τῆς
2887 3475 3113 3545 εὐλογίας.

630 3572 732 3621 111.
768 3572 1046 3636 Frequens
1084 3569 1443 3619 denominatio
1483 3572 1587 3617 est:
1626 3569 1712 3630 τῆς
1757 3562 1896 3635 ἁγίας
1943 3562 2138 3634 σαρκός.
2204 3567 2290 3616 Ita
2325 3572 2486 3616 vocat
2533 3580 2574 3616 s.
2603 3566 2836 3630 Cyrillus
2883 3566 3048 3623 Alex„
3081 3564 3112 3613 1.

632 3658 752 3708 XII.
790 3658 847 3707 in
882 3657 1111 3707 Joannis
1146 3656 1355 3720 Evang.
1382 3656 1465 3715 20,
1494 3656 1577 3703 27.
1628 3654 1748 3715 VII,
1777 3656 1894 3704 696.
1945 3653 2032 3703 Ita
2065 3658 2120 3702 et
2153 3667 2194 3701 s.
2223 3652 2548 3718 Cyprianus,
2587 3652 2654 3702 de
2691 3652 2874 3718 lapsis.
2912 3652 3020 3701 XV.
3047 3650 3112 3708 ΙΙ,

634 3746 749 3796 143.
810 3744 902 3794 IV.
941 3738 1261 3809 Saepissime
1297 3741 1481 3791 habito
1519 3746 1768 3806 respectu
1805 3740 1874 3789 ad
1909 3738 2111 3802 fideles,
2139 3741 2230 3805 qui
2267 3754 2386 3789 eam
2425 3739 2754 3805 accipientes
2781 3738 2990 3789 Christo
3025 3752 3114 3801 per

632 3832 811 3883 omnia
832 3832 1060 3880 maxime
1084 3831 1417 3879 uniuntur—
1432 3827 1567 3877 Coll.
1585 3828 1614 3877 1
1635 3827 1757 3877 Cor.
1781 3830 1861 3890 10,
1887 3828 1966 3877 16.
1991 3828 2126 3877 Luc.
2146 3826 2261 3876 Act.
2285 3828 2332 3889 2,
2354 3828 2438 3875 44.
2459 3854 2518 3863 -
2533 3822 2778 3887 κοινωνία,
2797 3826 3110 3885 οοιιιιιιωιίος

630 3946 697 3959 --
725 3918 793 3969 cf.
829 3917 993 3968 Cone.
1030 3917 1255 3967 Nicaeni
1288 3930 1405 3965 can.
1440 3914 1588 3964 XIII.
1622 3920 1678 3964 et
1701 3914 1898 3964 xvm.
1938 3914 2081 3980 apud
2117 3913 2470 3964 Harduinum.
2509 3914 2551 3974 ῐ,
2589 3916 2708 3963 330.
2749 3916 2795 3962 1.
2826 3941 2886 3950 -
2917 3906 3109 3968 συνάξις,

628 4000 924 4073 λειτουργία,
950 4000 1110 4065 θυσία,
1135 3997 1408 4069 προσφορά,
1434 4003 1626 4051 sumtio
1657 4002 1778 4063 cibi,
1806 4015 2005 4061 mensa,
2034 4015 2206 4050 coena
2227 4000 2463 4063 Domini,
2491 4000 2798 4049 convivium
2829 3997 3110 4065 spirituale,

631 4092 925 4159 spiritualis
964 4104 1113 4155 θοι-,ας
1152 4088 1555 4139 Sacramentum
1590 4086 1848 4147 fidelium,
1887 4084 2170 4154 μυστήριον,
2201 4087 2271 4136 ob
2309 4086 2678 4136 admirabilem
2715 4090 2769 4136 et
2802 4084 3110 4135 ineffabilem

632 4178 899 4245 quandam
936 4178 1381 4228 coniunctionem.
1442 4172 1652 4239 Corpus
1689 4178 1744 4223 et
1779 4175 1998 4239 sanguis
2033 4174 2276 4235 Domini,
2330 4173 2474 4239 quod
2519 4174 2590 4223 sit
2635 4175 2813 4239 ipsum
2855 4170 3110 4219 vivificum

629 4280 823 4331 corpus
858 4267 917 4315 in
954 4278 1049 4315 ara
1084 4264 1257 4313 crucis
1296 4260 1557 4323 oblatum,
1587 4265 1643 4310 et
1663 4259 2013 4310 inenarrabili
2045 4259 2218 4321 modo,
2257 4259 2600 4309 manentibus
2634 4260 2932 4325 specierum
2965 4256 3110 4322 panis

631 4356 687 4401 et
718 4353 831 4401 vini
868 4350 1250 4413 accidentibus,
1286 4350 1343 4398 in
1370 4349 1545 4414 ipsum
1582 4349 2172 4410 transsubstantiatum3
2215 4346 2525 4409 immolatio,
2563 4345 2884 4397 sacrificium
2921 4342 3108 4399 altaris,

630 4438 849 4501 oblatio,
890 4438 1073 4488 habito
1110 4440 1375 4502 respectu,
1403 4434 1547 4501 quod
1582 4449 1680 4500 pro
1717 4435 1952 4501 peccatis
1990 4433 2166 4484 hostia
2201 4432 2437 4483 offertur.
2485 4432 2606 4483 Non
2643 4446 2765 4482 raro
2803 4432 2867 4481 V.
2901 4435 3112 4479 vocatur

630 4524 776 4590 apud
812 4529 1028 4575 sanctos
1064 4524 1252 4575 Patres
1288 4520 1454 4583 τύπος,
1492 4515 1765 4584 ἀντίτυπον,
1789 4520 1961 4587 figura
1993 4521 2232 4587 corporis
2259 4519 2474 4583 Christi,
2512 4520 2708 4585 imago.
2755 4518 2876 4580 Quo
2909 4514 3110 4582 quidem

630 4612 845 4663 nomine
880 4612 1110 4661 exterior
1144 4610 1519 4661 Eucharistiae
1554 4624 1699 4676 pars,
1737 4622 1878 4674 quae
1911 4608 2160 4659 sensibus
2203 4607 2501 4670 subiicitur,
2537 4610 2830 4672 spectatur.
