3267 5259
1154 470 1437 524 Evangslium
1464 482 1501 512 s.
1520 469 1720 513 Joannis.
2545 456 2673 523 299

224 661 372 731 patet.
428 654 669 713 Constat
699 654 858 711 enim
888 654 1047 711 inter
1076 653 1338 711 cordatos
1368 654 1736 727 interpretes,
1771 651 2174 710 diversitatem
2205 652 2286 709 in
2329 668 2361 708 c
2377 669 2408 708 o
2425 670 2508 707 ns
2524 649 2675 709 ilio

222 758 544 817 scribendi
589 760 811 828 inesse;
855 777 993 815 non
1036 760 1114 815 in
1158 762 1576 831 argumento
1620 753 2108 833 scriptionis¹.

396 863 467 919 In
523 863 744 921 iudicio
816 881 993 938 super
1064 862 1479 921 convenientia
1537 866 1597 919 et
1655 862 1992 919 discrimine
2050 860 2089 917 J
2090 878 2336 918 oannem
2398 861 2556 917 inter
2613 863 2676 916 et

228 968 463 1046 reliquos,
495 968 797 1026 attendere
835 986 969 1025 cum
997 967 1206 1043 primis
1237 970 1493 1042 oportet:
1542 971 1818 1043 quartum
1849 965 2288 1040 Evangelistam
2317 968 2675 1039 postremum

222 1073 506 1148 scripsisse3
550 1072 799 1148 proinde
829 1072 1048 1147 optime
1078 1072 1309 1130 novisse
1338 1071 1846 1129 describendarum
1878 1070 2278 1128 Historiarum
2307 1069 2382 1126 D.
2416 1068 2493 1126 N.
2520 1068 2578 1125 J.
2605 1066 2668 1125 C.

222 1177 545 1251 provinciam
564 1222 581 1247 ,
636 1179 757 1235 iam
810 1181 949 1234 ante
1002 1197 1039 1235 a
1091 1177 1280 1234 tribus
1328 1180 1697 1251 occupatam3
1753 1180 1814 1233 et
1856 1180 2056 1233 tamen
2107 1192 2374 1232 exarasse
2425 1172 2671 1229 Librum

220 1280 473 1355 prioribus
515 1282 565 1337 si
612 1280 891 1339 volumen
934 1286 1153 1356 spectes
1196 1280 1319 1339 fere
1363 1299 1582 1356 parem,
1630 1282 1681 1337 si
1725 1280 2060 1353 argumenti
2106 1278 2454 1353 dignitatem
2498 1276 2672 1351 longe

218 1388 554 1461 superiorem.
617 1385 945 1461 Evangelia
980 1390 1173 1445 cetera
1208 1386 1487 1460 Origenes
1504 1382 1530 1423 ‘²
1574 1384 1834 1461 adpellat
1872 1380 2148 1461 ,ἀπαρχὴν
2184 1381 2368 1453 πάσης
2397 1376 2670 1457 γραφῆςῑς

217 1489 424 1546 Joannis
468 1510 608 1548 vero
652 1489 1073 1565 Evangelium‘
1096 1486 1373 1567 ,ἀπαρχὴν
1424 1491 1531 1546 τῶν
1588 1484 1972 1565 εὒσιγγελίων.ι
2049 1488 2284 1545 Scilicet
2327 1486 2399 1544 ad
2449 1485 2668 1543 Christi

218 1593 383 1651 dilecti
412 1596 681 1668 Magistri
712 1596 803 1653 sui
836 1596 1149 1653 Personam
1181 1582 1402 1652 dudum
1431 1596 1712 1652 interiore
1745 1596 2074 1668 perceptam
2115 1595 2344 1662 animo;
2393 1594 2670 1647 externae

218 1697 581 1773 descriptionis
612 1698 988 1757 lineamentis
1019 1699 1481 1757 adumbrandam
1512 1698 1812 1772 adgressus
1835 1697 2218 1770 Evangelista
2249 1692 2298 1771 ,ὁ
2325 1691 2670 1767 ἐπιστήθιοςί,

216 1800 377 1859 voluit
420 1806 1057 1878 praestantissimorum
1099 1823 1432 1861 sermonum
1452 1848 1465 1875 ‚
1515 1822 1658 1879 quos
1704 1802 1808 1860 alii
1858 1802 2318 1875 Evangeliorum
2362 1800 2670 1873 scriptores

216 1906 415 1963 silentio
443 1910 887 1983 praeterierant,
923 1909 1149 1984 copiam
1180 1908 1386 1965 face-re.
1449 1906 1617 1969 Quod
1663 1926 1802 1965 vero
1848 1906 1941 1963 his
1987 1906 2204 1963 talibus
2250 1922 2388 1981 prae
2425 1903 2670 1979 reliquis

216 2010 433 2084 repleret
461 2032 603 2087 opus
635 2010 1037 2088 ,πνειῃοετιπιόνί
1076 2032 1195 2071 non
1226 2013 1395 2070 modo
1426 2013 1731 2086 ingenium
1761 2012 1914 2083 viri,
1963 2012 2059 2068 sed
2093 2015 2154 2067 et
2181 2009 2438 2086 Spiritus
2468 2007 2669 2065 Sancti

215 2114 451 2173 voluntas
506 2117 573 2173 in
633 2136 807 2175 causa
865 2116 1077 2181 fuerat.
1170 2116 1461 2176 Convenit
1532 2121 1878 2190 argumento
1952 2116 2180 2173 dicendi
2241 2133 2424 2188 genus
2442 2157 2456 2183 ,
2519 2111 2668 2168 mire

215 2219 429 2294 simplex
458 2226 517 2279 et
545 2241 743 2295 grave,
778 2220 1057 2299 nulloque
1087 2221 1338 2280 artificio
1367 2222 1624 2279 humano
1656 2220 1874 2298 eloquii
1904 2220 2128 2278 cultum
2145 2216 2200 2289 33
2233 2220 2377 2275 haec
2406 2220 2665 2273 attamen

218 2320 417 2396 linguae
444 2326 723 2383 scabritia
751 2326 981 2383 abunde
1011 2326 1319 2402 suppletur
1362 2326 1778 2403 mysteriorum
1823 2324 2221 2400 profunditate
2263 2328 2438 2399 atque
2468 2337 2668 2377 rerum

217 2426 582 2487 exoenentia2.
662 2430 870 2507 Neque
916 2435 1111 2489 tamen
1156 2432 1411 2488 Joannes
1462 2432 1531 2487 de
1577 2432 1750 2487 rebus
1795 2450 1830 2487 a
1873 2429 2104 2486 Christo
2153 2430 2328 2502 gestis
2377 2425 2664 2481 scribens:

216 2648 473 2703 salvatoris
508 2658 759 2705 naturam
797 2654 873 2701 ita
909 2669 1122 2719 quoque
1160 2668 1193 2703 a
1230 2652 1561 2719 Synopticis,
1609 2668 1746 2717 quos
1782 2656 2004 2713 vocant,
2053 2652 2378 2700 adstructam
2415 2654 2473 2698 ut
2508 2647 2668 2698 facile

216 2739 645 2789 animadvertatur.
712 2739 793 2789 cf.
819 2739 871 2790 J.
896 2738 1060 2803 Pare,
1100 2740 1225 2790 diss.
1265 2740 1331 2789 de
1367 2740 1631 2791 Johannis
1670 2740 1968 2805 Evangelio
2017 2755 2125 2788 non
2169 2752 2388 2804 prorsus
2427 2734 2668 2787 dissimili

214 2826 440 2888 priorIbus
457 2828 775 2893 Evangeliis
794 2843 896 2877 nec
921 2828 988 2877 ob
1010 2826 1491 2877 dissimilitudinem
1518 2827 1864 2893 repudiando.
1903 2828 2045 2877 Trai.
2067 2826 2136 2875 ad
2153 2825 2252 2875 Rh.
2277 2824 2426 2874 1828.
2447 2840 2500 2889 p.
2521 2824 2602 2872 12.
2623 2838 2666 2872 s.

392 2914 520 2979 ¹)'Si
556 2915 952 2965 meminerimus
989 2930 1164 2979 neque
1189 2914 1471 2975 Joannem,
1514 2930 1689 2979 neque
1715 2912 2051 2979 Synopticos,
2089 2913 2268 2963 omnia
2303 2911 2464 2961 Jesus
2499 2908 2668 2959 verba

216 3006 258 3047 et
284 3008 392 3051 scta
424 3003 621 3052 referre
654 3002 917 3065 voluisse3
954 3001 1118 3066 plena
1144 3003 1320 3067 imago
1346 3002 1561 3051 Domini
1586 3003 1766 3050 Nostri
1794 3001 2002 3050 collatis
2028 3001 2396 3064 contextisque
2422 2997 2668 3047 omnibus

214 3092 408 3151 quatuor
430 3090 897 3155 Evangelistarum
924 3090 1101 3139 Libris
1127 3094 1494 3154 cognoscetur.
1542 3088 1652 3137 Sua
1688 3088 1849 3153 elegit
1883 3104 1979 3138 suo
2014 3086 2256 3151 singulus
2287 3085 2510 3134 consilio
2535 3084 2665 3133 scri-

214 3179 333 3237 ptor;
358 3192 483 3226 unus
508 3191 729 3227 narrare
753 3177 933 3226 omnia
948 3192 1049 3225 nec
1068 3178 1254 3241 potuit,
1280 3192 1380 3226 nec
1398 3175 1583 3225 voluit.
1608 3176 1673 3225 V.
1693 3175 1904 3240 Proleg.
1956 3174 1997 3237 ³)
2027 3173 2244 3231 Comm.,
2269 3174 2325 3221 in
2345 3172 2446 3221 Ev.
2466 3171 2664 3220 Joann.

214 3264 409 3312 t1.n.5.
424 3265 469 3313 6.
484 3280 533 3329 p.
552 3264 634 3312 12.
685 3262 729 3327 ²)
758 3260 943 3312 Sermo
969 3277 1195 3327 graecus
1221 3262 1449 3327 quidem,
1474 3260 1570 3312 sed
1594 3262 1650 3310 in
1676 3262 1776 3310 hoc
1803 3276 1836 3311 a
1860 3276 2004 3311 more
2026 3260 2246 3309 Graecis
2270 3260 2466 3309 usitato
2494 3257 2662 3306 disce-

214 3344 337 3411 dens,
360 3350 492 3415 quod
518 3350 817 3415 participiis
843 3348 1227 3414 propemodum
1252 3353 1448 3409 careat,
1474 3350 1563 3397 vix
1582 3363 1690 3397 non
1711 3362 1920 3413 semper
1943 3347 2244 3413 praeteritis
2269 3349 2464 3406 utatur,
2493 3344 2664 3394 soloc-

216 3434 375 3485 eismos
407 3436 675 3498 adhibeat,
712 3438 769 3484 in
795 3435 1167 3487 construendis
1202 3436 1437 3501 periodis
1462 3436 1866 3485 coniunctiones
1891 3433 2141 3499 negligat,
2179 3432 2302 3481 hinc
2329 3432 2498 3481 oratio
2525 3430 2661 3480 adeo

214 3520 441 3585 intercisa,
478 3528 559 3573 tot
592 3523 939 3589 repetitiones
975 3538 1184 3584 vocum,
1220 3521 1459 3572 membra
1483 3522 1684 3572 soluta:
1727 3526 1788 3570 ut
1821 3520 1906 3571 vel
1943 3521 2066 3570 ideo
2103 3522 2148 3570 si
2185 3520 2363 3584 graeci
2399 3518 2665 3567 idiomatis

215 3610 473 3673 proprietas
518 3614 793 3675 spectetur
834 3610 1011 3659 minus
1062 3609 1334 3674 eleganter
1379 3613 1434 3658 et
1478 3608 1640 3673 plane
1685 3607 1754 3657 ad
1790 3609 2060 3673 ingenium
2098 3607 2314 3671 linguae
2363 3602 2664 3655 aramaicae

213 3690 436 3745 Joannern
461 3697 703 3746 locutum
728 3697 935 3745 censeri
959 3697 1143 3761 possit.
1179 3696 1329 3745 Idem
1356 3711 1567 3761 quoque
1591 3694 1739 3744 valet
1763 3694 1828 3744 de
1855 3696 1968 3743 eius
1995 3693 2252 3759 epistolis.
2296 3692 2338 3756 2)
2369 3690 2664 3756 „Quodque

212 3780 363 3830 mirum
406 3787 485 3831 est
530 3787 715 3832 tantus
760 3782 853 3831 ille
901 3782 1128 3844 clamor,
1177 3797 1285 3831 non
1334 3796 1492 3845 asper
1538 3785 1619 3830 est
1664 3798 1772 3830 non
1815 3782 2085 3841 insuavis,
2132 3780 2226 3831 sed
2272 3780 2414 3829 omni
2461 3778 2666 3829 musica

214 3862 481 3919 harmonica
514 3869 804 3919 iucundior
830 3874 883 3918 et
906 3868 1327 3929 desiderabilior,
1367 3867 1437 3918 ad
1462 3868 1595 3917 haec
1620 3883 1748 3917 vero
1773 3868 2138 3917 sanctissimus
2167 3871 2262 3929 est,
2301 3871 2354 3916 et
2378 3863 2662 3915 admodum

215 3955 499 4018 tremendus,
554 3960 637 4005 tot
691 3956 903 4005 arcanis
956 3956 1197 4020 plenus.“
1272 3954 1323 4004 J.
1361 3954 1800 4020 Chrysostomus,
1847 3954 1986 4004 hom.
2022 3955 2080 4003 in
2116 3954 2313 4003 Joann.
2351 3952 2403 4013 1,
2442 3954 2488 4001 1.
2521 3967 2574 4015 p.
2613 3951 2661 3999 2.

216 4036 475 4093 omittimus
499 4043 729 4093 aliorum
755 4043 821 4092 de
848 4042 1059 4092 dicendi
1096 4058 1291 4107 genere
1328 4057 1371 4092 s.
1395 4043 1623 4092 Joannis
1649 4041 1864 4103 iudicia,
1904 4056 2042 4105 quae
2067 4055 2259 4105 magno
2285 4040 2418 4088 satis
2441 4052 2660 4087 numero

216 4124 407 4179 dabunt:
452 4130 512 4180 C.
552 4129 617 4180 Gr.
654 4128 914 4192 Stronck,
961 4129 1029 4179 de
1074 4129 1319 4178 doctrina
1364 4134 1419 4179 et
1464 4128 1694 4178 dictione
1731 4128 1960 4178 Joannis
1997 4126 2258 4192 Apostoli.
2317 4125 2446 4174 Trai
2479 4139 2528 4172 a.
2561 4122 2661 4171 Rh.

216 4214 331 4264 1597.
364 4234 413 4281 p.
448 4219 533 4267 61.
569 4218 689 4267 206.
726 4232 766 4267 ει.
829 4216 898 4265 H.
932 4216 1001 4265 H.
1038 4216 1262 4265 Donker
1300 4215 1539 4276 Curtius,
1580 4215 1648 4265 de
1681 4215 1904 4280 Apocal.
1942 4214 2028 4264 ab.
2065 4212 2174 4262 ind.
2209 4212 2377 4262 doctr.
2415 4215 2470 4259 et
2503 4210 2660 4260 scrib.

216 4302 380 4352 ratione
410 4304 461 4353 J.
502 4304 568 4353 A.
616 4319 725 4353 non
772 4302 1109 4353 abhorrente.
1172 4304 1321 4352 1799.
1380 4302 1433 4352 J.
1476 4302 1543 4351 D.
1590 4301 1843 4363 Schulze,
1893 4301 1995 4354 der.
2023 4298 2347 4350 schriftstell.
2397 4297 2555 4348 Char.
2601 4312 2656 4347 u.

216 4383 377 4439 worth.
400 4390 447 4440 d.
472 4391 597 4441 Joh.
623 4391 812 4455 Leipz.
843 4391 993 4439 1811.
1021 4406 1072 4455 p.
1100 4392 1183 4439 63.
1208 4404 1251 4438 s.
1300 4389 1353 4438 J.
1378 4389 1439 4438 A.
1467 4388 1746 4453 Seyffarth‚
1772 4389 1992 4452 Beitrag
2027 4402 2120 4435 zur
2158 4384 2656 4451 Specialcharakte-

219 4472 335 4524 fistik
358 4476 403 4525 d.
427 4478 549 4528 Joh.
578 4477 727 4527 Schr.
762 4477 947 4542 Leipz.
978 4477 1127 4526 1823.
1158 4492 1211 4541 p.
1241 4478 1323 4526 29.
1350 4490 1391 4524 s.
1440 4475 1691 4536 Kuinoel,
1719 4475 1918 4525 Comm.
1955 4490 2006 4538 p.
2031 4474 2118 4523 49.
2143 4488 2184 4521 s.
2235 4472 2486 4533 Credner,
2519 4470 2662 4520 Einl.

216 4555 246 4617 Ι,
272 4563 369 4613 222.
402 4578 443 4613 a.
488 4564 705 4626 nacke,
758 4562 957 4613 eomm.
984 4562 1037 4625 1,
1078 4562 1194 4613 168.
1232 4577 1273 4612 a.
1339 4562 1686 4623 Neudecker,
1737 4560 2024 4611 Lehrbnoh
2060 4559 2112 4610 d.
2148 4560 2199 4610 h.
2237 4559 2318 4609 kr.
2355 4558 2496 4609 niul.
2537 4560 2572 4607 i.
2610 4558 2660 4607 d.

217 4644 261 4697 X.
292 4650 341 4698 T.
374 4669 422 4717 p.
458 4654 576 4702 299.
