3267 5259
1242 456 1353 498 Crux
1382 455 1569 497 Domini.
2514 444 2646 509 253

202 632 336 689 Rom.
400 636 587 691 1779.
648 652 705 709 p.
771 637 873 691 43.
933 635 1157 706 Eiusd.,
1228 636 1299 692 de
1364 635 1549 693 Cruee
1604 635 1912 693 Veliterna
1969 654 2173 694 comm.
2231 635 2398 693 Rom.
2459 640 2648 695 1780.

204 757 247 811 p.
308 740 433 795 133.
524 738 931 796 Meminerant
990 745 1051 797 et
1112 740 1293 815 prisci
1354 739 1668 816 scriptores
1711 739 1984 799 nonnulli
2029 744 2282 817 quatuor
2326 740 2646 799 clavorum.

201 842 317 897 Cum
353 843 461 899 duo
506 844 679 917 pedes
722 861 843 901 non
884 843 1111 919 possint
1162 847 1459 904 commode
1510 846 1674 920 ligno
1718 844 1884 919 affigi
1931 863 2049 902 uno
2093 844 2259 903 clavo
2276 889 2290 915 ,
2349 844 2644 921 probabili

202 945 417 1003 sumitur
460 946 799 1005 coniectura
842 946 1209 1007 Salvatorem
1255 954 1521 1009 nostrum
1564 954 1818 1026 quatuor
1861 949 2044 1007 clavis
2103 948 2454 1007 crucifixum
2509 970 2646 1007 esse.

202 1050 275 1106 Ex
312 1051 703 1109 Historiarum
766 1053 1205 1111 enarratoribus
1224 1098 1237 1125 ,
1308 1052 1411 1131 qui
1478 1053 1786 1111 inventam
1837 1072 1874 1110 a
1939 1074 1987 1111 s.
2032 1052 2262 1111 Helena
2305 1053 2528 1111 Christi
2572 1054 2648 1111 D.

203 1172 391 1211 crucem
434 1157 705 1227 recitant,
754 1156 1021 1234 plerique
1063 1162 1317 1234 quatuor
1360 1158 1535 1215 simul
1582 1158 1794 1229 clavoe,
1860 1157 2073 1235 quibus
2119 1158 2388 1215 Salvator
2431 1158 2650 1215 affixus

202 1264 281 1328 est,
321 1261 581 1318 inventos
626 1260 901 1319 retulere.
948 1261 1039 1319 Cf.
1072 1262 1439 1334 Theodoreti‚
1488 1262 1706 1321 Eccles.
1739 1262 1899 1321 Hist.
1931 1262 1984 1334 Ι,
2027 1268 2124 1320 18.
2171 1282 2229 1338 p.
2275 1266 2377 1320 48.
2425 1262 2647 1320 Cassio-

205 1363 319 1431 dori,
360 1362 441 1421 H.
484 1364 553 1421 E.
602 1364 983 1440 Tripartitae.
1031 1366 1117 1437 Π,
1172 1370 1269 1424 18.
1318 1386 1376 1442 p.
1414 1371 1557 1424 215.
1603 1367 1923 1441 Nicephori
1956 1366 2203 1438 Callisti,
2251 1368 2320 1425 E.
2353 1368 2434 1425 Η.
2467 1367 2645 1439 VIII,

208 1470 285 1523 29.
324 1486 378 1542 p.
427 1472 501 1525 39
514 1472 567 1526 7.
616 1468 1007 1545 Theophanis,
1056 1471 1615 1546 Chronographiam‚
1665 1472 1730 1528 in
1776 1472 1865 1529 ed.
1913 1471 2126 1547 Script.
2158 1472 2299 1530 hist.
2333 1474 2466 1555 byg.
2499 1472 2646 1529 Ven.

214 1575 367 1629 1729.
410 1573 513 1645 VI,
566 1578 667 1631 17.
714 1574 831 1631 Per
875 1576 1231 1634 occasionem
1276 1574 1595 1633 clavorum.
1640 1575 1696 1633 J.
1745 1575 1808 1633 C.
1855 1595 1929 1633 ex
1975 1577 2188 1653 quibus
2233 1576 2429 1651 plures
2473 1594 2652 1654 quam

202 1684 413 1750 quatuor
473 1679 539 1735 in
596 1678 850 1736 diversis
906 1679 1183 1737 Ecclesiis
1224 1698 1599 1750 veneramur,
1668 1684 1958 1755 putarunt
2001 1679 2336 1739 Acatholici
2379 1700 2544 1756 posse
2589 1700 2648 1739 se

203 1780 393 1839 cultum
418 1783 887 1858 superstitiosum
916 1784 1211 1841 Ecclesiae
1240 1783 1573 1843 Catholicae
1620 1787 1994 1859 exprobrare.
2043 1782 2424 1843 concedimus
2454 1784 2650 1861 plures

203 1883 361 1943 clavos
401 1906 571 1963 quam
618 1892 873 1965 quatuor
926 1888 1239 1947 monstrari
1256 1933 1270 1960 ,
1347 1890 1444 1947 sed
1499 1889 1561 1946 id
1623 1908 1742 1948 non
1787 1889 2060 1965 prohibet
2104 1890 2414 1965 quominus
2457 1888 2650 1947 cultus

203 1988 315 2063 ipsis
366 1992 663 2051 exhibitus
723 1992 1069 2071 antiquitati
1130 1998 1549 2050 consentaneus
1590 1994 1689 2052 sit.
1764 1992 2188 2068 Multiplicatio
2233 2012 2484 2071 namque
2529 1994 2648 2051 cla-

202 2112 377 2151 vorum
416 2096 488 2154 D.
532 2098 611 2155 N.
657 2096 714 2154 J.
762 2097 823 2155 C.
880 2098 1025 2155 oriri
1084 2101 1275 2172 potest
1317 2116 1369 2155 a.
1432 2096 1575 2175 quia
1630 2102 1864 2172 praeter
1906 2102 2160 2175 quatuor
2203 2084 2413 2173 eorpus
2455 2116 2646 2155 sacra-

203 2199 453 2258 tissimum
479 2201 743 2276 figentes,
778 2202 882 2259 alii
914 2208 1311 2260 transversam
1342 2202 1531 2259 crucis
1562 2206 1792 2277 partem
1821 2206 1996 2279 atque
2027 2202 2272 2260 titulum
2303 2202 2644 2277 affigebant.

203 2303 393 2363 Deinde
432 2308 487 2364 b.
532 2305 734 2364 fideles
778 2310 845 2364 ut
891 2307 1097 2383 pietati
1144 2326 1281 2365 suae
1324 2306 1730 2365 satisfacerent
1791 2305 1935 2364 alios
1983 2306 2336 2365 verisimiles
2379 2306 2643 2365 elabora-

204 2414 333 2479 runt,
374 2430 507 2488 quos
550 2416 683 2486 post
728 2416 1061 2470 contactum
1106 2411 1363 2481 illorum,
1412 2411 1514 2489 qui
1559 2410 1625 2468 in
1657 2410 1928 2469 Passione
1967 2430 2174 2471 revera
2203 2410 2458 2469 adhibiti
2489 2417 2647 2481 sunt,

202 2512 475 2586 diligenter
518 2515 847 2573 coluerunt.
894 2515 1073 2573 Cuius
1117 2515 1332 2573 veteris
1379 2515 1816 2574 consuetudinis
1859 2520 2088 2591 praesto
2133 2514 2314 2579 nobis,
2332 2520 2418 2573 est
2447 2534 2646 2573 exem-

204 2614 339 2690 plum
378 2620 599 2694 insigne
644 2620 704 2678 S.
752 2620 947 2677 Caroli
990 2621 1359 2691 Borromaei,
1408 2621 1511 2697 qui
1567 2619 1830 2694 geminas
1889 2640 1936 2677 s.
1983 2619 2152 2678 Clavi
2198 2618 2650 2677 Mediolanensis

204 2721 445 2796 imagines
502 2726 763 2783 eiusdem
808 2728 1095 2783 -contactu
1144 2725 1549 2794 consecravit3
1610 2743 1750 2782 mox
1814 2725 1964 2782 dono
2027 2724 2192 2782 misit
2236 2723 2513 2799 Philippo
2559 2722 2648 2780 II.

208 2824 585 2901 Hispaniarum
634 2830 761 2903 regi
806 2828 1071 2901 alteram,
1121 2829 1367 2887 alteram
1410 2832 1621 2886 Annae
1667 2830 2058 2905 Ayamontiae
2100 2828 2412 2886 Insubriae
2457 2828 2650 2885 mode-

206 2934 377 2989 ratoris
426 2936 621 2991 uxori.
713 2933 783 3008 L.
827 2934 896 2991 B.
943 2934 1249 3005 Oltrochii,
1314 2934 1385 2990 de
1442 2934 1572 2991 vita
1630 2938 1692 2990 et
1734 2933 1910 3007 gestis
1953 2932 2011 2990 S.
2059 2932 2253 2990 Caroli
2297 2932 2365 2990 B.
2413 2930 2649 2989 Mediol.

210 3040 357 3094 1751.
396 3056 453 3113 p.
500 3042 647 3097 346.
696 3038 1137 3116 Nonnunquam
1167 3038 1346 3095 etiam
1376 3038 1605 3108 accidit,
1653 3042 1724 3095 ut
1752 3037 1912 3095 Deus
1951 3038 2026 3095 ad
2063 3056 2364 3095 servorum
2407 3054 2644 3094 suorum

206 3136 438 3211 pietatem
478 3144 987 3215 remunerandam,
1052 3143 1207 3201 mira
1263 3143 1421 3201 facta
1478 3140 1809 3218 patraverit
1866 3160 1971 3217 ope
2030 3141 2358 3216 imaginum
2401 3141 2650 3197 istarum

206 3260 319 3317 quae
356 3246 645 3306 Passionis
687 3266 827 3305 suae
854 3248 1250 3305 instrumenta
1291 3247 1642 3305 referebant.
1706 3246 1779 3304 V.
1825 3246 1867 3303 i.
1915 3245 2206 3304 Honorati
2251 3266 2288 3303 a
2329 3244 2388 3303 S.
2434 3244 2644 3313 Maria,
2751 3286 2764 3299 .

210 3348 457 3409 animadv.
504 3352 571 3408 in
616 3370 739 3426 reg.
787 3356 847 3410 et
890 3372 1061 3410 usum
1106 3350 1370 3409 Critices.
1417 3351 1540 3408 III.
1588 3350 1630 3408 l.
1682 3354 1738 3408 5.
1771 3349 1843 3420 V,
1897 3354 1954 3407 5.
2000 3370 2058 3425 p.
2099 3353 2241 3407 147.
2279 3353 2420 3407 148.
2466 3348 2650 3405 Bene·

210 3450 391 3511 dietum
431 3454 631 3527 XIV„
680 3456 751 3512 de
796 3455 925 3513 fest.
974 3455 1015 3513 l.
1063 3474 1113 3513 c.
1160 3476 1220 3513 n.
1271 3460 1372 3513 87.
1420 3474 1477 3529 p.
1528 3459 1629 3512 89.
2646 3468 2649 3471 ·

372 3558 529 3617 Illud
568 3560 823 3638 denique
866 3560 1451 3618 animadvertendum
1466 3604 1479 3629 ,
1538 3577 1712 3633 penes
1757 3558 2048 3615 Romanos
2092 3576 2314 3615 morem
2359 3554 2652 3613 exstitisse

210 3662 449 3720 morituro
476 3662 775 3721 carnificis
804 3682 1010 3734 manu,
1056 3664 1349 3739 praeferre
1389 3662 1633 3720 titulum
1650 3708 1664 3733 ,
1709 3680 1884 3739 quem
1925 3663 2050 3722 sive
2088 3681 2246 3732 reuS,
2295 3661 2418 3719 sive
2463 3659 2649 3730 miles,

208 3762 301 3819 sive
326 3767 607 3843 quispiam
638 3766 791 3825 alius
821 3768 1077 3841 gerebat.
1132 3767 1219 3825 Cf.
1246 3767 1530 3838 Suetonii,
1565 3766 1894 3841 Caligulam
1925 3786 1986 3823 n.
2015 3770 2115 3823 32.
2141 3766 2229 3823 ed.
2254 3766 2388 3840 Bip.
2420 3784 2477 3839 p.
2508 3768 2649 3821 197.

210 3864 585 3941 Domitianum,
621 3891 683 3928 n.
722 3876 820 3929 10.
854 3891 911 3947 p.
948 3874 1093 3929 363.
1140 3871 1399 3943 Eusebii,
1433 3870 1515 3929 H.
1548 3872 1617 3929 E.
1652 3870 1724 3943 V,
1761 3877 1813 3929 1.
1847 3890 1904 3946 Ρ.
1944 3876 2084 3928 162.
2135 3870 2297 3927 Hinc
2323 3867 2653 3941 colligimus

208 3974 447 4032 morituro
476 3974 773 4033 Salvatori
805 3976 1049 4033 titulum
1081 3977 1393 4051 praeivisse
1407 4020 1420 4047 ,
1464 3994 1640 4053 quem
1679 3975 1898 4032 milites
1947 3979 2146 4050 postea
2185 3972 2428 4031 affixere
2472 3973 2648 4028 cruci.

212 4072 347 4133 Nihil
385 4080 537 4136 enim
576 4080 917 4137 dubitamus
954 4081 1021 4137 in
1058 4080 1097 4137 J
1099 4100 1199 4137 esu
1236 4078 1617 4139 crucifixione
1656 4084 1892 4155 peracta
1938 4078 2136 4136 omnia
2171 4097 2208 4134 a
2237 4075 2651 4133 consuetudine

211 4182 488 4255 receptiori.
548 4182 627 4240 In
674 4183 895 4241 tabella
937 4184 1136 4257 lignea
1176 4183 1437 4259 exsculpi
1485 4184 1875 4261 excavarique
1916 4182 2138 4240 solebat
2183 4180 2421 4251 titulus,
2464 4184 2524 4236 et
2567 4179 2653 4236 ita

214 4298 315 4337 cum
338 4283 555 4345 Christo
585 4293 805 4345 actum.
868 4286 1099 4346 Pilatus
1128 4307 1305 4365 quam
1345 4287 1487 4345 tulit
1530 4288 1882 4345 sententiam
1925 4287 1990 4343 in
2031 4286 2356 4354 Christum,
2405 4283 2654 4341 dictavit

215 4385 405 4445 tabulae
430 4392 819 4461 exarandam3
852 4408 921 4448 ac
950 4393 1143 4466 prima
1170 4393 1564 4467 specie-scribi
1588 4391 1853 4449 debuisse
1875 4390 2140 4459 videtur;
2175 4390 2298 4464 ipse
2328 4387 2512 4445 dixit:
2545 4407 2654 4445 rex

216 4504 313 4545 sum
347 4492 706 4553 Judaeornm.
769 4494 957 4557 Quem
1001 4514 1139 4553 sane
1182 4495 1428 4553 titulum
1474 4516 1509 4553 a
1552 4495 1746 4553 Pilato
1783 4496 2067 4570 scriptum
2095 4492 2376 4552 volebant
2420 4492 2456 4550 J
2457 4493 2649 4550 udaei.

216 4588 499 4657 Intercessit
544 4620 689 4659 vero
742 4600 1021 4657 Numinis
1066 4600 1377 4658 consilium
1429 4599 1611 4657 Pilati
1669 4604 1925 4657 mentem
1985 4597 2314 4672 dirigentis,
2360 4598 2654 4675 scribique
