3267 5259
1148 485 1374 527 Postrema
1402 484 1565 526 Christi
1588 484 1838 526 hebdomas.
2647 469 2726 534 91

178 672 419 746 negat
450 664 490 724 ¹.
572 659 1081 727 Continuabitur
1123 659 1349 724 mundi
1396 669 1463 724 et
1491 658 1832 724 Ecclesiae
1879 657 2208 722 militantis
2255 665 2477 738 status,
2526 656 2730 742 qualis

177 774 357 838 inde
432 798 477 838 a
550 773 793 840 Christi
856 783 1071 838 aetate
1136 775 1371 858 coepit.
1455 770 1709 835 Indicia
1766 769 2049 834 reditum
2110 792 2296 834 suum
2357 769 2730 833 immediate

178 887 705 952 antecedentia
736 895 962 950 erunt:
1009 895 1322 950 venturos
1362 882 1797 965 antichristOS,
1831 892 1898 946 et
1926 881 2536 969 pseudoprophetas
2568 880 2732 944 falsa

176 999 551 1064 miracula
600 1001 937 1064 iactantes.
1003 996 1366 1062 Confestim
1406 997 1607 1060 tunc2
1647 994 1942 1059 homines
1973 993 2040 1058 id
2072 995 2334 1058 minime
2369 995 2731 1078 cogitantes

178 1113 331 1176 Dei
386 1111 617 1175 Filius
681 1133 717 1174 e
782 1110 965 1174 coelo
1029 1108 1438 1174 descendens
1500 1107 1853 1193 occupabit
1872 1111 1914 1171 ³.
1990 1106 2514 1171 Infelicissimum
2573 1105 2733 1170 illud

181 1237 491 1310 tempus
561 1226 751 1308 signa
792 1225 859 1286 in
906 1223 1073 1306 sole,
1119 1221 1275 1286 luna
1330 1231 1396 1286 et
1448 1220 1650 1286 stellis
1707 1230 2226 1307 consequentur3
2287 1221 2540 1303 signum
2587 1218 2732 1282 Filii

180 1336 516 1402 hominis
588 1335 807 1400 medio
870 1334 1054 1400 coelo
1121 1333 1475 1420 effulgens,
1540 1343 1693 1420 post
1759 1333 1934 1420 quod
2002 1335 2142 1419 ipse
2204 1331 2470 1397 tandem
2531 1331 2730 1395 Filius

174 1449 509 1514 hominis
546 1446 727 1512 nube
758 1459 987 1513 vectus
1026 1457 1225 1534 atque
1272 1447 1520 1533 angelis
1554 1449 1827 1533 stipatus
1861 1448 2098 1511 veniet.
2162 1444 2596 1524 Quaestiones
2643 1443 2726 1508 ab

178 1560 575 1647 Apostolis
623 1562 995 1647 propositae
1050 1562 1311 1646 penitus
1360 1570 1546 1624 erant
1590 1560 1875 1640 solutae,
1925 1561 2235 1624 certiores
2286 1557 2732 1623 reddebantur

176 1672 555 1739 mundum
602 1696 737 1736 non
784 1681 933 1737 ante
979 1673 1227 1737 finitam
1273 1672 1616 1758 Evangelii
1663 1671 1906 1757 ubique
1951 1672 2242 1736 locorum
2299 1673 2730 1735 annuntiatio-

175 1809 359 1850 nem
400 1795 949 1850 consummatum
984 1788 1097 1870 iri3
1142 1785 1241 1850 his
1272 1785 1467 1850 finitis
1497 1787 1729 1850 transit
1761 1784 2063 1849 Salvator
2093 1783 2180 1848 ad
2209 1783 2730 1848 adhortationem

176 1907 435 1964 sumta
481 1919 529 1960 a
575 1897 711 1961 ficu
754 1897 1167 1963 similitudine
1187 1903 1231 1963 ⁴.
1295 1897 1481 1977 Quae
1531 1898 1666 1962 dixi
1711 1897 1899 1962 vobis
1945 1896 2145 1978 addit,
2193 1899 2327 1960 sive
2363 1895 2444 1960 de
2490 1896 2728 1960 iudicio

178 2013 225 2076 J
230 2011 674 2093 udaeorum,
700 2012 834 2074 sive
861 2009 941 2074 de
968 2021 1299 2096 postremo
1327 2013 1613 2074 omnium
1639 2012 1928 2095 gentium
1954 2033 2087 2074 non
2111 2008 2357 2073 fallent.
2425 2009 2730 2093 Denique

176 2123 563 2188 vaticiniis
612 2123 744 2185 suis
790 2124 1091 2188 insistens
1136 2123 1330 2188 Jesus
1378 2122 1672 2207 subiecit,
1720 2123 1892 2187 diem
1941 2133 2006 2187 et
2050 2122 2306 2204 horam,
2357 2145 2484 2207 qua
2528 2120 2732 2185 Filius

174 2237 513 2302 hominis
539 2239 564 2276 5
625 2245 937 2300 venturus
999 2247 1129 2318 est,
1205 2260 1431 2302 omnes
1494 2247 1760 2323 praeter
1817 2237 2117 2318 Patrem,
2182 2234 2463 2299 exclusis
2535 2235 2731 2298 etiam

178 2347 481 2434 angelis
534 2349 815 2433 ipsoque
862 2347 1117 2413 Christo
1164 2350 1466 2433 ignorare
1490 2353 1531 2414 ⁶.
1596 2349 1916 2414 Confecto
1965 2348 2046 2412 de
2095 2347 2352 2412 excidio
2400 2346 2730 2431 Jerosoly-

434 2560 479 2614 ¹)
534 2559 607 2608 Ut
644 2559 811 2608 maior
846 2561 1098 2609 vaticinio
1138 2560 1367 2610 addatur
1402 2562 1774 2627 perspicuitas,
1821 2575 2070 2626 expresse
2108 2559 2300 2609 dicitur
2335 2558 2493 2608 finem
2530 2557 2732 2608 saeculi

172 2650 215 2700 J
221 2647 593 2712 erosolymis
642 2647 840 2697 eversis
885 2662 993 2696 non
1035 2647 1433 2714 interpellatum
1474 2650 1556 2698 iri.
1616 2647 1805 2698 Matth.
1843 2651 1935 2711 24,
1973 2649 2194 2696 23-26,
2255 2646 2500 2696 Profecto
2539 2645 2662 2694 inde
2699 2659 2734 2694 a

175 2753 237 2786 v.
282 2737 389 2784 23.
460 2733 740 2783 Dominus
785 2732 853 2783 ad
900 2733 1118 2786 alterius
1166 2737 1496 2801 quaestionis
1546 2737 1639 2798 24,
1677 2739 1727 2786 3.
1764 2737 1992 2801 priorem
2029 2739 2260 2801 partem,
2297 2735 2332 2783 i.
2371 2749 2416 2782 e.
2455 2733 2523 2782 ad
2569 2733 2734 2782 verba

176 2819 279 2883 „ri
322 2815 392 2871 τὸ
446 2819 666 2886 σημεῖον
710 2819 795 2882 τῆς
839 2821 929 2884 σῆς
976 2817 1277 2887 παρουσίαςίι
1324 2811 1640 2871 revertitur(
1692 2823 1870 2884 Tunc,
1920 2816 2026 2871 τότε
2072 2823 2148 2870 ait
2181 2838 2232 2871 v.
2267 2823 2377 2883 23„
2416 2825 2538 2886 post
2584 2821 2730 2870 urbis

180 2908 539 2966 excidium,
585 2907 695 2955 iam
750 2908 889 2956 enim
932 2924 984 2957 V.
1023 2909 1106 2956 22.
1152 2909 1297 2958 facta
1342 2913 1459 2958 erat
1504 2911 1701 2959 mentio
1755 2909 1938 2958 finitae
1993 2908 2344 2971 obsessionis,
2402 2923 2511 2956 non
2555 2908 2731 2957 statim

174 2997 327 3046 finis
372 2992 583 3042 mundi
623 2996 704 3041 est
740 2994 1143 3058 exspectandus.
1206 2993 1247 3060 ²)
1291 2994 1478 3045 Matth.
1511 2998 1592 3059 24,
1620 2997 1704 3046 29.
1731 2992 1924 3056 εὐθέως,
1948 2999 2182 3060 repente.
2238 2991 2278 3061 ³)
2317 2994 2397 3043 Of.
2426 2993 2488 3044 G.
2515 2994 2730 3043 Werns-

178 3081 405 3142 don-fii,
450 3079 599 3143 disp.
634 3079 699 3127 (le
737 3078 971 3129 adventu
998 3079 1058 3129 C.
1091 3081 1187 3130 ult.
1219 3081 1369 3130 Witt.
1399 3083 1549 3131 1714.
1574 3099 1625 3147 p.
1654 3083 1736 3132 63.
1799 3081 1840 3147 4)
1878 3081 2154 3144 Quomodo
2193 3083 2251 3130 in
2285 3081 2387 3130 ficu
2426 3082 2558 3130 rami
2593 3081 2728 3129 revi-

180 3170 538 3226 rescentes,
577 3180 911 3230 nascensque
959 3182 1113 3216 coma
1150 3169 1631 3234 appropinquantis
1669 3169 1888 3218 aestatis
1925 3169 2080 3234 signa
2126 3173 2275 3230 sunt3
2321 3169 2398 3218 ita
2434 3183 2554 3216 cum
2595 3166 2730 3216 haec

178 3256 403 3305 omnia
444 3251 736 3318 praedicta
772 3251 1227 3319 adimplebuntur,
1264 3254 1640 3320 intelligerent,
1681 3257 1807 3320 quia
1842 3271 2006 3320 prope
2044 3261 2126 3305 est
2162 3271 2380 3320 regnum
2416 3255 2532 3303 Dei.
2595 3253 2728 3302 Luc.

178 3347 291 3404 ⁴21,
340 3342 442 3390 31.
499 3338 691 3403 Regno
728 3340 1038 3405 viribusque
1074 3339 1383 3390 Antichristi
1421 3341 1874 3392 invalescentibus
1917 3343 2131 3403 scirent,
2170 3341 2422 3391 iudicium
2470 3338 2728 3405 paulatim

178 3428 692 3496 appropinquare.
750 3425 1094 3492 vigilandum
1139 3429 1299 3492 igitur
1345 3429 1676 3494 cumprimis,
1720 3429 1846 3494 quia
1892 3443 2082 3478 aevum
2127 3428 2408 3477 Ecclesiae
2455 3427 2730 3476 militantis

181 3512 673 3574 continuabitur,
719 3528 937 3578 regnum
982 3513 1087 3563 Dei
1132 3515 1443 3565 continuum
1487 3515 1849 3581 invictumque
1896 3517 2074 3581 capiet
2117 3531 2184 3564 ex
2229 3514 2559 3564 ethnicorum
2605 3529 2728 3563 eon-

178 3603 483 3652 versione
525 3598 920 3662 incrementum,
948 3600 1117 3650 donec
1140 3601 1499 3666 Evangelium
1524 3601 1593 3651 ad
1618 3602 1948 3652 Judaeorum
1979 3607 2191 3668 gentem
2228 3616 2498 3651 reversum
2536 3599 2732 3649 efficiet

180 3703 391 3740 unum
430 3701 657 3751 gregem
682 3685 780 3734 sub
817 3701 924 3735 uno
962 3693 1193 3751 pastore.
1241 3687 1363 3738 Non
1400 3693 1575 3737 tamen
1613 3688 1846 3738 defuturi
1883 3694 2031 3751 sunt,
2068 3689 2159 3754 qui
2185 3688 2321 3739 falso
2347 3703 2464 3738 sese
2492 3687 2730 3736 Christos

188 3772 551 3842 appellent,
600 3771 771 3836 ipsum
806 3787 933 3822 vero
982 3772 1236 3823 iudicium
1283 3774 1457 3824 subito
1502 3776 1686 3824 irruet.
1756 3775 1971 3825 Interim
2019 3790 2150 3840 gens
2185 3774 2418 3824 fidelium
2453 3768 2592 3842 γενεὰ
2633 3773 2732 3822 τῶν

178 3861 438 3919 πιστῶν,
464 3857 724 3908 Ecclesia
748 3857 945 3910 Christi
968 3875 1003 3908 a
1026 3859 1175 3910 nullo
1200 3861 1545 3926 impostorum
1582 3861 1808 3910 discissa
1842 3862 2192 3927 permanebit.
2243 3862 2328 3911 Ita
2353 3863 2731 3926 interpretatur

182 3967 233 4000 s.
268 3948 739 4011 chrysostomus,
776 3946 833 3994 in
867 3945 928 3994 P.
953 3946 1180 4010 Possini,
1217 3945 1270 3996 S.
1295 3947 1365 4007 J.,
1405 3947 1611 3997 catena
1645 3949 1704 3997 P.
1729 3949 1789 3997 P.
1817 3947 2008 3998 Graec.
2033 3949 2178 3998 XXI.
2205 3949 2260 3998 in
2283 3948 2472 3998 Matth.
2498 3947 2728 3996 Tolosae

186 4037 379 4088 1646.
452 4031 718 4091 „Nomine
762 4033 1122 4096 generationis
1158 4033 1317 4082 huius
1353 4035 1543 4083 seriem
1580 4035 2082 4099 successionemque
2123 4034 2358 4085 fidelium
2395 4032 2658 4098 intelligit,
2697 4047 2732 4082 a

180 4131 471 4187 tempore
514 4117 931 4182 praedicationis
956 4133 1024 4168 ac
1048 4121 1497 4170 manifestationis
1522 4119 1591 4169 ad
1615 4123 2122 4170 consummationem
2147 4121 2330 4170 mundi
2363 4121 2728 4185 pertinentem.

190 4213 295 4261 De
342 4207 461 4256 hac
504 4205 645 4252 enim
681 4219 865 4254 verum
902 4209 983 4254 est
1014 4205 1159 4271 quod
1196 4206 1403 4269 dieitur,
1440 4222 1547 4256 non
1585 4207 1926 4258 transituram
1963 4208 2149 4272 ipsam,
2189 4207 2358 4256 donec
2395 4207 2572 4255 omnia
2608 4206 2728 4268 ista,

188 4310 363 4364 quae
421 4292 749 4342 denuntiata
793 4296 941 4352 suut,
988 4292 1167 4341 fiant.“
1214 4309 1267 4358 p.
1310 4295 1429 4342 324.
1489 4292 1639 4342 Idem
1683 4292 1823 4342 hom.
1865 4293 2136 4342 LXXVII.
2176 4294 2232 4342 in
2277 4292 2466 4341 Matth.
2511 4309 2565 4357 p.
2613 4294 2730 4342 741.

188 4387 239 4450 ὁ)
270 4384 357 4433 D.
383 4397 439 4445 q.
460 4394 518 4427 v.
545 4377 767 4443 disquis.
794 4377 861 4427 de
886 4378 1085 4428 nomin.
1107 4377 1228 4429 Chr.
1280 4377 1319 4445 ὅ)
1345 4381 1464 4441 Quo
1485 4394 1648 4430 sensu
1667 4378 1858 4430 dixerit
1879 4379 2136 4440 Christus,
2163 4381 2218 4430 in
2245 4394 2351 4444 quo
2380 4385 2439 4429 ut
2464 4395 2506 4429 s.
2526 4380 2730 4431 Paulus

196 4473 289 4521 ait
342 4467 423 4517 ad
468 4463 681 4514 Coloss.
720 4467 778 4526 2,
814 4467 863 4513 3.
912 4470 1070 4525 „sunt
1118 4481 1299 4515 omnes
1352 4465 1589 4516 thesauri
1633 4467 1930 4532 sapientiae
1976 4469 2030 4515 et
2075 4465 2330 4516 scientiae
2375 4467 2728 4530 absconditi“,

195 4561 491 4623 ignorare
516 4565 577 4602 se
600 4550 737 4600 diem
763 4551 961 4613 iudicii,
990 4553 1129 4600 omni
1157 4567 1291 4602 aevo
1319 4553 1555 4602 exercuit
1573 4553 1906 4618 interpretes.
1935 4551 1986 4602 S.
2008 4551 2294 4618 Gregorius
2319 4553 2408 4616 M„
2436 4555 2587 4620 epist.
2607 4554 2642 4603 l.
2661 4555 2728 4604 X.

192 4643 325 4694 ind.
366 4642 421 4690 3.
462 4637 537 4688 ad
570 4636 863 4702 Eulogium
897 4637 1040 4687 Patr.
1072 4637 1155 4687 Al.
1183 4654 1267 4704 ep.
1296 4638 1378 4688 39.
1412 4638 1481 4700 11,
1512 4641 1662 4689 1070.
1689 4641 1766 4689 sic
1791 4639 2021 4704 explieat
2077 4640 2266 4702 „Unde
2303 4645 2357 4690 et
2391 4641 2550 4690 Pater
2585 4641 2732 4691 solus
