<?xml version="1.0" encoding="UTF-8"?>
<!DOCTYPE html PUBLIC "-//W3C//DTD XHTML 1.0 Transitional//EN"
    "http://www.w3.org/TR/xhtml1/DTD/xhtml1-transitional.dtd">
<html xmlns="http://www.w3.org/1999/xhtml" xml:lang="en" lang="en">
 <head>
  <title>
</title>
<meta http-equiv="Content-Type" content="text/html;charset=utf-8" />
  <meta name='ocr-system' content='tesseract 3.04.00' />
  <meta name='ocr-capabilities' content='ocr_page ocr_carea ocr_par ocr_line ocrx_word'/>
</head>
<body>
  <div class='ocr_page' id='page_1' title='image "./historiarevelat00unkngoog_0647.png"; bbox 0 0 3267 5259; ppageno 0'>
   <div class='ocr_carea' id='block_1_1' title="bbox 1176 422 2716 487">
    <p class='ocr_par' dir='ltr' id='par_1_1' title="bbox 1176 422 2716 487">
     <span class='ocr_line' id='line_1_1' title="bbox 1176 422 2716 487; baseline 0.003 -10"><span class='ocrx_word' id='word_1_1' title='bbox 1176 436 1308 477; x_wconf 81' lang='lat' dir='ltr'>Liber</span> <span class='ocrx_word' id='word_1_2' title='bbox 1331 436 1607 487; x_wconf 78' lang='lat' dir='ltr'>propheticus</span> <span class='ocrx_word' id='word_1_3' title='bbox 1639 437 1690 477; x_wconf 80' lang='lat' dir='ltr'>N.</span> <span class='ocrx_word' id='word_1_4' title='bbox 1721 437 1772 476; x_wconf 84' lang='lat' dir='ltr'>T.</span> <span class='ocrx_word' id='word_1_5' title='bbox 2587 422 2716 487; x_wconf 79' lang='lat'>519</span> 
     </span>
    </p>
   </div>
   <div class='ocr_carea' id='block_1_2' title="bbox 230 614 2722 2265">
    <p class='ocr_par' dir='ltr' id='par_1_2' title="bbox 230 614 2718 901">
     <span class='ocr_line' id='line_1_2' title="bbox 230 614 2716 695; baseline -0.001 -20"><span class='ocrx_word' id='word_1_6' title='bbox 230 624 410 689; x_wconf 88' lang='lat' dir='ltr'>turas,</span> <span class='ocrx_word' id='word_1_7' title='bbox 456 636 631 695; x_wconf 88' lang='lat' dir='ltr'>quem</span> <span class='ocrx_word' id='word_1_8' title='bbox 658 618 767 675; x_wconf 75' lang='lat' dir='ltr'>vix</span> <span class='ocrx_word' id='word_1_9' title='bbox 799 617 1011 695; x_wconf 89' lang='lat' dir='ltr'>aliquis</span> <span class='ocrx_word' id='word_1_10' title='bbox 1042 618 1297 691; x_wconf 85' lang='lat' dir='ltr'>cogitare</span> <span class='ocrx_word' id='word_1_11' title='bbox 1327 618 1625 693; x_wconf 88' lang='lat' dir='ltr'>potuisset,</span> <span class='ocrx_word' id='word_1_12' title='bbox 1663 618 1876 673; x_wconf 90' lang='lat' dir='ltr'>nedum</span> <span class='ocrx_word' id='word_1_13' title='bbox 1907 617 2208 692; x_wconf 86' lang='lat' dir='ltr'>suspicari.</span> <span class='ocrx_word' id='word_1_14' title='bbox 2255 614 2526 691; x_wconf 88' lang='lat' dir='ltr'>Ipsarum</span> <span class='ocrx_word' id='word_1_15' title='bbox 2556 617 2716 675; x_wconf 90' lang='lat' dir='ltr'>enim</span> 
     </span>
     <span class='ocr_line' id='line_1_3' title="bbox 230 720 2718 797; baseline -0 -18"><span class='ocrx_word' id='word_1_16' title='bbox 230 722 701 797; x_wconf 77' lang='lat' dir='ltr'>persecutionum</span> <span class='ocrx_word' id='word_1_17' title='bbox 746 741 853 797; x_wconf 87' lang='lat' dir='ltr'>ope</span> <span class='ocrx_word' id='word_1_18' title='bbox 896 722 1191 791; x_wconf 83' lang='lat' dir='ltr'>futurum3</span> <span class='ocrx_word' id='word_1_19' title='bbox 1242 726 1311 779; x_wconf 89' lang='lat' dir='ltr'>ut</span> <span class='ocrx_word' id='word_1_20' title='bbox 1347 721 1420 777; x_wconf 89' lang='lat' dir='ltr'>D.</span> <span class='ocrx_word' id='word_1_21' title='bbox 1466 721 1543 778; x_wconf 89' lang='lat' dir='ltr'>N.</span> <span class='ocrx_word' id='word_1_22' title='bbox 1582 721 1638 777; x_wconf 87' lang='lat' dir='ltr'>J.</span> <span class='ocrx_word' id='word_1_23' title='bbox 1680 720 1744 779; x_wconf 93' lang='lat' dir='ltr'>C.</span> <span class='ocrx_word' id='word_1_24' title='bbox 1792 720 2082 780; x_wconf 83' lang='lat' dir='ltr'>vexillum</span> <span class='ocrx_word' id='word_1_25' title='bbox 2127 720 2442 794; x_wconf 84' lang='lat' dir='ltr'>gloriosum</span> <span class='ocrx_word' id='word_1_26' title='bbox 2488 740 2718 779; x_wconf 89' lang='lat' dir='ltr'>summa</span> 
     </span>
     <span class='ocr_line' id='line_1_4' title="bbox 230 822 1758 901; baseline -0.001 -17"><span class='ocrx_word' id='word_1_27' title='bbox 230 828 499 885; x_wconf 89' lang='lat' dir='ltr'>omnium</span> <span class='ocrx_word' id='word_1_28' title='bbox 528 826 811 901; x_wconf 81' lang='lat' dir='ltr'>religione</span> <span class='ocrx_word' id='word_1_29' title='bbox 840 828 907 884; x_wconf 92' lang='lat' dir='ltr'>in</span> <span class='ocrx_word' id='word_1_30' title='bbox 936 828 1211 885; x_wconf 83' lang='lat' dir='ltr'>universo</span> <span class='ocrx_word' id='word_1_31' title='bbox 1244 827 1383 884; x_wconf 92' lang='lat' dir='ltr'>orbe</span> <span class='ocrx_word' id='word_1_32' title='bbox 1413 826 1700 884; x_wconf 71' lang='lat' dir='ltr'>coleretur</span> <span class='ocrx_word' id='word_1_33' title='bbox 1721 822 1758 883; x_wconf 91' lang='lat'>¹.</span> 
     </span>
    </p>

    <p class='ocr_par' dir='ltr' id='par_1_3' title="bbox 230 928 2722 2265">
     <span class='ocr_line' id='line_1_5' title="bbox 442 928 2718 1007; baseline 0 -20"><span class='ocrx_word' id='word_1_34' title='bbox 442 930 867 1007; x_wconf 83' lang='lat' dir='ltr'>Apocalypseos</span> <span class='ocrx_word' id='word_1_35' title='bbox 898 931 1199 989; x_wconf 90' lang='lat' dir='ltr'>Librum</span> <span class='ocrx_word' id='word_1_36' title='bbox 1236 950 1385 987; x_wconf 87' lang='lat' dir='ltr'>esse</span> <span class='ocrx_word' id='word_1_37' title='bbox 1429 930 1882 999; x_wconf 88' lang='lat' dir='ltr'>canonicum;</span> <span class='ocrx_word' id='word_1_38' title='bbox 1931 936 1990 986; x_wconf 90' lang='lat' dir='ltr'>et</span> <span class='ocrx_word' id='word_1_39' title='bbox 2017 948 2054 986; x_wconf 92' lang='lat' dir='ltr'>a</span> <span class='ocrx_word' id='word_1_40' title='bbox 2081 928 2308 987; x_wconf 88' lang='lat' dir='ltr'>Joanne</span> <span class='ocrx_word' id='word_1_41' title='bbox 2336 928 2718 1003; x_wconf 79' lang='lat' dir='ltr'>Evangelista</span> 
     </span>
     <span class='ocr_line' id='line_1_6' title="bbox 230 1029 2716 1112; baseline 0 -21"><span class='ocrx_word' id='word_1_42' title='bbox 230 1036 547 1109; x_wconf 85' lang='lat' dir='ltr'>scriptum3</span> <span class='ocrx_word' id='word_1_43' title='bbox 580 1054 683 1093; x_wconf 87' lang='lat' dir='ltr'>nos</span> <span class='ocrx_word' id='word_1_44' title='bbox 714 1037 813 1093; x_wconf 91' lang='lat' dir='ltr'>hic</span> <span class='ocrx_word' id='word_1_45' title='bbox 842 1055 958 1093; x_wconf 90' lang='lat' dir='ltr'>non</span> <span class='ocrx_word' id='word_1_46' title='bbox 988 1040 1111 1093; x_wconf 89' lang='lat' dir='ltr'>tam</span> <span class='ocrx_word' id='word_1_47' title='bbox 1142 1037 1539 1111; x_wconf 86' lang='lat' dir='ltr'>probavimus,</span> <span class='ocrx_word' id='word_1_48' title='bbox 1574 1054 1752 1112; x_wconf 90' lang='lat' dir='ltr'>quam</span> <span class='ocrx_word' id='word_1_49' title='bbox 1782 1033 2190 1110; x_wconf 82' lang='lat' dir='ltr'>supposuimus</span> <span class='ocrx_word' id='word_1_50' title='bbox 2207 1029 2252 1091; x_wconf 80' lang='lat'>².</span> <span class='ocrx_word' id='word_1_51' title='bbox 2299 1034 2370 1091; x_wconf 91' lang='lat' dir='ltr'>Id</span> <span class='ocrx_word' id='word_1_52' title='bbox 2401 1034 2554 1111; x_wconf 91' lang='lat' dir='ltr'>quod</span> <span class='ocrx_word' id='word_1_53' title='bbox 2584 1052 2716 1092; x_wconf 90' lang='lat' dir='ltr'>cum</span> 
     </span>
     <span class='ocr_line' id='line_1_7' title="bbox 230 1138 2716 1211; baseline 0 -16"><span class='ocrx_word' id='word_1_54' title='bbox 230 1139 291 1195; x_wconf 87' lang='lat' dir='ltr'>S.</span> <span class='ocrx_word' id='word_1_55' title='bbox 338 1138 398 1196; x_wconf 89' lang='lat' dir='ltr'>S.</span> <span class='ocrx_word' id='word_1_56' title='bbox 448 1140 517 1197; x_wconf 90' lang='lat' dir='ltr'>P.</span> <span class='ocrx_word' id='word_1_57' title='bbox 568 1140 635 1197; x_wconf 90' lang='lat' dir='ltr'>P.</span> <span class='ocrx_word' id='word_1_58' title='bbox 684 1146 742 1198; x_wconf 89' lang='lat' dir='ltr'>et</span> <span class='ocrx_word' id='word_1_59' title='bbox 787 1140 845 1199; x_wconf 83' lang='lat' dir='ltr'>S.</span> <span class='ocrx_word' id='word_1_60' title='bbox 893 1141 961 1197; x_wconf 86' lang='lat' dir='ltr'>E.</span> <span class='ocrx_word' id='word_1_61' title='bbox 1011 1160 1317 1211; x_wconf 82' lang='lat' dir='ltr'>consensu3</span> <span class='ocrx_word' id='word_1_62' title='bbox 1366 1146 1492 1197; x_wconf 88' lang='lat' dir='ltr'>tum</span> <span class='ocrx_word' id='word_1_63' title='bbox 1538 1140 1716 1197; x_wconf 88' lang='lat' dir='ltr'>etiam</span> <span class='ocrx_word' id='word_1_64' title='bbox 1764 1138 2156 1197; x_wconf 88' lang='lat' dir='ltr'>Conciliorum</span> <span class='ocrx_word' id='word_1_65' title='bbox 2199 1138 2716 1197; x_wconf 88' lang='lat' dir='ltr'>Oecumenicorum</span> 
     </span>
     <span class='ocr_line' id='line_1_8' title="bbox 234 1242 2720 1322; baseline 0 -22"><span class='ocrx_word' id='word_1_66' title='bbox 234 1244 486 1301; x_wconf 82' lang='lat' dir='ltr'>decretis</span> <span class='ocrx_word' id='word_1_67' title='bbox 516 1246 805 1302; x_wconf 88' lang='lat' dir='ltr'>sancitum</span> <span class='ocrx_word' id='word_1_68' title='bbox 837 1250 939 1303; x_wconf 88' lang='lat' dir='ltr'>est.</span> <span class='ocrx_word' id='word_1_69' title='bbox 982 1244 1213 1303; x_wconf 87' lang='lat' dir='ltr'>Horum</span> <span class='ocrx_word' id='word_1_70' title='bbox 1234 1242 1259 1283; x_wconf 80' lang='lat'>³</span> <span class='ocrx_word' id='word_1_71' title='bbox 1288 1263 1468 1322; x_wconf 87' lang='lat' dir='ltr'>aeque</span> <span class='ocrx_word' id='word_1_72' title='bbox 1503 1243 1850 1319; x_wconf 81' lang='lat' dir='ltr'>gravissima</span> <span class='ocrx_word' id='word_1_73' title='bbox 1873 1262 1941 1301; x_wconf 87' lang='lat' dir='ltr'>ac</span> <span class='ocrx_word' id='word_1_74' title='bbox 1963 1242 2356 1319; x_wconf 87' lang='lat' dir='ltr'>copiosissima</span> <span class='ocrx_word' id='word_1_75' title='bbox 2385 1242 2720 1300; x_wconf 87' lang='lat' dir='ltr'>testimonia</span> 
     </span>
     <span class='ocr_line' id='line_1_9' title="bbox 234 1345 2721 1426; baseline 0 -22"><span class='ocrx_word' id='word_1_76' title='bbox 234 1349 575 1406; x_wconf 77' lang='lat' dir='ltr'>subvertere</span> <span class='ocrx_word' id='word_1_77' title='bbox 627 1348 986 1424; x_wconf 88' lang='lat' dir='ltr'>impossibile</span> <span class='ocrx_word' id='word_1_78' title='bbox 1037 1354 1140 1407; x_wconf 89' lang='lat' dir='ltr'>est.</span> <span class='ocrx_word' id='word_1_79' title='bbox 1196 1348 1622 1426; x_wconf 79' lang='lat' dir='ltr'>Apocalypseos</span> <span class='ocrx_word' id='word_1_80' title='bbox 1669 1345 1996 1423; x_wconf 74' lang='grc' dir='ltr'>γνησιότητα</span> <span class='ocrx_word' id='word_1_81' title='bbox 2045 1348 2448 1406; x_wconf 86' lang='lat' dir='ltr'>demonstrant</span> <span class='ocrx_word' id='word_1_82' title='bbox 2493 1347 2721 1425; x_wconf 82' lang='lat' dir='ltr'>aliquot</span> 
     </span>
     <span class='ocr_line' id='line_1_10' title="bbox 238 1451 2719 1531; baseline 0 -23"><span class='ocrx_word' id='word_1_83' title='bbox 238 1451 461 1509; x_wconf 90' lang='lat' dir='ltr'>indicia</span> <span class='ocrx_word' id='word_1_84' title='bbox 506 1454 779 1523; x_wconf 80' lang='lat' dir='ltr'>interna3</span> <span class='ocrx_word' id='word_1_85' title='bbox 835 1472 983 1531; x_wconf 89' lang='lat' dir='ltr'>quae</span> <span class='ocrx_word' id='word_1_86' title='bbox 1026 1453 1293 1529; x_wconf 84' lang='lat' dir='ltr'>Apostoli</span> <span class='ocrx_word' id='word_1_87' title='bbox 1334 1456 1390 1511; x_wconf 93' lang='lat' dir='ltr'>d.</span> <span class='ocrx_word' id='word_1_88' title='bbox 1436 1454 1700 1530; x_wconf 79' lang='lat' dir='ltr'>Joannis,</span> <span class='ocrx_word' id='word_1_89' title='bbox 1750 1472 1854 1509; x_wconf 91' lang='lat' dir='ltr'>nec</span> <span class='ocrx_word' id='word_1_90' title='bbox 1899 1451 2141 1510; x_wconf 89' lang='lat' dir='ltr'>alterius</span> <span class='ocrx_word' id='word_1_91' title='bbox 2185 1452 2365 1511; x_wconf 87' lang='lat' dir='ltr'>ullius</span> <span class='ocrx_word' id='word_1_92' title='bbox 2411 1472 2528 1510; x_wconf 88' lang='lat' dir='ltr'>esse</span> <span class='ocrx_word' id='word_1_93' title='bbox 2577 1472 2719 1528; x_wconf 90' lang='lat' dir='ltr'>opus</span> 
     </span>
     <span class='ocr_line' id='line_1_11' title="bbox 250 1553 2722 1636; baseline -0.001 -23"><span class='ocrx_word' id='word_1_94' title='bbox 250 1559 554 1615; x_wconf 78' lang='lat' dir='ltr'>evincunt.</span> <span class='ocrx_word' id='word_1_95' title='bbox 586 1558 854 1615; x_wconf 90' lang='lat' dir='ltr'>Primum</span> <span class='ocrx_word' id='word_1_96' title='bbox 885 1558 1133 1635; x_wconf 82' lang='lat' dir='ltr'>scriptor</span> <span class='ocrx_word' id='word_1_97' title='bbox 1162 1559 1589 1636; x_wconf 84' lang='lat' dir='ltr'>Apocalypseos</span> <span class='ocrx_word' id='word_1_98' title='bbox 1626 1561 1872 1615; x_wconf 84' lang='lat' dir='ltr'>testatus</span> <span class='ocrx_word' id='word_1_99' title='bbox 1911 1561 2027 1614; x_wconf 84' lang='lat' dir='ltr'>est:</span> <span class='ocrx_word' id='word_1_100' title='bbox 2075 1554 2185 1633; x_wconf 74' lang='grc' dir='ltr'>,τὸν</span> <span class='ocrx_word' id='word_1_101' title='bbox 2227 1553 2400 1633; x_wconf 71' lang='grc' dir='ltr'>λόγον</span> <span class='ocrx_word' id='word_1_102' title='bbox 2437 1557 2528 1613; x_wconf 82' lang='grc' dir='ltr'>τοῦ</span> <span class='ocrx_word' id='word_1_103' title='bbox 2575 1553 2722 1614; x_wconf 59' lang='lat' dir='ltr'>&amp;aas</span> 
     </span>
     <span class='ocr_line' id='line_1_12' title="bbox 239 1655 2720 1741; baseline 0.001 -24"><span class='ocrx_word' id='word_1_104' title='bbox 239 1655 335 1717; x_wconf 79' lang='grc' dir='ltr'>καὶ</span> <span class='ocrx_word' id='word_1_105' title='bbox 364 1658 465 1733; x_wconf 74' lang='grc' dir='ltr'>τὴν</span> <span class='ocrx_word' id='word_1_106' title='bbox 496 1659 809 1739; x_wconf 60' lang='lat' dir='ltr'>napropt&#39;av‘</span> <span class='ocrx_word' id='word_1_107' title='bbox 854 1661 898 1719; x_wconf 89' lang='grc' dir='ltr'>Ι.</span> <span class='ocrx_word' id='word_1_108' title='bbox 944 1660 1097 1739; x_wconf 52' lang='grc' dir='ltr'>Χρές</span> <span class='ocrx_word' id='word_1_109' title='bbox 1147 1682 1295 1741; x_wconf 85' lang='lat' dir='ltr'>quae</span> <span class='ocrx_word' id='word_1_110' title='bbox 1325 1664 1562 1741; x_wconf 91' lang='lat' dir='ltr'>quidem</span> <span class='ocrx_word' id='word_1_111' title='bbox 1593 1668 1733 1721; x_wconf 89' lang='lat' dir='ltr'>nota</span> <span class='ocrx_word' id='word_1_112' title='bbox 1766 1664 1833 1720; x_wconf 91' lang='lat' dir='ltr'>in</span> <span class='ocrx_word' id='word_1_113' title='bbox 1871 1661 2103 1721; x_wconf 87' lang='lat' dir='ltr'>nullum</span> <span class='ocrx_word' id='word_1_114' title='bbox 2145 1662 2327 1719; x_wconf 86' lang='lat' dir='ltr'>alium</span> <span class='ocrx_word' id='word_1_115' title='bbox 2372 1662 2547 1720; x_wconf 87' lang='lat' dir='ltr'>huius</span> <span class='ocrx_word' id='word_1_116' title='bbox 2589 1661 2720 1721; x_wconf 83' lang='lat' dir='ltr'>aevi</span> 
     </span>
     <span class='ocr_line' id='line_1_13' title="bbox 236 1765 2720 1845; baseline 0.001 -23"><span class='ocrx_word' id='word_1_117' title='bbox 236 1786 283 1823; x_wconf 85' lang='lat' dir='ltr'>s.</span> <span class='ocrx_word' id='word_1_118' title='bbox 306 1767 343 1823; x_wconf 87' lang='lat' dir='ltr'><strong>J</strong></span> <span class='ocrx_word' id='word_1_119' title='bbox 345 1786 621 1839; x_wconf 87' lang='lat' dir='ltr'>oannem,</span> <span class='ocrx_word' id='word_1_120' title='bbox 650 1767 761 1825; x_wconf 89' lang='lat' dir='ltr'>nisi</span> <span class='ocrx_word' id='word_1_121' title='bbox 786 1767 1135 1843; x_wconf 86' lang='lat' dir='ltr'>Apostolum</span> <span class='ocrx_word' id='word_1_122' title='bbox 1159 1774 1219 1826; x_wconf 88' lang='lat' dir='ltr'>et</span> <span class='ocrx_word' id='word_1_123' title='bbox 1238 1768 1680 1843; x_wconf 85' lang='lat' dir='ltr'>Evangelistam</span> <span class='ocrx_word' id='word_1_124' title='bbox 1704 1765 1878 1824; x_wconf 87' lang='lat' dir='ltr'>cadit.</span> <span class='ocrx_word' id='word_1_125' title='bbox 1912 1765 2202 1837; x_wconf 82' lang='lat' dir='ltr'>Secund03</span> <span class='ocrx_word' id='word_1_126' title='bbox 2227 1768 2328 1845; x_wconf 89' lang='lat' dir='ltr'>qui</span> <span class='ocrx_word' id='word_1_127' title='bbox 2354 1768 2624 1844; x_wconf 80' lang='lat' dir='ltr'>epistolas</span> <span class='ocrx_word' id='word_1_128' title='bbox 2648 1768 2720 1825; x_wconf 91' lang='lat' dir='ltr'>ad</span> 
     </span>
     <span class='ocr_line' id='line_1_14' title="bbox 240 1856 2721 1949; baseline 0.002 -23"><span class='ocrx_word' id='word_1_129' title='bbox 240 1870 533 1929; x_wconf 87' lang='lat' dir='ltr'>Ecclesias</span> <span class='ocrx_word' id='word_1_130' title='bbox 554 1872 731 1930; x_wconf 88' lang='lat' dir='ltr'>Asiae</span> <span class='ocrx_word' id='word_1_131' title='bbox 762 1873 939 1944; x_wconf 88' lang='lat' dir='ltr'>dedit,</span> <span class='ocrx_word' id='word_1_132' title='bbox 975 1873 1173 1932; x_wconf 84' lang='lat' dir='ltr'>virum</span> <span class='ocrx_word' id='word_1_133' title='bbox 1218 1893 1276 1930; x_wconf 91' lang='lat' dir='ltr'>se</span> <span class='ocrx_word' id='word_1_134' title='bbox 1315 1878 1575 1949; x_wconf 77' lang='lat' dir='ltr'>praestat</span> <span class='ocrx_word' id='word_1_135' title='bbox 1608 1870 2043 1947; x_wconf 84' lang='lat' dir='ltr'>apostolicae</span> <span class='ocrx_word' id='word_1_136' title='bbox 2085 1856 2481 1931; x_wconf 48' lang='lat' dir='ltr'>auctoritatis:</span> <span class='ocrx_word' id='word_1_137' title='bbox 2523 1872 2721 1931; x_wconf 84' lang='lat' dir='ltr'>Tertio</span> 
     </span>
     <span class='ocr_line' id='line_1_15' title="bbox 238 1975 2722 2055; baseline 0.002 -24"><span class='ocrx_word' id='word_1_138' title='bbox 238 1975 479 2050; x_wconf 87' lang='lat' dir='ltr'>perinde</span> <span class='ocrx_word' id='word_1_139' title='bbox 498 1996 557 2033; x_wconf 89' lang='lat' dir='ltr'>se</span> <span class='ocrx_word' id='word_1_140' title='bbox 577 1978 820 2053; x_wconf 89' lang='lat' dir='ltr'>opponit</span> <span class='ocrx_word' id='word_1_141' title='bbox 839 1977 1208 2035; x_wconf 85' lang='lat' dir='ltr'>Antichristo</span> <span class='ocrx_word' id='word_1_142' title='bbox 1227 1978 1291 2035; x_wconf 91' lang='lat' dir='ltr'>in</span> <span class='ocrx_word' id='word_1_143' title='bbox 1312 1978 1687 2055; x_wconf 79' lang='lat' dir='ltr'>Apocalypsi,</span> <span class='ocrx_word' id='word_1_144' title='bbox 1715 1977 1862 2035; x_wconf 91' lang='lat' dir='ltr'>acin</span> <span class='ocrx_word' id='word_1_145' title='bbox 1878 1976 2069 2053; x_wconf 88' lang='lat' dir='ltr'>prima</span> <span class='ocrx_word' id='word_1_146' title='bbox 2082 1995 2230 2054; x_wconf 85' lang='lat' dir='ltr'>quae</span> <span class='ocrx_word' id='word_1_147' title='bbox 2252 1981 2392 2035; x_wconf 90' lang='lat' dir='ltr'>sunt</span> <span class='ocrx_word' id='word_1_148' title='bbox 2413 1998 2458 2035; x_wconf 95' lang='lat' dir='ltr'>s.</span> <span class='ocrx_word' id='word_1_149' title='bbox 2476 1978 2513 2034; x_wconf 87' lang='lat' dir='ltr'><strong>J</strong></span> <span class='ocrx_word' id='word_1_150' title='bbox 2517 1979 2722 2035; x_wconf 87' lang='lat' dir='ltr'>oannis</span> 
     </span>
     <span class='ocr_line' id='line_1_16' title="bbox 238 2074 2720 2159; baseline 0.001 -23"><span class='ocrx_word' id='word_1_151' title='bbox 238 2080 636 2155; x_wconf 85' lang='lat' dir='ltr'>epistolarum.</span> <span class='ocrx_word' id='word_1_152' title='bbox 698 2080 921 2143; x_wconf 80' lang='lat' dir='ltr'>Quarto</span> <span class='ocrx_word' id='word_1_153' title='bbox 953 2081 1363 2139; x_wconf 81' lang='lat' dir='ltr'>convenientia</span> <span class='ocrx_word' id='word_1_154' title='bbox 1391 2074 1605 2151; x_wconf 77' lang='grc' dir='ltr'>λέξεως</span> <span class='ocrx_word' id='word_1_155' title='bbox 1636 2082 2094 2159; x_wconf 85' lang='lat' dir='ltr'>Apocalypticae</span> <span class='ocrx_word' id='word_1_156' title='bbox 2126 2087 2185 2140; x_wconf 88' lang='lat' dir='ltr'>et</span> <span class='ocrx_word' id='word_1_157' title='bbox 2211 2082 2504 2139; x_wconf 85' lang='lat' dir='ltr'>Joanneae</span> <span class='ocrx_word' id='word_1_158' title='bbox 2537 2102 2720 2139; x_wconf 91' lang='lat' dir='ltr'>unum</span> 
     </span>
     <span class='ocr_line' id='line_1_17' title="bbox 242 2184 2720 2265; baseline 0.001 -24"><span class='ocrx_word' id='word_1_159' title='bbox 242 2189 491 2242; x_wconf 87' lang='lat' dir='ltr'>testatur</span> <span class='ocrx_word' id='word_1_160' title='bbox 532 2185 874 2261; x_wconf 86' lang='lat' dir='ltr'>scriptorem</span> <span class='ocrx_word' id='word_1_161' title='bbox 890 2184 936 2244; x_wconf 78' lang='lat'>⁴.</span> <span class='ocrx_word' id='word_1_162' title='bbox 992 2186 1266 2245; x_wconf 73' lang='lat' dir='ltr'>Subiecta</span> <span class='ocrx_word' id='word_1_163' title='bbox 1295 2188 1531 2265; x_wconf 88' lang='lat' dir='ltr'>quidem</span> <span class='ocrx_word' id='word_1_164' title='bbox 1562 2186 1833 2259; x_wconf 87' lang='lat' dir='ltr'>materia,</span> <span class='ocrx_word' id='word_1_165' title='bbox 1869 2194 1987 2245; x_wconf 86' lang='lat' dir='ltr'>tam</span> <span class='ocrx_word' id='word_1_166' title='bbox 2017 2188 2202 2260; x_wconf 78' lang='lat' dir='ltr'>varia,</span> <span class='ocrx_word' id='word_1_167' title='bbox 2239 2192 2358 2245; x_wconf 89' lang='lat' dir='ltr'>tam</span> <span class='ocrx_word' id='word_1_168' title='bbox 2390 2188 2720 2245; x_wconf 83' lang='lat' dir='ltr'>extraordi-</span> 
     </span>
    </p>
   </div>
   <div class='ocr_carea' id='block_1_3' title="bbox 241 2445 2768 4691">
    <p class='ocr_par' dir='ltr' id='par_1_4' title="bbox 241 2445 2768 4691">
     <span class='ocr_line' id='line_1_18' title="bbox 453 2445 2723 2513; baseline 0.001 -18"><span class='ocrx_word' id='word_1_169' title='bbox 453 2446 491 2511; x_wconf 89' lang='lat'>¹)</span> <span class='ocrx_word' id='word_1_170' title='bbox 548 2446 715 2495; x_wconf 84' lang='lat' dir='ltr'>Nemo</span> <span class='ocrx_word' id='word_1_171' title='bbox 770 2445 1127 2495; x_wconf 81' lang='lat' dir='ltr'>Historiarum</span> <span class='ocrx_word' id='word_1_172' title='bbox 1182 2446 1463 2496; x_wconf 81' lang='lat' dir='ltr'>Ecclesiae</span> <span class='ocrx_word' id='word_1_173' title='bbox 1518 2445 1829 2496; x_wconf 81' lang='lat' dir='ltr'>Catholicae</span> <span class='ocrx_word' id='word_1_174' title='bbox 1883 2448 2084 2512; x_wconf 88' lang='lat' dir='ltr'>peritus</span> <span class='ocrx_word' id='word_1_175' title='bbox 2134 2448 2349 2513; x_wconf 78' lang='lat' dir='ltr'>negavit</span> <span class='ocrx_word' id='word_1_176' title='bbox 2401 2447 2723 2513; x_wconf 85' lang='lat' dir='ltr'>triumphum</span> 
     </span>
     <span class='ocr_line' id='line_1_19' title="bbox 243 2530 2722 2599; baseline 0.001 -18"><span class='ocrx_word' id='word_1_177' title='bbox 243 2530 439 2583; x_wconf 86' lang='lat' dir='ltr'>Christi</span> <span class='ocrx_word' id='word_1_178' title='bbox 476 2533 541 2582; x_wconf 89' lang='lat' dir='ltr'>de</span> <span class='ocrx_word' id='word_1_179' title='bbox 579 2531 795 2581; x_wconf 85' lang='lat' dir='ltr'>diabolo</span> <span class='ocrx_word' id='word_1_180' title='bbox 835 2538 887 2581; x_wconf 92' lang='lat' dir='ltr'>et</span> <span class='ocrx_word' id='word_1_181' title='bbox 924 2533 1129 2583; x_wconf 87' lang='lat' dir='ltr'>cunctis</span> <span class='ocrx_word' id='word_1_182' title='bbox 1163 2532 1445 2583; x_wconf 79' lang='lat' dir='ltr'>Ecclesiae</span> <span class='ocrx_word' id='word_1_183' title='bbox 1483 2532 1726 2583; x_wconf 87' lang='lat' dir='ltr'>hostibus</span> <span class='ocrx_word' id='word_1_184' title='bbox 1777 2539 1884 2582; x_wconf 87' lang='lat' dir='ltr'>tam</span> <span class='ocrx_word' id='word_1_185' title='bbox 1932 2533 2075 2583; x_wconf 89' lang='lat' dir='ltr'>clare</span> <span class='ocrx_word' id='word_1_186' title='bbox 2121 2536 2569 2599; x_wconf 87' lang='lat' dir='ltr'>praenuntiatum,</span> <span class='ocrx_word' id='word_1_187' title='bbox 2615 2550 2722 2584; x_wconf 88' lang='lat' dir='ltr'>non</span> 
     </span>
     <span class='ocr_line' id='line_1_20' title="bbox 242 2618 2722 2687; baseline 0.002 -19"><span class='ocrx_word' id='word_1_188' title='bbox 242 2620 577 2669; x_wconf 83' lang='lat' dir='ltr'>mediocriter</span> <span class='ocrx_word' id='word_1_189' title='bbox 614 2619 683 2667; x_wconf 85' lang='lat' dir='ltr'>ad</span> <span class='ocrx_word' id='word_1_190' title='bbox 720 2619 773 2668; x_wconf 90' lang='lat' dir='ltr'>id</span> <span class='ocrx_word' id='word_1_191' title='bbox 809 2618 1067 2683; x_wconf 82' lang='lat' dir='ltr'>valuisse3</span> <span class='ocrx_word' id='word_1_192' title='bbox 1122 2624 1182 2669; x_wconf 89' lang='lat' dir='ltr'>ut</span> <span class='ocrx_word' id='word_1_193' title='bbox 1231 2620 1389 2669; x_wconf 88' lang='lat' dir='ltr'>etiam</span> <span class='ocrx_word' id='word_1_194' title='bbox 1434 2622 1573 2670; x_wconf 86' lang='lat' dir='ltr'>inter</span> <span class='ocrx_word' id='word_1_195' title='bbox 1617 2621 1962 2686; x_wconf 83' lang='lat' dir='ltr'>gravissimas</span> <span class='ocrx_word' id='word_1_196' title='bbox 2011 2636 2291 2671; x_wconf 77' lang='lat' dir='ltr'>aerumnas</span> <span class='ocrx_word' id='word_1_197' title='bbox 2343 2627 2396 2670; x_wconf 87' lang='lat' dir='ltr'>et</span> <span class='ocrx_word' id='word_1_198' title='bbox 2443 2622 2722 2687; x_wconf 80' lang='lat' dir='ltr'>passiones</span> 
     </span>
     <span class='ocr_line' id='line_1_21' title="bbox 241 2704 2726 2777; baseline 0.002 -24"><span class='ocrx_word' id='word_1_199' title='bbox 241 2707 441 2777; x_wconf 50' lang='lat' dir='ltr'>iugum·</span> <span class='ocrx_word' id='word_1_200' title='bbox 462 2705 657 2755; x_wconf 75' lang='lat' dir='ltr'>Christi</span> <span class='ocrx_word' id='word_1_201' title='bbox 697 2704 948 2756; x_wconf 80' lang='lat' dir='ltr'>reddatur</span> <span class='ocrx_word' id='word_1_202' title='bbox 983 2720 1147 2757; x_wconf 86' lang='lat' dir='ltr'>suave</span> <span class='ocrx_word' id='word_1_203' title='bbox 1188 2710 1239 2756; x_wconf 90' lang='lat' dir='ltr'>et</span> <span class='ocrx_word' id='word_1_204' title='bbox 1276 2722 1409 2756; x_wconf 85' lang='lat' dir='ltr'>onus</span> <span class='ocrx_word' id='word_1_205' title='bbox 1447 2706 1580 2757; x_wconf 76' lang='lat' dir='ltr'>leve.</span> <span class='ocrx_word' id='word_1_206' title='bbox 1641 2706 1775 2757; x_wconf 88' lang='lat' dir='ltr'>Cum</span> <span class='ocrx_word' id='word_1_207' title='bbox 1813 2708 1994 2773; x_wconf 87' lang='lat' dir='ltr'>itaque</span> <span class='ocrx_word' id='word_1_208' title='bbox 2041 2712 2192 2757; x_wconf 87' lang='lat' dir='ltr'>tanta</span> <span class='ocrx_word' id='word_1_209' title='bbox 2235 2712 2450 2773; x_wconf 87' lang='lat' dir='ltr'>tamque</span> <span class='ocrx_word' id='word_1_210' title='bbox 2496 2714 2726 2775; x_wconf 82' lang='lat' dir='ltr'>augusta</span> 
     </span>
     <span class='ocr_line' id='line_1_22' title="bbox 243 2792 2724 2860; baseline 0 -17"><span class='ocrx_word' id='word_1_211' title='bbox 243 2795 313 2843; x_wconf 88' lang='lat' dir='ltr'>sit</span> <span class='ocrx_word' id='word_1_212' title='bbox 344 2792 749 2859; x_wconf 82' lang='lat' dir='ltr'>Apocalypseos</span> <span class='ocrx_word' id='word_1_213' title='bbox 784 2795 1053 2857; x_wconf 86' lang='lat' dir='ltr'>maiestas,</span> <span class='ocrx_word' id='word_1_214' title='bbox 1103 2798 1163 2843; x_wconf 89' lang='lat' dir='ltr'>ut</span> <span class='ocrx_word' id='word_1_215' title='bbox 1207 2795 1394 2844; x_wconf 89' lang='lat' dir='ltr'>merito</span> <span class='ocrx_word' id='word_1_216' title='bbox 1434 2809 1553 2844; x_wconf 85' lang='lat' dir='ltr'>eam</span> <span class='ocrx_word' id='word_1_217' title='bbox 1590 2794 1733 2845; x_wconf 89' lang='lat' dir='ltr'>omni</span> <span class='ocrx_word' id='word_1_218' title='bbox 1769 2794 1928 2844; x_wconf 87' lang='lat' dir='ltr'>laude</span> <span class='ocrx_word' id='word_1_219' title='bbox 1965 2795 2216 2845; x_wconf 86' lang='lat' dir='ltr'>maiorem</span> <span class='ocrx_word' id='word_1_220' title='bbox 2253 2796 2616 2860; x_wconf 76' lang='lat' dir='ltr'>insignimus,</span> <span class='ocrx_word' id='word_1_221' title='bbox 2655 2795 2724 2845; x_wconf 88' lang='lat' dir='ltr'>ad</span> 
     </span>
     <span class='ocr_line' id='line_1_23' title="bbox 244 2880 2725 2947; baseline 0.002 -18"><span class='ocrx_word' id='word_1_222' title='bbox 244 2880 382 2929; x_wconf 86' lang='lat' dir='ltr'>hunc</span> <span class='ocrx_word' id='word_1_223' title='bbox 406 2880 630 2929; x_wconf 88' lang='lat' dir='ltr'>Librum</span> <span class='ocrx_word' id='word_1_224' title='bbox 665 2880 1037 2945; x_wconf 86' lang='lat' dir='ltr'>explicandum</span> <span class='ocrx_word' id='word_1_225' title='bbox 1065 2881 1247 2930; x_wconf 88' lang='lat' dir='ltr'>humili</span> <span class='ocrx_word' id='word_1_226' title='bbox 1273 2886 1327 2931; x_wconf 91' lang='lat' dir='ltr'>et</span> <span class='ocrx_word' id='word_1_227' title='bbox 1351 2886 1500 2931; x_wconf 85' lang='lat' dir='ltr'>casta</span> <span class='ocrx_word' id='word_1_228' title='bbox 1522 2886 1700 2931; x_wconf 90' lang='lat' dir='ltr'>mente</span> <span class='ocrx_word' id='word_1_229' title='bbox 1736 2888 2041 2932; x_wconf 83' lang='lat' dir='ltr'>reverenter</span> <span class='ocrx_word' id='word_1_230' title='bbox 2065 2881 2400 2933; x_wconf 80' lang='lat' dir='ltr'>accedamus.</span> <span class='ocrx_word' id='word_1_231' title='bbox 2456 2882 2498 2947; x_wconf 77' lang='grc'>2)</span> <span class='ocrx_word' id='word_1_232' title='bbox 2535 2882 2725 2933; x_wconf 89' lang='lat' dir='ltr'>Plures</span> 
     </span>
     <span class='ocr_line' id='line_1_24' title="bbox 245 2967 2768 3034; baseline 0.002 -19"><span class='ocrx_word' id='word_1_233' title='bbox 245 2968 469 3018; x_wconf 72' lang='lat' dir='ltr'>Veteres</span> <span class='ocrx_word' id='word_1_234' title='bbox 506 2967 883 3033; x_wconf 79' lang='lat' dir='ltr'>Apocalypsim</span> <span class='ocrx_word' id='word_1_235' title='bbox 922 2970 1269 3034; x_wconf 83' lang='lat' dir='ltr'>respuebant3</span> <span class='ocrx_word' id='word_1_236' title='bbox 1322 2968 1537 3034; x_wconf 88' lang='lat' dir='ltr'>quidam</span> <span class='ocrx_word' id='word_1_237' title='bbox 1576 2968 1720 3018; x_wconf 91' lang='lat' dir='ltr'>illam</span> <span class='ocrx_word' id='word_1_238' title='bbox 1758 2968 2066 3019; x_wconf 83' lang='lat' dir='ltr'>tribuebant</span> <span class='ocrx_word' id='word_1_239' title='bbox 2101 2968 2301 3019; x_wconf 86' lang='lat' dir='ltr'>Joanni</span> <span class='ocrx_word' id='word_1_240' title='bbox 2337 2970 2451 3019; x_wconf 91' lang='lat' dir='ltr'>sine</span> <span class='ocrx_word' id='word_1_241' title='bbox 2487 2969 2723 3020; x_wconf 86' lang='lat' dir='ltr'>ulteriori</span> <span class='ocrx_word' id='word_1_242' title='bbox 2755 2987 2768 2999; x_wconf 89' lang='lat'><strong>·</strong></span> 
     </span>
     <span class='ocr_line' id='line_1_25' title="bbox 245 3054 2724 3123; baseline 0.001 -18"><span class='ocrx_word' id='word_1_243' title='bbox 245 3054 639 3120; x_wconf 85' lang='lat' dir='ltr'>designatione,</span> <span class='ocrx_word' id='word_1_244' title='bbox 696 3056 788 3105; x_wconf 91' lang='lat' dir='ltr'>alii</span> <span class='ocrx_word' id='word_1_245' title='bbox 842 3057 1158 3121; x_wconf 88' lang='lat' dir='ltr'>recipientes</span> <span class='ocrx_word' id='word_1_246' title='bbox 1207 3055 1583 3122; x_wconf 83' lang='lat' dir='ltr'>Apocalypsim</span> <span class='ocrx_word' id='word_1_247' title='bbox 1636 3055 1909 3106; x_wconf 87' lang='lat' dir='ltr'>malebant</span> <span class='ocrx_word' id='word_1_248' title='bbox 1964 3072 2080 3106; x_wconf 85' lang='lat' dir='ltr'>eam</span> <span class='ocrx_word' id='word_1_249' title='bbox 2131 3056 2366 3107; x_wconf 89' lang='lat' dir='ltr'>tribuere</span> <span class='ocrx_word' id='word_1_250' title='bbox 2413 3056 2724 3123; x_wconf 83' lang='lat' dir='ltr'>presbytero</span> 
     </span>
     <span class='ocr_line' id='line_1_26' title="bbox 246 3141 2727 3210; baseline 0.001 -20"><span class='ocrx_word' id='word_1_251' title='bbox 246 3142 457 3190; x_wconf 87' lang='lat' dir='ltr'>cuidam</span> <span class='ocrx_word' id='word_1_252' title='bbox 494 3141 713 3205; x_wconf 85' lang='lat' dir='ltr'>Joanni,</span> <span class='ocrx_word' id='word_1_253' title='bbox 752 3143 841 3207; x_wconf 90' lang='lat' dir='ltr'>qui</span> <span class='ocrx_word' id='word_1_254' title='bbox 879 3148 931 3191; x_wconf 90' lang='lat' dir='ltr'>et</span> <span class='ocrx_word' id='word_1_255' title='bbox 967 3142 1289 3209; x_wconf 82' lang='lat' dir='ltr'>Theologus.</span> <span class='ocrx_word' id='word_1_256' title='bbox 1338 3144 1591 3193; x_wconf 84' lang='lat' dir='ltr'>Movebat</span> <span class='ocrx_word' id='word_1_257' title='bbox 1627 3143 1697 3193; x_wconf 86' lang='lat' dir='ltr'>ad</span> <span class='ocrx_word' id='word_1_258' title='bbox 1733 3143 1834 3193; x_wconf 88' lang='lat' dir='ltr'>hoc</span> <span class='ocrx_word' id='word_1_259' title='bbox 1871 3143 2184 3195; x_wconf 89' lang='lat' dir='ltr'>sumendum</span> <span class='ocrx_word' id='word_1_260' title='bbox 2222 3143 2432 3194; x_wconf 83' lang='lat' dir='ltr'>dicendi</span> <span class='ocrx_word' id='word_1_261' title='bbox 2467 3159 2637 3210; x_wconf 83' lang='lat' dir='ltr'>genus</span> <span class='ocrx_word' id='word_1_262' title='bbox 2675 3148 2727 3193; x_wconf 87' lang='lat' dir='ltr'>et</span> 
     </span>
     <span class='ocr_line' id='line_1_27' title="bbox 246 3227 2726 3299; baseline 0.001 -20"><span class='ocrx_word' id='word_1_263' title='bbox 246 3230 431 3293; x_wconf 85' lang='lat' dir='ltr'>genius</span> <span class='ocrx_word' id='word_1_264' title='bbox 469 3229 521 3278; x_wconf 88' lang='lat' dir='ltr'>h.</span> <span class='ocrx_word' id='word_1_265' title='bbox 548 3228 583 3278; x_wconf 95' lang='lat' dir='ltr'>l.</span> <span class='ocrx_word' id='word_1_266' title='bbox 622 3229 865 3281; x_wconf 81' lang='lat' dir='ltr'>diversus</span> <span class='ocrx_word' id='word_1_267' title='bbox 904 3229 971 3279; x_wconf 93' lang='lat' dir='ltr'>ab</span> <span class='ocrx_word' id='word_1_268' title='bbox 1010 3231 1336 3295; x_wconf 82' lang='lat' dir='ltr'>Evangeli03</span> <span class='ocrx_word' id='word_1_269' title='bbox 1376 3236 1431 3280; x_wconf 91' lang='lat' dir='ltr'>et</span> <span class='ocrx_word' id='word_1_270' title='bbox 1454 3231 1599 3296; x_wconf 84' lang='lat' dir='ltr'>quod</span> <span class='ocrx_word' id='word_1_271' title='bbox 1634 3227 1886 3299; x_wconf 80' lang='grc' dir='ltr'>χιλιασταὶ</span> <span class='ocrx_word' id='word_1_272' title='bbox 1919 3232 2276 3296; x_wconf 82' lang='lat' dir='ltr'>patrocinium</span> <span class='ocrx_word' id='word_1_273' title='bbox 2313 3232 2394 3281; x_wconf 87' lang='lat' dir='ltr'>sui</span> <span class='ocrx_word' id='word_1_274' title='bbox 2432 3232 2622 3282; x_wconf 87' lang='lat' dir='ltr'>erroris</span> <span class='ocrx_word' id='word_1_275' title='bbox 2660 3232 2726 3281; x_wconf 91' lang='lat' dir='ltr'>de</span> 
     </span>
     <span class='ocr_line' id='line_1_28' title="bbox 246 3316 2726 3384; baseline 0.001 -20"><span class='ocrx_word' id='word_1_276' title='bbox 246 3332 406 3381; x_wconf 80' lang='lat' dir='ltr'>regno</span> <span class='ocrx_word' id='word_1_277' title='bbox 447 3316 643 3367; x_wconf 88' lang='lat' dir='ltr'>Christi</span> <span class='ocrx_word' id='word_1_278' title='bbox 680 3317 737 3364; x_wconf 92' lang='lat' dir='ltr'>in</span> <span class='ocrx_word' id='word_1_279' title='bbox 772 3318 923 3367; x_wconf 87' lang='lat' dir='ltr'>terris</span> <span class='ocrx_word' id='word_1_280' title='bbox 961 3333 1057 3382; x_wconf 89' lang='lat' dir='ltr'>per</span> <span class='ocrx_word' id='word_1_281' title='bbox 1092 3332 1261 3369; x_wconf 89' lang='lat' dir='ltr'>annos</span> <span class='ocrx_word' id='word_1_282' title='bbox 1298 3318 1443 3367; x_wconf 90' lang='lat' dir='ltr'>mille</span> <span class='ocrx_word' id='word_1_283' title='bbox 1478 3318 1660 3367; x_wconf 86' lang='lat' dir='ltr'>futuro</span> <span class='ocrx_word' id='word_1_284' title='bbox 1706 3319 1761 3367; x_wconf 88' lang='lat' dir='ltr'>in</span> <span class='ocrx_word' id='word_1_285' title='bbox 1797 3317 1962 3384; x_wconf 84' lang='lat' dir='ltr'>Apoc.</span> <span class='ocrx_word' id='word_1_286' title='bbox 2001 3334 2044 3367; x_wconf 89' lang='lat' dir='ltr'>c.</span> <span class='ocrx_word' id='word_1_287' title='bbox 2085 3320 2168 3368; x_wconf 94' lang='grc'>20.</span> <span class='ocrx_word' id='word_1_288' title='bbox 2207 3319 2594 3368; x_wconf 84' lang='lat' dir='ltr'>constituerint.</span> <span class='ocrx_word' id='word_1_289' title='bbox 2645 3318 2726 3367; x_wconf 83' lang='lat' dir='ltr'>Cf.</span> 
     </span>
     <span class='ocr_line' id='line_1_29' title="bbox 254 3402 2727 3471; baseline 0.002 -20"><span class='ocrx_word' id='word_1_290' title='bbox 254 3402 319 3451; x_wconf 88' lang='lat' dir='ltr'>H.</span> <span class='ocrx_word' id='word_1_291' title='bbox 357 3402 510 3464; x_wconf 89' lang='lat' dir='ltr'>Klee,</span> <span class='ocrx_word' id='word_1_292' title='bbox 548 3408 679 3452; x_wconf 86' lang='lat' dir='ltr'>tent.</span> <span class='ocrx_word' id='word_1_293' title='bbox 716 3403 789 3453; x_wconf 86' lang='lat' dir='ltr'>th.</span> <span class='ocrx_word' id='word_1_294' title='bbox 817 3420 888 3453; x_wconf 83' lang='lat' dir='ltr'>cr.</span> <span class='ocrx_word' id='word_1_295' title='bbox 928 3404 993 3453; x_wconf 88' lang='lat' dir='ltr'>de</span> <span class='ocrx_word' id='word_1_296' title='bbox 1032 3404 1319 3455; x_wconf 86' lang='lat' dir='ltr'>Chiliasmo</span> <span class='ocrx_word' id='word_1_297' title='bbox 1358 3406 1640 3470; x_wconf 86' lang='lat' dir='ltr'>primorum</span> <span class='ocrx_word' id='word_1_298' title='bbox 1679 3406 2031 3455; x_wconf 83' lang='lat' dir='ltr'>saeculorum.</span> <span class='ocrx_word' id='word_1_299' title='bbox 2069 3405 2290 3471; x_wconf 89' lang='lat' dir='ltr'>Herbip.</span> <span class='ocrx_word' id='word_1_300' title='bbox 2319 3408 2470 3456; x_wconf 84' lang='grc'><strong>1825.</strong></span> <span class='ocrx_word' id='word_1_301' title='bbox 2498 3423 2548 3471; x_wconf 92' lang='lat' dir='ltr'>p.</span> <span class='ocrx_word' id='word_1_302' title='bbox 2575 3408 2656 3455; x_wconf 78' lang='lat'>47.</span> <span class='ocrx_word' id='word_1_303' title='bbox 2685 3422 2727 3456; x_wconf 91' lang='lat' dir='ltr'>s.</span> 
     </span>
     <span class='ocr_line' id='line_1_30' title="bbox 248 3490 2726 3558; baseline 0.001 -19"><span class='ocrx_word' id='word_1_304' title='bbox 248 3490 350 3539; x_wconf 88' lang='lat' dir='ltr'>Sed</span> <span class='ocrx_word' id='word_1_305' title='bbox 378 3490 641 3555; x_wconf 89' lang='lat' dir='ltr'>quidquid</span> <span class='ocrx_word' id='word_1_306' title='bbox 669 3491 793 3540; x_wconf 89' lang='lat' dir='ltr'>olim</span> <span class='ocrx_word' id='word_1_307' title='bbox 813 3491 977 3557; x_wconf 88' lang='lat' dir='ltr'>aliqui</span> <span class='ocrx_word' id='word_1_308' title='bbox 1005 3493 1323 3555; x_wconf 86' lang='lat' dir='ltr'>censuerint,</span> <span class='ocrx_word' id='word_1_309' title='bbox 1353 3493 1455 3541; x_wconf 85' lang='lat' dir='ltr'>iam</span> <span class='ocrx_word' id='word_1_310' title='bbox 1476 3494 1613 3542; x_wconf 88' lang='lat' dir='ltr'>inter</span> <span class='ocrx_word' id='word_1_311' title='bbox 1633 3492 1938 3543; x_wconf 81' lang='lat' dir='ltr'>Catholicos</span> <span class='ocrx_word' id='word_1_312' title='bbox 1959 3492 2116 3543; x_wconf 89' lang='lat' dir='ltr'>hodie</span> <span class='ocrx_word' id='word_1_313' title='bbox 2136 3494 2382 3558; x_wconf 85' lang='lat' dir='ltr'>impietas</span> <span class='ocrx_word' id='word_1_314' title='bbox 2403 3492 2538 3543; x_wconf 81' lang='lat' dir='ltr'>foret</span> <span class='ocrx_word' id='word_1_315' title='bbox 2563 3492 2726 3542; x_wconf 89' lang='lat' dir='ltr'>ambi-</span> 
     </span>
     <span class='ocr_line' id='line_1_31' title="bbox 248 3576 2728 3645; baseline 0.002 -20"><span class='ocrx_word' id='word_1_316' title='bbox 248 3592 369 3641; x_wconf 86' lang='lat' dir='ltr'>gere</span> <span class='ocrx_word' id='word_1_317' title='bbox 408 3578 522 3627; x_wconf 87' lang='lat' dir='ltr'>sive</span> <span class='ocrx_word' id='word_1_318' title='bbox 561 3576 627 3627; x_wconf 88' lang='lat' dir='ltr'>de</span> <span class='ocrx_word' id='word_1_319' title='bbox 663 3578 812 3627; x_wconf 87' lang='lat' dir='ltr'>Libri</span> <span class='ocrx_word' id='word_1_320' title='bbox 849 3578 1166 3627; x_wconf 85' lang='lat' dir='ltr'>auctoritate</span> <span class='ocrx_word' id='word_1_321' title='bbox 1204 3580 1316 3629; x_wconf 87' lang='lat' dir='ltr'>sive</span> <span class='ocrx_word' id='word_1_322' title='bbox 1356 3578 1421 3628; x_wconf 88' lang='lat' dir='ltr'>de</span> <span class='ocrx_word' id='word_1_323' title='bbox 1468 3578 1750 3644; x_wconf 83' lang='lat' dir='ltr'>Scriptore.</span> <span class='ocrx_word' id='word_1_324' title='bbox 1814 3579 2112 3629; x_wconf 85' lang='lat' dir='ltr'>Universae</span> <span class='ocrx_word' id='word_1_325' title='bbox 2167 3594 2396 3645; x_wconf 85' lang='lat' dir='ltr'>namque</span> <span class='ocrx_word' id='word_1_326' title='bbox 2451 3580 2728 3629; x_wconf 82' lang='lat' dir='ltr'>Ecclesiae</span> 
     </span>
     <span class='ocr_line' id='line_1_32' title="bbox 246 3663 2728 3732; baseline 0.002 -21"><span class='ocrx_word' id='word_1_327' title='bbox 246 3664 585 3729; x_wconf 88' lang='lat' dir='ltr'>perspicuum</span> <span class='ocrx_word' id='word_1_328' title='bbox 640 3663 800 3729; x_wconf 89' lang='lat' dir='ltr'>plane</span> <span class='ocrx_word' id='word_1_329' title='bbox 856 3670 962 3714; x_wconf 88' lang='lat' dir='ltr'>est:</span> <span class='ocrx_word' id='word_1_330' title='bbox 1014 3663 1337 3729; x_wconf 89' lang='lat' dir='ltr'>Scripturam</span> <span class='ocrx_word' id='word_1_331' title='bbox 1395 3671 1447 3714; x_wconf 82' lang='lat' dir='ltr'>et</span> <span class='ocrx_word' id='word_1_332' title='bbox 1497 3680 1615 3715; x_wconf 89' lang='lat' dir='ltr'>esse</span> <span class='ocrx_word' id='word_1_333' title='bbox 1665 3666 1896 3715; x_wconf 87' lang='lat' dir='ltr'>divinam</span> <span class='ocrx_word' id='word_1_334' title='bbox 1951 3672 2004 3716; x_wconf 90' lang='lat' dir='ltr'>et</span> <span class='ocrx_word' id='word_1_335' title='bbox 2047 3681 2080 3715; x_wconf 87' lang='lat' dir='ltr'>a</span> <span class='ocrx_word' id='word_1_336' title='bbox 2126 3666 2175 3715; x_wconf 84' lang='lat' dir='ltr'>d.</span> <span class='ocrx_word' id='word_1_337' title='bbox 2211 3666 2424 3717; x_wconf 83' lang='lat' dir='ltr'>Joanne</span> <span class='ocrx_word' id='word_1_338' title='bbox 2469 3666 2728 3732; x_wconf 88' lang='lat' dir='ltr'>Apostolo</span> 
     </span>
     <span class='ocr_line' id='line_1_33' title="bbox 249 3754 2727 3819; baseline 0.001 -17"><span class='ocrx_word' id='word_1_339' title='bbox 249 3758 545 3817; x_wconf 84' lang='lat' dir='ltr'>exaratam3</span> <span class='ocrx_word' id='word_1_340' title='bbox 596 3758 649 3803; x_wconf 86' lang='lat' dir='ltr'>et</span> <span class='ocrx_word' id='word_1_341' title='bbox 686 3755 962 3819; x_wconf 84' lang='lat' dir='ltr'>oppositae</span> <span class='ocrx_word' id='word_1_342' title='bbox 1000 3754 1278 3803; x_wconf 88' lang='lat' dir='ltr'>dubitandi</span> <span class='ocrx_word' id='word_1_343' title='bbox 1318 3756 1581 3805; x_wconf 89' lang='lat' dir='ltr'>rationum</span> <span class='ocrx_word' id='word_1_344' title='bbox 1620 3754 1920 3805; x_wconf 89' lang='lat' dir='ltr'>nubeculae</span> <span class='ocrx_word' id='word_1_345' title='bbox 1959 3756 2148 3805; x_wconf 88' lang='lat' dir='ltr'>oborta</span> <span class='ocrx_word' id='word_1_346' title='bbox 2182 3755 2285 3805; x_wconf 86' lang='lat' dir='ltr'>hac</span> <span class='ocrx_word' id='word_1_347' title='bbox 2320 3756 2560 3805; x_wconf 80' lang='lat' dir='ltr'>veritatis</span> <span class='ocrx_word' id='word_1_348' title='bbox 2607 3755 2727 3805; x_wconf 88' lang='lat' dir='ltr'>luce</span> 
     </span>
     <span class='ocr_line' id='line_1_34' title="bbox 248 3840 2728 3908; baseline 0.002 -19"><span class='ocrx_word' id='word_1_349' title='bbox 248 3840 539 3907; x_wconf 82' lang='lat' dir='ltr'>dissipatae</span> <span class='ocrx_word' id='word_1_350' title='bbox 592 3841 829 3891; x_wconf 88' lang='lat' dir='ltr'>funditus</span> <span class='ocrx_word' id='word_1_351' title='bbox 880 3846 1223 3891; x_wconf 84' lang='lat' dir='ltr'>evanescunt.</span> <span class='ocrx_word' id='word_1_352' title='bbox 1286 3842 1327 3907; x_wconf 83' lang='lat'>³)</span> <span class='ocrx_word' id='word_1_353' title='bbox 1365 3841 1410 3891; x_wconf 80' lang='lat' dir='ltr'>A</span> <span class='ocrx_word' id='word_1_354' title='bbox 1460 3843 1613 3892; x_wconf 88' lang='lat' dir='ltr'>nobis</span> <span class='ocrx_word' id='word_1_355' title='bbox 1663 3842 1716 3890; x_wconf 91' lang='lat' dir='ltr'>in</span> <span class='ocrx_word' id='word_1_356' title='bbox 1765 3842 2157 3892; x_wconf 85' lang='lat' dir='ltr'>Commentario</span> <span class='ocrx_word' id='word_1_357' title='bbox 2213 3842 2280 3892; x_wconf 90' lang='lat' dir='ltr'>de</span> <span class='ocrx_word' id='word_1_358' title='bbox 2327 3841 2378 3891; x_wconf 91' lang='lat' dir='ltr'>S.</span> <span class='ocrx_word' id='word_1_359' title='bbox 2417 3842 2470 3892; x_wconf 83' lang='lat' dir='ltr'>S.</span> <span class='ocrx_word' id='word_1_360' title='bbox 2510 3843 2728 3908; x_wconf 85' lang='lat' dir='ltr'>eiusque</span> 
     </span>
     <span class='ocr_line' id='line_1_35' title="bbox 245 3927 2728 3995; baseline 0.002 -20"><span class='ocrx_word' id='word_1_361' title='bbox 245 3928 683 3994; x_wconf 83' lang='lat' dir='ltr'>interpretatione</span> <span class='ocrx_word' id='word_1_362' title='bbox 717 3927 991 3978; x_wconf 82' lang='lat' dir='ltr'>laudanda</span> <span class='ocrx_word' id='word_1_363' title='bbox 1026 3933 1181 3977; x_wconf 89' lang='lat' dir='ltr'>erunt</span> <span class='ocrx_word' id='word_1_364' title='bbox 1214 3928 1349 3978; x_wconf 85' lang='lat' dir='ltr'>haec</span> <span class='ocrx_word' id='word_1_365' title='bbox 1384 3929 1702 3979; x_wconf 85' lang='lat' dir='ltr'>testimonia.</span> <span class='ocrx_word' id='word_1_366' title='bbox 1776 3928 1817 3995; x_wconf 88' lang='lat'>⁴)</span> <span class='ocrx_word' id='word_1_367' title='bbox 1857 3928 2128 3980; x_wconf 83' lang='lat' dir='ltr'>Orationis</span> <span class='ocrx_word' id='word_1_368' title='bbox 2165 3928 2444 3979; x_wconf 78' lang='lat' dir='ltr'>Joanneae</span> <span class='ocrx_word' id='word_1_369' title='bbox 2483 3928 2728 3980; x_wconf 83' lang='lat' dir='ltr'>diversae</span> 
     </span>
     <span class='ocr_line' id='line_1_36' title="bbox 248 4014 2728 4081; baseline 0.002 -19"><span class='ocrx_word' id='word_1_370' title='bbox 248 4016 300 4063; x_wconf 90' lang='lat' dir='ltr'>in</span> <span class='ocrx_word' id='word_1_371' title='bbox 338 4014 637 4080; x_wconf 79' lang='lat' dir='ltr'>Evangelio</span> <span class='ocrx_word' id='word_1_372' title='bbox 679 4020 731 4064; x_wconf 90' lang='lat' dir='ltr'>et</span> <span class='ocrx_word' id='word_1_373' title='bbox 754 4015 1013 4080; x_wconf 89' lang='lat' dir='ltr'>Epistolis</span> <span class='ocrx_word' id='word_1_374' title='bbox 1052 4015 1119 4065; x_wconf 89' lang='lat' dir='ltr'>ab</span> <span class='ocrx_word' id='word_1_375' title='bbox 1156 4015 1253 4065; x_wconf 88' lang='lat' dir='ltr'>illa</span> <span class='ocrx_word' id='word_1_376' title='bbox 1277 4016 1680 4081; x_wconf 84' lang='lat' dir='ltr'>Apocalypseos</span> <span class='ocrx_word' id='word_1_377' title='bbox 1705 4032 1950 4081; x_wconf 88' lang='lat' dir='ltr'>-quam</span> <span class='ocrx_word' id='word_1_378' title='bbox 1989 4016 2162 4065; x_wconf 88' lang='lat' dir='ltr'>denuo</span> <span class='ocrx_word' id='word_1_379' title='bbox 2201 4016 2334 4065; x_wconf 89' lang='lat' dir='ltr'>ursit</span> <span class='ocrx_word' id='word_1_380' title='bbox 2367 4016 2544 4067; x_wconf 86' lang='lat' dir='ltr'>Knrze</span> <span class='ocrx_word' id='word_1_381' title='bbox 2581 4017 2728 4066; x_wconf 85' lang='lat' dir='ltr'>Erkl.</span> 
     </span>
     <span class='ocr_line' id='line_1_37' title="bbox 248 4100 2728 4169; baseline 0.001 -19"><span class='ocrx_word' id='word_1_382' title='bbox 248 4101 297 4150; x_wconf 89' lang='lat' dir='ltr'>d.</span> <span class='ocrx_word' id='word_1_383' title='bbox 335 4102 547 4151; x_wconf 81' lang='lat' dir='ltr'>Offenb.</span> <span class='ocrx_word' id='word_1_384' title='bbox 582 4100 706 4151; x_wconf 83' lang='lat' dir='ltr'>Joh.</span> <span class='ocrx_word' id='word_1_385' title='bbox 744 4118 794 4151; x_wconf 81' lang='lat' dir='ltr'>v.</span> <span class='ocrx_word' id='word_1_386' title='bbox 820 4102 903 4151; x_wconf 87' lang='lat' dir='ltr'>W.</span> <span class='ocrx_word' id='word_1_387' title='bbox 938 4102 1010 4152; x_wconf 83' lang='lat' dir='ltr'>M.</span> <span class='ocrx_word' id='word_1_388' title='bbox 1048 4103 1112 4151; x_wconf 86' lang='lat' dir='ltr'>L.</span> <span class='ocrx_word' id='word_1_389' title='bbox 1139 4103 1203 4153; x_wconf 87' lang='lat' dir='ltr'>de</span> <span class='ocrx_word' id='word_1_390' title='bbox 1230 4103 1407 4152; x_wconf 86' lang='lat' dir='ltr'>Wette</span> <span class='ocrx_word' id='word_1_391' title='bbox 1435 4103 1516 4152; x_wconf 90' lang='lat' dir='ltr'>ed.</span> <span class='ocrx_word' id='word_1_392' title='bbox 1542 4103 1642 4152; x_wconf 90' lang='lat'>111.</span> <span class='ocrx_word' id='word_1_393' title='bbox 1681 4104 1766 4153; x_wconf 85' lang='lat' dir='ltr'>W.</span> <span class='ocrx_word' id='word_1_394' title='bbox 1791 4103 2030 4153; x_wconf 84' lang='lat' dir='ltr'>Moeller.</span> <span class='ocrx_word' id='word_1_395' title='bbox 2056 4104 2238 4169; x_wconf 85' lang='lat' dir='ltr'>Leipz.</span> <span class='ocrx_word' id='word_1_396' title='bbox 2268 4104 2416 4153; x_wconf 86' lang='grc'><strong>1863.</strong></span> <span class='ocrx_word' id='word_1_397' title='bbox 2444 4120 2494 4168; x_wconf 86' lang='lat' dir='ltr'>p.</span> <span class='ocrx_word' id='word_1_398' title='bbox 2521 4106 2568 4152; x_wconf 87' lang='grc'><strong>5.</strong></span> <span class='ocrx_word' id='word_1_399' title='bbox 2595 4118 2636 4153; x_wconf 82' lang='lat' dir='ltr'>s.</span> <span class='ocrx_word' id='word_1_400' title='bbox 2664 4132 2728 4140; x_wconf 98' lang='lat'><strong>—</strong></span> 
     </span>
     <span class='ocr_line' id='line_1_38' title="bbox 247 4188 2730 4255; baseline 0.002 -18"><span class='ocrx_word' id='word_1_401' title='bbox 247 4188 689 4255; x_wconf 84' lang='lat' dir='ltr'>reprehensiones</span> <span class='ocrx_word' id='word_1_402' title='bbox 711 4188 1007 4254; x_wconf 87' lang='lat' dir='ltr'>depellunt:</span> <span class='ocrx_word' id='word_1_403' title='bbox 1034 4190 1253 4254; x_wconf 90' lang='lat' dir='ltr'>Lampe,</span> <span class='ocrx_word' id='word_1_404' title='bbox 1283 4189 1482 4240; x_wconf 88' lang='lat' dir='ltr'>Comm.</span> <span class='ocrx_word' id='word_1_405' title='bbox 1502 4191 1603 4239; x_wconf 82' lang='lat' dir='ltr'>Ev.</span> <span class='ocrx_word' id='word_1_406' title='bbox 1624 4206 1730 4240; x_wconf 88' lang='lat' dir='ltr'>sec.</span> <span class='ocrx_word' id='word_1_407' title='bbox 1752 4190 1947 4241; x_wconf 84' lang='lat' dir='ltr'>Joann.</span> <span class='ocrx_word' id='word_1_408' title='bbox 1975 4189 2016 4252; x_wconf 95' lang='lat'>1,</span> <span class='ocrx_word' id='word_1_409' title='bbox 2047 4192 2162 4241; x_wconf 85' lang='lat'>128.</span> <span class='ocrx_word' id='word_1_410' title='bbox 2183 4205 2224 4239; x_wconf 86' lang='lat' dir='ltr'>s.</span> <span class='ocrx_word' id='word_1_411' title='bbox 2245 4190 2730 4253; x_wconf 80' lang='lat' dir='ltr'>L.Twels,Vindic.</span> 
     </span>
     <span class='ocr_line' id='line_1_39' title="bbox 248 4275 2731 4343; baseline 0 -17"><span class='ocrx_word' id='word_1_412' title='bbox 248 4276 591 4341; x_wconf 70' lang='lat' dir='ltr'>Apocalyps„</span> <span class='ocrx_word' id='word_1_413' title='bbox 617 4276 672 4324; x_wconf 90' lang='lat' dir='ltr'>in</span> <span class='ocrx_word' id='word_1_414' title='bbox 696 4275 748 4325; x_wconf 86' lang='lat' dir='ltr'>J.</span> <span class='ocrx_word' id='word_1_415' title='bbox 770 4275 827 4324; x_wconf 94' lang='lat' dir='ltr'>C.</span> <span class='ocrx_word' id='word_1_416' title='bbox 848 4275 1046 4337; x_wconf 87' lang='lat' dir='ltr'>Wolfii,</span> <span class='ocrx_word' id='word_1_417' title='bbox 1074 4291 1182 4325; x_wconf 91' lang='lat' dir='ltr'>cur.</span> <span class='ocrx_word' id='word_1_418' title='bbox 1204 4275 1332 4341; x_wconf 80' lang='lat' dir='ltr'>phil.</span> <span class='ocrx_word' id='word_1_419' title='bbox 1355 4282 1407 4325; x_wconf 85' lang='lat' dir='ltr'>et</span> <span class='ocrx_word' id='word_1_420' title='bbox 1426 4276 1540 4326; x_wconf 87' lang='lat' dir='ltr'>crit.</span> <span class='ocrx_word' id='word_1_421' title='bbox 1566 4276 1658 4339; x_wconf 77' lang='lat' dir='ltr'>lv,</span> <span class='ocrx_word' id='word_1_422' title='bbox 1686 4278 1802 4326; x_wconf 88' lang='grc'><strong>399.</strong></span> <span class='ocrx_word' id='word_1_423' title='bbox 1830 4293 1871 4327; x_wconf 89' lang='lat' dir='ltr'>s.</span> <span class='ocrx_word' id='word_1_424' title='bbox 1899 4277 1968 4325; x_wconf 89' lang='lat' dir='ltr'>H.</span> <span class='ocrx_word' id='word_1_425' title='bbox 1995 4278 2062 4325; x_wconf 89' lang='lat' dir='ltr'>H.</span> <span class='ocrx_word' id='word_1_426' title='bbox 2082 4276 2304 4327; x_wconf 90' lang='lat' dir='ltr'>Donker</span> <span class='ocrx_word' id='word_1_427' title='bbox 2329 4275 2561 4339; x_wconf 86' lang='lat' dir='ltr'>Curtius,</span> <span class='ocrx_word' id='word_1_428' title='bbox 2587 4292 2731 4343; x_wconf 83' lang='lat' dir='ltr'>spec.</span> 
     </span>
     <span class='ocr_line' id='line_1_40' title="bbox 245 4362 2732 4429; baseline 0.001 -17"><span class='ocrx_word' id='word_1_429' title='bbox 245 4363 409 4413; x_wconf 87' lang='lat' dir='ltr'>herm.</span> <span class='ocrx_word' id='word_1_430' title='bbox 430 4362 507 4412; x_wconf 82' lang='lat' dir='ltr'>th.</span> <span class='ocrx_word' id='word_1_431' title='bbox 528 4362 593 4412; x_wconf 87' lang='lat' dir='ltr'>de</span> <span class='ocrx_word' id='word_1_432' title='bbox 612 4362 941 4428; x_wconf 82' lang='lat' dir='ltr'>Apocalypsi</span> <span class='ocrx_word' id='word_1_433' title='bbox 961 4364 1028 4413; x_wconf 85' lang='lat' dir='ltr'>ab</span> <span class='ocrx_word' id='word_1_434' title='bbox 1051 4362 1229 4412; x_wconf 90' lang='lat' dir='ltr'>indole</span> <span class='ocrx_word' id='word_1_435' title='bbox 1249 4362 1493 4413; x_wconf 84' lang='lat' dir='ltr'>doctrina</span> <span class='ocrx_word' id='word_1_436' title='bbox 1512 4368 1565 4412; x_wconf 90' lang='lat' dir='ltr'>et</span> <span class='ocrx_word' id='word_1_437' title='bbox 1583 4362 1849 4413; x_wconf 88' lang='lat' dir='ltr'>scribendi</span> <span class='ocrx_word' id='word_1_438' title='bbox 1871 4380 2064 4429; x_wconf 83' lang='lat' dir='ltr'>genere</span> <span class='ocrx_word' id='word_1_439' title='bbox 2083 4364 2117 4413; x_wconf 83' lang='lat' dir='ltr'>J</span> <span class='ocrx_word' id='word_1_440' title='bbox 2123 4363 2343 4413; x_wconf 88' lang='lat' dir='ltr'>ohannis</span> <span class='ocrx_word' id='word_1_441' title='bbox 2363 4364 2607 4429; x_wconf 84' lang='lat' dir='ltr'>Apostoli</span> <span class='ocrx_word' id='word_1_442' title='bbox 2624 4381 2732 4414; x_wconf 88' lang='lat' dir='ltr'>non</span> 
     </span>
     <span class='ocr_line' id='line_1_41' title="bbox 247 4450 2731 4516; baseline 0 -16"><span class='ocrx_word' id='word_1_443' title='bbox 247 4450 588 4500; x_wconf 84' lang='lat' dir='ltr'>abhorrente.</span> <span class='ocrx_word' id='word_1_444' title='bbox 608 4450 749 4503; x_wconf 87' lang='lat' dir='ltr'>Trai.</span> <span class='ocrx_word' id='word_1_445' title='bbox 770 4450 887 4500; x_wconf 89' lang='lat' dir='ltr'>Bat.</span> <span class='ocrx_word' id='word_1_446' title='bbox 919 4452 1068 4500; x_wconf 90' lang='grc'><strong>1808.</strong></span> <span class='ocrx_word' id='word_1_447' title='bbox 1096 4468 1145 4516; x_wconf 89' lang='lat' dir='ltr'>p.</span> <span class='ocrx_word' id='word_1_448' title='bbox 1172 4452 1255 4500; x_wconf 87' lang='grc'>44.</span> <span class='ocrx_word' id='word_1_449' title='bbox 1283 4466 1392 4515; x_wconf 84' lang='lat' dir='ltr'>seq.</span> <span class='ocrx_word' id='word_1_450' title='bbox 1436 4450 1555 4500; x_wconf 85' lang='lat' dir='ltr'>Alb.</span> <span class='ocrx_word' id='word_1_451' title='bbox 1578 4450 1701 4500; x_wconf 83' lang='lat' dir='ltr'>Chr.</span> <span class='ocrx_word' id='word_1_452' title='bbox 1723 4466 1827 4499; x_wconf 86' lang='lat' dir='ltr'>van</span> <span class='ocrx_word' id='word_1_453' title='bbox 1851 4451 2012 4500; x_wconf 85' lang='lat' dir='ltr'>Eldik</span> <span class='ocrx_word' id='word_1_454' title='bbox 2033 4451 2266 4513; x_wconf 86' lang='lat' dir='ltr'>Thieme,</span> <span class='ocrx_word' id='word_1_455' title='bbox 2293 4466 2477 4500; x_wconf 88' lang='lat' dir='ltr'>comm.</span> <span class='ocrx_word' id='word_1_456' title='bbox 2507 4450 2572 4501; x_wconf 89' lang='lat' dir='ltr'>de</span> <span class='ocrx_word' id='word_1_457' title='bbox 2597 4456 2731 4516; x_wconf 87' lang='lat' dir='ltr'>sept.</span> 
     </span>
     <span class='ocr_line' id='line_1_42' title="bbox 248 4536 2732 4603; baseline 0.001 -16"><span class='ocrx_word' id='word_1_458' title='bbox 248 4540 399 4603; x_wconf 83' lang='lat' dir='ltr'>epist.</span> <span class='ocrx_word' id='word_1_459' title='bbox 428 4536 653 4603; x_wconf 88' lang='lat' dir='ltr'>Apocal.</span> <span class='ocrx_word' id='word_1_460' title='bbox 690 4554 740 4602; x_wconf 90' lang='lat' dir='ltr'>p.</span> <span class='ocrx_word' id='word_1_461' title='bbox 768 4540 850 4587; x_wconf 87' lang='grc'>91.</span> <span class='ocrx_word' id='word_1_462' title='bbox 878 4554 920 4587; x_wconf 89' lang='lat' dir='ltr'>s.</span> <span class='ocrx_word' id='word_1_463' title='bbox 969 4538 1029 4587; x_wconf 91' lang='lat' dir='ltr'>P.</span> <span class='ocrx_word' id='word_1_464' title='bbox 1056 4538 1107 4587; x_wconf 85' lang='lat' dir='ltr'>J.</span> <span class='ocrx_word' id='word_1_465' title='bbox 1134 4536 1187 4587; x_wconf 91' lang='lat' dir='ltr'>S.</span> <span class='ocrx_word' id='word_1_466' title='bbox 1214 4537 1399 4603; x_wconf 82' lang='lat' dir='ltr'>Vogel,</span> <span class='ocrx_word' id='word_1_467' title='bbox 1440 4544 1717 4588; x_wconf 89' lang='lat' dir='ltr'>comment.</span> <span class='ocrx_word' id='word_1_468' title='bbox 1754 4537 1820 4587; x_wconf 90' lang='lat' dir='ltr'>de</span> <span class='ocrx_word' id='word_1_469' title='bbox 1845 4538 2064 4603; x_wconf 82' lang='lat' dir='ltr'>Apocal.</span> <span class='ocrx_word' id='word_1_470' title='bbox 2091 4538 2286 4588; x_wconf 83' lang='lat' dir='ltr'>Joann.</span> <span class='ocrx_word' id='word_1_471' title='bbox 2321 4537 2434 4587; x_wconf 91' lang='lat' dir='ltr'>Erl.</span> <span class='ocrx_word' id='word_1_472' title='bbox 2465 4539 2613 4587; x_wconf 86' lang='lat'>1813.</span> <span class='ocrx_word' id='word_1_473' title='bbox 2637 4538 2732 4589; x_wconf 87' lang='lat' dir='ltr'>IV.</span> 
     </span>
     <span class='ocr_line' id='line_1_43' title="bbox 248 4623 2732 4691; baseline 0 -16"><span class='ocrx_word' id='word_1_474' title='bbox 248 4632 299 4675; x_wconf 90' lang='lat' dir='ltr'>et</span> <span class='ocrx_word' id='word_1_475' title='bbox 328 4628 479 4677; x_wconf 86' lang='lat'>1814.</span> <span class='ocrx_word' id='word_1_476' title='bbox 508 4626 571 4675; x_wconf 74' lang='lat' dir='ltr'>V.</span> <span class='ocrx_word' id='word_1_477' title='bbox 623 4623 685 4674; x_wconf 88' lang='lat' dir='ltr'>G.</span> <span class='ocrx_word' id='word_1_478' title='bbox 712 4624 773 4673; x_wconf 92' lang='lat' dir='ltr'>B.</span> <span class='ocrx_word' id='word_1_479' title='bbox 800 4625 999 4688; x_wconf 91' lang='lat' dir='ltr'>Winer‚</span> <span class='ocrx_word' id='word_1_480' title='bbox 1027 4625 1162 4691; x_wconf 87' lang='lat' dir='ltr'>disp.</span> <span class='ocrx_word' id='word_1_481' title='bbox 1200 4625 1265 4674; x_wconf 88' lang='lat' dir='ltr'>de</span> <span class='ocrx_word' id='word_1_482' title='bbox 1303 4624 1650 4687; x_wconf 88' lang='lat' dir='ltr'>soloecismis,</span> <span class='ocrx_word' id='word_1_483' title='bbox 1688 4625 1779 4690; x_wconf 90' lang='lat' dir='ltr'>qui</span> <span class='ocrx_word' id='word_1_484' title='bbox 1823 4626 1875 4674; x_wconf 91' lang='lat' dir='ltr'>in</span> <span class='ocrx_word' id='word_1_485' title='bbox 1911 4624 2237 4691; x_wconf 76' lang='lat' dir='ltr'>Apocalypsi</span> <span class='ocrx_word' id='word_1_486' title='bbox 2273 4624 2524 4675; x_wconf 85' lang='lat' dir='ltr'>Joannea</span> <span class='ocrx_word' id='word_1_487' title='bbox 2557 4625 2732 4675; x_wconf 86' lang='lat' dir='ltr'>inesse</span> 
     </span>
    </p>
   </div>
  </div>
 </body>
</html>
