3267 5259
1218 454 1417 511 epistola
1443 456 1499 501 ιιι
1522 456 1686 501 ‘ritum
2565 445 2694 511 417

204 630 569 696 responderet.
630 632 823 698 Itaque
877 633 1033 683 fateri
1091 638 1303 700 oportet
1352 635 1630 699 imperium
1674 634 1860 684 mortis
1907 648 1942 683 a
1984 634 2140 699 primi
2185 636 2426 701 parentis
2469 640 2694 701 peccato

204 719 461 783 originem
503 717 725 781 ducere,
776 725 837 769 ut
870 712 983 769 una
1017 735 1138 769 cum
1173 721 1291 787 ipso
1330 720 1511 770 cuncti
1544 719 1800 770 mortales
1837 719 2092 770 censendi
2128 722 2236 770 sint
2271 720 2508 772 divinum
2542 737 2694 787 prae·

202 811 417 871 ceptum
453 805 716 869 violasse,
778 804 1023 872 adeoque
1058 808 1241 858 mortis
1278 812 1333 857 et
1366 821 1575 872 poenae
1612 806 1778 857 fuisse
1815 808 2017 869 socios,
2080 807 2172 872 qui
2207 807 2420 858 fuerant
2455 808 2693 859 eiusdem

202 892 395 958 cnlpae
468 894 785 959 participes3
866 908 931 943 ac
1000 894 1517 960 protoparentis
1586 893 1787 960 culpa
1857 894 2298 959 originariam
2371 894 2694 961 quandam

198 980 427 1031 labem
476 984 541 1030 et
574 996 711 1031 una
745 995 886 1031 eum
920 980 1045 1031 illa
1078 982 1311 1031 mortis
1348 981 1824 1031 necessitatem
1861 980 2185 1032 hominum
2221 997 2427 1047 genus
2464 999 2692 1047 perva-

198 1067 393 1119 sisse.
456 1067 616 1117 Unde
664 1083 849 1119 omnes
897 1067 1139 1119 homines
1175 1082 1283 1117 non
1318 1067 1479 1119 modo
1517 1067 1860 1119 similitudine
1896 1074 2148 1132 naturae,
2203 1067 2298 1119 sed
2334 1070 2492 1121 etiam
2531 1072 2692 1137 turpi-

196 1154 387 1204 tudine
426 1156 637 1220 peccati
652 1192 665 1219 ,
702 1156 929 1221 primum
963 1154 1113 1205 illum
1148 1158 1425 1221 parentem
1460 1154 1726 1217 referunt,
1775 1155 1868 1221 qui
1905 1160 1987 1206 est
2032 1154 2204 1205 forma
2240 1156 2428 1217 futuri,
2466 1149 2555 1217 ,ὥς
2593 1153 2694 1207 ἐστι

194 1239 345 1299 τύπος
368 1242 461 1291 τοῦ
488 1236 809 1310 μέλλοντος.“
851 1242 981 1291 Fuit
1016 1247 1195 1292 autem
1229 1241 1427 1291 Adam
1460 1246 1660 1307 typus
1697 1246 1752 1291 et
1783 1240 1959 1307 figura
1995 1240 2252 1292 Christi
2287 1241 2467 1293 multis
2503 1242 2691 1294 modis.

196 1342 244 1377 a.
284 1328 363 1379 Ut
396 1327 635 1379 Adamas
671 1328 793 1380 fons
828 1329 1063 1379 omnium
1096 1328 1383 1393 malorum3
1420 1329 1499 1379 ita
1533 1329 1797 1379 bonorum
1833 1329 2066 1379 omnium
2103 1333 2292 1380 auctor
2326 1334 2410 1379 est
2431 1328 2689 1381 Christus.

196 1414 247 1465 b.
284 1415 365 1465 Ut
400 1414 641 1467 Adamas
678 1418 731 1465 vi
766 1416 983 1467 seminis
1018 1416 1253 1467 omnium
1288 1421 1529 1467 nostrum
1562 1429 1760 1483 parens
1809 1415 2108 1467 censendus
2155 1420 2264 1481 est3
2324 1418 2400 1467 ita
2449 1416 2691 1469 Christus

198 1508 319 1551 ortu
359 1502 595 1567 quodam
640 1502 903 1568 spirituali
946 1518 1045 1554 nos
1091 1501 1161 1552 ad
1208 1518 1407 1552 novum
1454 1504 1599 1552 vitae
1646 1516 1815 1568 genus
1859 1509 2124 1567 procreat.
2185 1518 2231 1553 c.
2271 1502 2457 1553 Gratia
2495 1502 2691 1555 Christi

196 1588 409 1653 absque
463 1588 575 1638 ullo
629 1591 816 1640 merito
871 1593 1055 1641 nostro
1111 1590 1389 1653 tribuitur3
1449 1594 1511 1639 ut
1563 1590 1633 1639 ab
1687 1588 1893 1639 Adamo
1948 1590 2154 1655 absque
2210 1591 2427 1656 propria
2480 1592 2691 1641 actione

196 1674 462 1741 originale
496 1682 777 1742 peccatum
822 1677 1169 1728 contrahitur.
1230 1676 1436 1739 Quodsi
1480 1677 1557 1727 ita
1602 1675 1762 1727 Pauli
1807 1677 2109 1727 institutum
2157 1677 2689 1739 consideraverimus,

196 1762 491 1813 similitudo
527 1764 665 1813 inter
702 1762 969 1815 Christum
1004 1769 1060 1815 et
1092 1764 1355 1815 adamum
1370 1800 1385 1827 ‚
1424 1778 1750 1829 quamquam
1784 1764 1843 1813 in
1878 1764 2090 1815 diverso
2127 1779 2322 1830 genero
2337 1802 2351 1827 ‚
2388 1764 2492 1816 hoo
2526 1766 2688 1831 potis·

196 1849 389 1899 simum
408 1850 741 1901 continetur:
776 1850 951 1917 quod
983 1857 1265 1917 uterque
1302 1850 1514 1901 fuerit
1546 1851 1740 1916 quasi
1777 1864 2062 1915 persona
2094 1850 2390 1917 publica,
2423 1850 2690 1917 periodi

196 1935 467 1987 ethicae
521 1937 863 1989 cuiusdam
910 1940 1185 2004 generis
1240 1938 1509 1989 humani
1562 1939 1886 2004 princeps
1937 1941 2004 1987 et
2058 1937 2198 1988 dux.
2262 1936 2688 2003 Comparationis

194 2038 323 2073 vero
360 2024 445 2074 vis
478 2039 653 2075 mere
690 2024 989 2076 formalis
1024 2030 1121 2088 est,
1156 2026 1357 2092 quippe
1392 2039 1533 2091 quae
1559 2025 1629 2075 ab
1653 2030 1884 2091 utroque
1915 2023 2118 2091 aliquid
2143 2024 2213 2075 ad
2238 2040 2420 2076 omnes
2446 2024 2686 2075 homines

194 2111 475 2161 transiisse
511 2110 787 2163 ostendat:
825 2126 883 2163 re
919 2114 1039 2177 ipsa
1072 2117 1185 2163 toto
1210 2112 1363 2163 coelo
1394 2128 1489 2163 eos
1525 2111 1737 2163 differre
1773 2111 2032 2175 videmus,
2069 2116 2130 2161 ut
2151 2127 2260 2163 non
2283 2116 2394 2163 tam
2419 2112 2684 2177 coniungi,

196 2212 359 2262 quam
412 2197 643 2265 disiungi
690 2198 940 2251 debeant.
1008 2200 1259 2250 Attamen
1315 2198 1543 2265 amplior
1592 2198 1755 2249 huius
1797 2198 1904 2249 loci
1951 2199 2198 2249 tractatio
2247 2198 2318 2249 ad
2363 2199 2686 2264 Dogmatum

196 2285 529 2350 expositores
554 2287 769 2352 proprie
795 2287 1042 2353 pertinet.
1092 2285 1315 2337 Consuli
1352 2287 1509 2338 etiam
1534 2290 1814 2351 poteruntz
1849 2285 1912 2335 F.
1937 2285 2003 2337 X.
2027 2284 2280 2337 Patritius
2319 2284 2372 2335 S.
2397 2286 2469 2349 J„
2497 2301 2686 2337 comm.

194 2376 255 2421 tr.
278 2407 291 2420 .
312 2408 329 2421 .
367 2370 439 2422 de
472 2372 685 2438 peccati
718 2372 995 2439 originalis
1031 2373 1419 2440 propagatione
1454 2388 1491 2422 a
1523 2372 1697 2423 Paulo
1736 2372 2020 2437 descripta.
2068 2371 2220 2423 Rom.
2256 2374 2407 2423 1851.
2445 2389 2498 2438 p.
2533 2374 2616 2423 26.
2641 2388 2684 2423 s.

192 2457 405 2521 Aberle,
441 2462 495 2509 fl.
528 2460 681 2509 Rom.
718 2462 768 2522 5,
807 2461 1028 2511 12—14.
1064 2460 1122 2509 in
1154 2474 1279 2511 ann.
1313 2459 1451 2511 Tflb.
1477 2460 1662 2521 Quart.
1690 2460 1842 2511 1854.
1879 2475 1932 2524 p.
1957 2458 2079 2509 458.
2103 2474 2148 2511 s.
2197 2458 2550 2523 Schliinkens,
2589 2459 2686 2510 das

193 2544 393 2596 Weaen
418 2544 515 2595 der
538 2545 841 2597 Erbsilnde.
868 2546 1135 2612 Regensb.
1164 2547 1315 2597 1863.
1342 2563 1394 2612 p.
1422 2547 1539 2597 108.
1564 2560 1608 2597 s.
1645 2544 1834 2607 Simar,
1861 2544 2048 2597 Theol.
2073 2544 2124 2595 d.
2149 2545 2202 2595 h.
2227 2544 2429 2596 Paulus
2453 2562 2506 2612 p.
2531 2548 2616 2597 62.
2641 2562 2686 2598 s.

209 2658 223 2669 ·
244 2659 309 2668 —
331 2658 345 2671 ·
365 2632 431 2683 F.
458 2633 543 2682 W.
570 2632 633 2683 C.
655 2633 913 2696 Umbreit,
940 2635 1314 2685 commentatio
1348 2633 1436 2683 die
1462 2631 1660 2696 Saudo,
1693 2632 1914 2697 Beitrag
1949 2648 1994 2682 z.
2021 2631 2208 2683 Theol.
2235 2631 2286 2682 d.
2311 2632 2374 2683 A.
2400 2633 2464 2682 Τ.
2487 2632 2683 2683 Hamb.

194 2720 346 2789 1853,
396 2720 519 2785 ipsa
560 2720 947 2787 interpretandi
994 2722 1203 2772 ratione
1248 2725 1537 2782 monstrat,
1588 2721 1898 2786 scriptorem
1947 2732 1982 2769 a
2025 2732 2068 2769 s.
2104 2719 2156 2769 d.
2189 2718 2559 2771 Rationalistis
2595 2720 2686 2769 vix

192 2820 431 2871 unquam
468 2806 747 2857 dissidere.

573 3068 633 3147 ξ.
680 3069 785 3134 82.
848 3064 1375 3131 summarium
1422 3064 1836 3152 Epistolae
1883 3063 1976 3133 ad
2021 3062 2299 3129 Titum.

398 3254 719 3334 Quamvis
762 3278 897 3319 non
940 3256 1023 3320 sit
1068 3253 1530 3338 dubitandum,
1578 3256 1734 3341 quin
1781 3277 1830 3319 s.
1863 3254 2106 3319 Paulus
2151 3253 2414 3319 Titum¹
2461 3276 2682 3318 coram

192 3376 255 3431 et
299 3368 565 3431 monitis
610 3376 676 3431 et
720 3367 1031 3432 doctrinis
1075 3368 1473 3450 instruxerit,
1521 3377 1588 3431 et
1633 3388 2008 3454 quanquam
2051 3366 2236 3431 Titus
2284 3376 2516 3453 sponte
2562 3390 2682 3431 sua

189 3500 441 3545 morem
494 3482 807 3565 gesserit3
868 3490 1091 3545 tamen
1148 3492 1217 3547 et
1259 3482 1355 3545 rei
1400 3479 1781 3566 magnitudo
1804 3482 1848 3563 ²,
1905 3490 1978 3547 et
2041 3489 2316 3545 conatus
2374 3478 2678 3545 adversa·

186 3592 431 3656 riorum
452 3595 478 3635 ³
521 3590 913 3678 Apostolum
958 3594 1181 3676 movit,
1228 3602 1301 3657 ut
1327 3592 1397 3657 id
1427 3594 1642 3679 ipsum
1682 3592 1898 3658 denuo
1943 3614 2066 3679 per
2094 3591 2315 3659 literas
2361 3592 2615 3657 faceret
2631 3596 2676 3657 ⁴.

400 3850 441 3915 ¹)
478 3849 685 3899 Nomen
722 3844 936 3911 ,,Τίτος“
975 3861 1008 3898 a
1044 3844 1151 3910 τίω,
1196 3846 1418 3910 honoro,
1466 3852 1640 3898 ortum
1678 3847 1904 3910 trahere,
1943 3853 1996 3897 et
2029 3848 2240 3897 virum
2287 3847 2678 3899 honoratum

184 3934 489 4000 significare
526 3935 805 4001 probabile
840 3933 1051 3986 videtur
1088 3934 1152 3985 G.
1184 3934 1253 3985 Ε.
1290 3933 1589 3996 Schmidio,
1626 3950 1814 3985 comm.
1839 3933 1908 3985 de
1940 3934 2062 3983 Tito
2093 3931 2246 4001 τέκνῳ
2280 3930 2468 4001 γνησίῳ
2503 3934 2678 3985 Pauli.

184 4022 287 4071 Tit.
317 4024 365 4084 1,
390 4024 439 4073 4.
486 4021 611 4073 Jen.
640 4022 791 4072 1⁷41.
827 4037 880 4086 p.
905 4023 957 4071 4.
980 4036 1023 4071 s.
1072 4021 1138 4072 V.
1162 4037 1215 4086 p.
1240 4021 1359 4070 274.
1384 4036 1437 4071 n.
1464 4022 1513 4071 2.
1576 4020 1619 4086 ²)
1657 4021 1810 4081 Quae
1833 4020 2094 4085 Apostolo
2125 4034 2286 4069 curae
2311 4024 2442 4081 erat.
2503 4019 2545 4085 ³)
2577 4019 2676 4070 Isti

182 4108 463 4159 Ecclesias
512 4107 753 4159 Cretica-s
800 4107 975 4158 adbuc
1021 4114 1233 4175 teneras
1275 4108 1495 4157 turbare
1536 4106 1888 4157 conabantur.
1961 4106 2004 4171 ι)
2041 4105 2146 4167 Qui
2183 4105 2398 4155 Cretam
2443 4105 2674 4157 insulam

182 4194 342 4245 Pauli
374 4196 477 4260 Ap.
516 4199 693 4245 aetate
727 4194 1105 4245 inhabitabant
1143 4193 1365 4257 Judaei,
1412 4194 1650 4245 moribus
1685 4208 1936 4259 magnum
1971 4198 2176 4258 partem
2219 4196 2372 4242 erant
2407 4193 2669 4257 pessimis,

183 4296 305 4330 cum
350 4282 521 4331 multa
564 4280 850 4332 admodum
894 4280 1179 4332 traxissent
1222 4295 1290 4330 ex
1330 4280 1476 4331 mala
1524 4279 1884 4342 Cretensium,
1925 4294 2068 4345 quos
2118 4281 2256 4329 inter
2300 4278 2673 4343 versabantur,

178 4366 393 4431 indolet,
452 4368 803 4433 scriptoribus
862 4382 1075 4433 quoque
1129 4366 1369 4432 profanis
1420 4368 1655 4433 graviter
1707 4367 2026 4432 vituperata.
2095 4364 2368 4432 Quidquid
2421 4366 2671 4417 vitiorum

182 4454 464 4519 improbis,
510 4452 753 4519 perfidis,
800 4452 1181 4516 fraudulentis,
1224 4454 1461 4518 ignavis,
1512 4452 1858 4503 mendacibus
1901 4451 2249 4517 immorigeris
2295 4453 2674 4518 impostoribus

178 4542 373 4607 suique
390 4556 605 4607 semper
628 4540 762 4591 lucri
785 4540 1037 4593 studiosis
1056 4540 1233 4591 inesse
1254 4544 1447 4606 potest,
1472 4540 1529 4589 id
1550 4542 1607 4589 in
1630 4540 1762 4605 ipsis
1788 4539 2168 4605 reperiebatur.
2193 4537 2334 4589 Illud
2357 4541 2669 4604 praesertim

180 4628 578 4679 intolerandum
602 4627 886 4679 videbatur
906 4628 1185 4694 Apostolo‚
1224 4626 1369 4693 quod
1392 4642 1515 4678 cum
1538 4628 1684 4677 omni
1719 4624 2057 4692 improbitate
2081 4640 2184 4677 sua
2211 4626 2419 4676 virtutis
2455 4626 2670 4677 affecta-

286 4720 494 4767 Danko.
525 4720 644 4763 nist.
674 4720 971 4762 &velationis
998 4720 1186 4761 divinae.
1216 4720 1272 4761 11.
2299 4715 2364 4763 27
