3267 5259
570 396 703 462 480
1305 408 1417 451 nist.
1448 408 1555 449 nov.
1584 408 1675 450 div.
1704 407 1869 451 Period.
1899 408 1958 450 11.
1985 420 2080 461 cap.
2107 409 2307 450 alterum.

572 582 863 671 periculo
926 581 1237 648 liberatus
1268 587 1306 646 ¹.
1383 584 1465 648 In
1526 583 1656 648 fine
1721 582 2032 670 epistolae
2093 605 2142 647 s.
2198 580 2614 647 Timotheum
2673 604 2790 647 suo
2849 590 3034 668 atque

572 696 861 763 fidelium
905 694 1347 762 Romanorum
1394 697 1658 763 nomine
1705 694 1941 762 salutat
1959 698 2002 759 ².

686 998 727 1077 ἓ
772 998 875 1064 98.
921 992 1345 1058 Ecclesiae
1394 991 1688 1057 Christi
1734 991 1977 1057 latius
2021 992 2095 1056 in
2144 991 2307 1056 dies
2360 990 2696 1056 diffusae
2753 990 2932 1055 fata.

780 1192 1019 1249 Interea
1066 1188 1339 1265 temporis
1390 1188 1541 1247 aliae
1592 1208 1766 1265 super
1817 1190 1962 1247 alias
2011 1190 2224 1265 passim
2269 1191 2336 1245 in
2381 1187 2606 1246 cunctis
2649 1188 2772 1246 fere
2813 1186 3030 1263 imperii

576 1296 824 1355 Romani
864 1294 1185 1372 provinciis
1227 1294 1662 1352 succrescebant
1711 1292 2002 1351 Fidelium
2056 1293 2544 1368 congregationes,
2597 1312 2674 1351 ex
2715 1291 2943 1350 «Iudaeis
2978 1296 3029 1349 et

575 1398 908 1461 Gentilibus
960 1398 1273 1468 conflatae3
1330 1418 1476 1477 quae
1527 1417 1645 1456 non
1691 1399 2034 1456 desinebant
2085 1398 2335 1474 prodigii
2390 1399 2652 1456 adinstar
2703 1398 2913 1474 suspici
2943 1399 3025 1455 'ob

573 1506 864 1581 insignem
908 1505 1150 1563 virtutis
1194 1508 1254 1561 et
1300 1503 1717 1562 sanctimoniae
1762 1502 2144 1579 splendorem,
2199 1503 2509 1579 praecipue
2551 1508 2812 1579 spectata
2853 1502 3026 1560 ethica

578 1610 940 1669 Graecorum
970 1608 1481 1687 Romanorumque
1519 1610 1645 1667 eius
1673 1610 1806 1669 aevi
1837 1609 2182 1669 conditione.
2229 1608 2482 1667 Initium
2511 1609 2722 1666 sumsit
2743 1606 3031 1683 Evangelii

574 1827 713 1877 unde
760 1825 985 1877 celebris
1021 1823 1115 1875 illa
1157 1822 1410 1874 formula:
1461 1822 1792 1874 Christianos
1830 1822 1900 1873 ad
1937 1823 2136 1873 leones.
2185 1822 2266 1872 cf.
2301 1820 2354 1871 S.
2387 1822 2584 1888 Ignatii
2619 1823 2691 1873 ad
2729 1823 2875 1873 Rom.
2909 1840 2957 1874 n.
2989 1824 3032 1873 8.

572 1932 624 1982 p.
650 1917 767 1965 211.
815 1912 1129 1978 Martyrium
1166 1909 1218 1961 S.
1244 1911 1545 1976 Polycarpi,
1582 1927 1634 1960 n.
1663 1912 1743 1959 12.
1771 1927 1822 1976 p.
1848 1911 1965 1959 287.
2012 1910 2098 1959 De
2121 1910 2438 1974 martyribus
2463 1909 2533 1959 ad
2557 1910 2759 1960 bestias
2785 1910 3034 1961 damnatis

575 2002 731 2053 docte
769 2003 1167 2051 commentatur.
1216 1997 1278 2048 A.
1314 1996 1611 2060 Gallonius,
1652 1996 1845 2063 Congr.
1885 1996 1974 2047 Or.
2009 2012 2087 2062 pr.
2123 1996 2160 2046 l.
2196 1996 2262 2045 de
2299 1994 2351 2045 S.
2377 1996 2669 2061 Martyrum
2707 1997 3034 2047 cruciatibus.

574 2089 762 2139 Colon.
801 2090 953 2137 1602.
990 2104 1040 2152 p.
1078 2088 1193 2135 301.
1231 2101 1272 2135 s.
1319 2086 1385 2134 V.
1420 2101 1465 2134 e.
1500 2084 1763 2147 Ruinarti,
1799 2084 1936 2135 Acta
1958 2084 2250 2149 Martyrum
2287 2084 2414 2133 sinc.
2454 2088 2507 2132 et
2543 2082 2636 2133 sel.
2677 2082 2729 2133 S.
2757 2082 2812 2133 S.
2837 2085 3035 2149 Perpet-

572 2177 781 2227 Felicit.
807 2180 906 2227 etc.
930 2192 983 2224 n.
1010 2178 1058 2225 6.
1096 2190 1148 2239 p.
1172 2176 1255 2225 83.
1305 2173 1409 2234 Qui
1445 2164 1758 2238 Apostolum
1795 2188 1860 2221 ex
1895 2186 2090 2237 mag-no
2115 2187 2174 2221 se
2205 2176 2441 2236 ereptum
2477 2186 2598 2221 esse
2633 2171 2874 2236 periculo
2911 2172 3036 2221 affir-

572 2278 745 2315 masse
782 2268 1028 2326 censent3
1066 2262 1225 2311 etiam
1249 2260 1379 2310 nihil
1408 2259 1551 2325 quod
1574 2260 1746 2309 minus
1782 2257 2060 2324 probabile
2097 2258 2234 2308 foret
2264 2257 2463 2307 dicunt.
2513 2257 2652 2307 Illud
2683 2259 2740 2308 in
2765 2259 3037 2324 proverbio

572 2352 736 2401 fuisse
777 2366 875 2412 „ex
911 2364 1001 2398 ore
1038 2347 1209 2397 leonis
1247 2347 1492 2396 liberari“
1533 2347 1663 2397 satis
1701 2349 1927 2396 constat.
1977 2343 2112 2394 Coll.
2139 2345 2226 2395 Ps.
2251 2346 2335 2405 21,
2361 2346 2444 2393 22.
2483 2344 2653 2394 Eccti.
2681 2348 2766 2407 51,
2793 2346 2845 2395 4.

786 2436 823 2503 ¹)
850 2440 899 2499 4,
921 2438 1139 2486 14—18.
1185 2434 1225 2499 ²)
1252 2435 1355 2483 Pro
1382 2434 1641 2500 epistolae
1672 2432 2056 2498 complemento
2077 2433 2126 2493 4,
2152 2434 2367 2482 19—21.
2395 2432 2682 2481 Dominum
2701 2431 2754 2481 J.
2777 2431 2838 2481 C.
2865 2447 3036 2498 preca·

572 2531 675 2588 tur,
712 2540 807 2591 per
831 2524 1055 2590 gratiam
1081 2536 1230 2573 suam
1262 2523 1333 2573 sit
1357 2538 1478 2571 cum
1506 2520 1785 2571 Timotheo
1813 2524 1866 2571 et
1891 2520 2135 2569 omnibus
2157 2519 2436 2569 Ecclesiae
2459 2534 2592 2569 suae
2615 2518 2880 2569 fidelibus.
2930 2520 3038 2581 Quo

574 2630 657 2663 res
705 2612 959 2671 evaserit,
1016 2624 1085 2660 an
1130 2609 1439 2659 Timotheus
1482 2613 1605 2657 ante
1653 2606 1808 2658 Pauli
1857 2611 2077 2657 mortem
2125 2606 2346 2657 Romam
2393 2607 2728 2672 pervenerit?
2771 2607 3036 2657 incertum.

572 2702 649 2753 De
672 2699 932 2753 autloentia
966 2697 1247 2747 alterius
1286 2696 1363 2744 ad
1388 2695 1795 2745 Timotheum
1832 2695 2159 2760 epistolae
2185 2694 2287 2744 hac
2311 2698 2496 2744 nostra
2521 2699 2697 2744 aetate
2723 2692 3035 2755 dubitatum3

572 2786 715 2853 quod
738 2786 862 2836 falsi
888 2786 1131 2835 doctores
1156 2786 1211 2833 in
1238 2784 1317 2833 his
1341 2783 1511 2834 literis
1546 2783 1733 2845 notati,
1771 2783 1903 2832 satis
1935 2782 2181 2832 distincte
2217 2781 2588 2831 describantur
2612 2796 2710 2831 seu
2745 2779 3035 2830 Gnostici

570 2872 828 2923 saeculi
882 2871 1171 2922 secundi.
1245 2870 1379 2921 Item
1428 2870 1571 2936 quod
1624 2869 1909 2919 verisimile
1957 2869 2101 2919 haud
2149 2870 2242 2931 sit,
2292 2885 2334 2918 s.
2373 2868 2598 2919 Paulum
2653 2869 2708 2917 in
2763 2873 2914 2919 tanto
2965 2868 3038 2918 sui

570 2960 807 3026 periculo
845 2959 1097 3026 epistolas
1134 2960 1427 3024 scripsisse,
1466 2962 1521 3007 et
1554 2958 1730 3009 socios
1761 2957 1831 3006 ad
1857 2974 1914 3008 se
1941 2972 2190 3019 vocasse3
2229 2957 2352 3005 item
2379 2956 2832 3021 exspectationem
2867 2956 3036 3005 mortis

572 3049 838 3113 animique
887 3048 1240 3097 constantiam
1287 3047 1441 3111 quasi
1486 3045 1730 3096 consulto
1777 3050 2092 3095 ostentasse.
2161 3044 2246 3093 Ita
2291 3043 2356 3093 de
2403 3044 2609 3103 Wette,
2655 3042 2802 3093 Einl.
2843 3060 2894 3106 p.
2930 3046 3035 3093 332.

572 3136 687 3185 337.
714 3151 757 3185 s.
806 3134 967 3193 Baur,
993 3132 1079 3183 die
1106 3138 1472 3199 sogenannten
1496 3133 1824 3184 Pastoralbr.
1849 3132 1900 3182 d.
1925 3134 2024 3198 Ap.
2051 3133 2110 3181 P.
2137 3132 2329 3197 Stuttg.
2359 3133 2507 3181 1855.
2533 3148 2584 3195 p.
2607 3133 2656 3181 8.
2677 3146 2720 3180 s.
2755 3132 2842 3180 9⁵1.
2863 3148 2904 3183 s.
2939 3130 3034 3180 Sed

572 3236 711 3288 quae
733 3220 1023 3287 Apostolus
1048 3220 1114 3271 de
1140 3220 1291 3271 falsis
1312 3220 1618 3271 doctoribus
1646 3220 1714 3269 ad
1736 3220 2068 3270 Timotheum
2088 3220 2326 3285 scripsit3
2355 3234 2420 3269 ea
2443 3224 2756 3283 comparent
2779 3221 2834 3267 in
2855 3220 3034 3285 episto-

572 3309 636 3359 lis
688 3314 739 3359 et
774 3309 1102 3375 Apocalypsi
1148 3307 1200 3357 S.
1236 3308 1465 3358 Joannis
1509 3322 1617 3357 non
1663 3308 1854 3367 minus,
1903 3322 2059 3372 quam
2106 3308 2160 3356 in
2194 3306 2363 3356 literis
2399 3304 2780 3371 Apostolorum
2817 3306 2957 3356 Petri
2991 3310 3036 3354 et

570 3395 765 3447 Judae.
804 3395 957 3457 Quod
984 3396 1039 3444 in
1063 3396 1241 3461 specie
1278 3395 1624 3460 gnosticos
1663 3410 1924 3445 errores
1961 3396 2166 3455 attinet,
2205 3406 2526 3459 quamquam
2563 3392 2786 3443 saeculo
2811 3393 3032 3444 secundo

569 3482 854 3533 artificiose
892 3483 961 3533 ad
1005 3482 1305 3532 methodum
1356 3481 1623 3547 quandam
1670 3482 1906 3532 nondum
1950 3481 2146 3531 fuerint
2181 3480 2404 3543 exculti3
2450 3484 2628 3531 tamen
2677 3478 2848 3545 digito
2893 3479 3033 3545 quasi

568 3570 995 3620 demonstrantur
1029 3572 1083 3619 in
1110 3569 1229 3619 aliis
1258 3585 1470 3635 quoque
1506 3568 1557 3618 d.
1582 3568 1741 3619 Pauli
1765 3569 2020 3634 epistolis,
2058 3585 2108 3617 v.
2135 3586 2185 3634 p.
2213 3569 2332 3619 405.
2359 3584 2400 3617 s.
2439 3568 2570 3617 etin
2597 3566 2819 3617 exordio
2844 3569 3034 3633 primae

570 3656 827 3723 epistolae
864 3656 917 3707 S.
952 3656 1197 3707 Joannis.
1236 3656 1391 3717 Quod
1430 3656 1657 3721 denique
1695 3655 2052 3722 praetendunt
2085 3670 2127 3705 s.
2155 3654 2323 3705 Paulo
2361 3670 2468 3706 non
2507 3657 2796 3705 convenire
2831 3656 3030 3721 genium

569 3741 843 3810 epistolae,
884 3745 1005 3809 ipsa
1039 3744 1269 3794 lectione
1306 3742 1541 3793 eiusdem
1576 3743 1852 3793 refellitur.
1889 3742 1972 3793 Ad
2007 3758 2176 3809 genus
2211 3742 2562 3808 epistolicam,
2601 3743 2746 3807 quod
2783 3742 3034 3793 familiare

568 3835 780 3892 vocant,
818 3831 1085 3896 pertinere
1123 3830 1345 3879 alteram
1382 3829 1450 3879 ad
1489 3830 1824 3881 Timotheum
1863 3829 2144 3896 epistolam
2181 3831 2340 3879 etiam
2385 3829 2678 3879 adversarii
2725 3829 3032 3881 concedunt.

566 3918 687 3969 Hoc
740 3932 1013 3979 concesso,
1060 3918 1239 3967 omnia
1285 3932 1421 3983 quae
1474 3924 1758 3968 moverunt
1802 3922 1990 3967 contra
2031 3932 2149 3967 eam
2197 3917 2362 3967 dubia
2407 3916 2545 3967 solvi
2589 3922 2854 3982 poterunt.
2911 3918 3032 3968 Cum

568 4006 705 4055 enim
742 4004 1016 4055 familiaris
1055 4004 1313 4069 epistolae
1352 4020 1419 4055 ea
1454 4006 1523 4054 sit
1556 4005 1794 4069 indoles3
1832 4010 1892 4055 ut
1915 4010 2030 4057 tota
2052 4006 2108 4055 in
2133 4004 2377 4055 testando
2415 4020 2595 4055 amore
2630 4010 2890 4065 versetur,
2928 4005 3031 4055 sine

566 4093 728 4143 dubio
776 4094 935 4142 etiam
989 4098 1203 4143 nostrae
1250 4092 1351 4141 hoc
1404 4092 1674 4158 peculiare
1729 4094 1842 4142 erit.
1905 4092 2191 4143 Ostentata
2243 4096 2422 4142 autem
2474 4092 2658 4141 mortis
2713 4091 3030 4157 exspectatio

565 4180 765 4231 frustra
808 4180 1106 4244 quaeritur,
1164 4179 1257 4228 ubi
1302 4194 1525 4245 magnus
1576 4184 1629 4229 et
1673 4181 2024 4230 inconcussus
2069 4178 2310 4245 Apostoli
2355 4180 2564 4229 animus
2612 4195 2669 4229 se
2720 4178 3028 4229 manifestat.

566 4265 865 4317 Genuinum
916 4264 1069 4316 Pauli
1118 4281 1253 4332 opus
1303 4280 1421 4317 esse
1470 4266 1902 4317 demonstrarunt
1949 4282 2077 4334 prae
2126 4268 2318 4317 ceteris
2355 4266 2418 4317 G.
2455 4266 2522 4316 Ε.
2557 4266 2690 4328 Leo,
2727 4267 2790 4316 P.
2827 4282 2910 4332 ep.
2945 4264 3028 4313 alt.

566 4351 634 4402 ad
660 4352 793 4403 Tim.
819 4336 952 4418 prol.
979 4371 1030 4419 p.
1056 4354 1139 4403 25.
1166 4370 1209 4404 s.
1255 4354 1319 4404 N.
1346 4354 1663 4419 Fogtmnnn,
1703 4354 1770 4404 de
1805 4354 2082 4404 authentia
2117 4354 2566 4420 pastoralium
2603 4368 2742 4419 quae
2777 4357 3029 4403 vocantur

564 4440 721 4489 Pauli
756 4441 856 4505 Ap.
894 4441 1252 4507 epistolarum.
1291 4442 1468 4491 Havn.
1506 4444 1655 4492 1831.
1692 4458 1744 4507 p.
1773 4444 1854 4493 14.
1882 4458 1923 4492 s.
1972 4441 2070 4492 Th.
2095 4441 2318 4505 Rudow,
2357 4441 2424 4491 de
2461 4456 2570 4507 arg.
2609 4440 2660 4490 h.
2699 4439 2894 4506 quibus
2929 4454 3026 4490 rec.

566 4542 647 4591 ep.
686 4531 884 4591 pastor.
935 4529 1083 4593 origo
1128 4527 1360 4579 Paulina
1401 4530 1635 4595 impugn.
1672 4546 1725 4595 p.
1761 4530 1844 4579 34.
1871 4544 1912 4579 s.
1965 4528 2192 4590 Ginella,
2231 4529 2299 4579 de
2334 4527 2616 4579 authentia
2657 4526 2764 4594 Ep.
2801 4544 2844 4578 s.
2879 4524 3026 4577 Pauli

566 4612 920 4665 Pastoralium
945 4632 995 4679 p.
1026 4617 1139 4665 158.
1166 4632 1207 4665 s.
1258 4616 1299 4682 ⁴)
1326 4616 1447 4665 Non
1476 4618 1591 4667 sine
1618 4616 2181 4682 admiratione-legere
2216 4630 2514 4681 possumus,
2552 4628 2694 4680 quae
2729 4616 2796 4665 de
2831 4628 3027 4665 summa
