3267 5259
599 442 728 509 386
1345 452 1461 497 mat.
1489 452 1596 497 sev.
1627 451 1717 497 «nv.
1748 450 1917 496 Portos.
1944 448 2002 495 n.
2022 466 2115 506 ap.
2144 450 2345 507 primun.

601 631 832 697 Omnis
889 629 1212 696 mediator
1275 641 1496 695 autem
1541 632 1733 695 unius
1779 651 1923 695 esse
1966 651 2104 695 non
2144 638 2393 715 potest,
2464 626 2584 693 sed
2652 648 2933 692 necesse
3002 636 3093 691 est

601 744 766 810 duos
813 743 980 827 dari,
1035 745 1206 809 inter
1249 765 1416 829 quos
1459 743 1750 809 mediare
1796 744 2023 829 possit.
2071 740 2257 807 Deus
2302 751 2527 806 autem
2570 762 2741 805 unus
2790 750 2927 823 est,
2972 762 3097 804 non

596 856 848 942 indiget
905 856 1298 941 mediatore3
1377 858 1480 921 cui
1548 879 1818 944 prorsus
1884 857 2193 921 convenit
2238 876 2389 919 cum
2435 876 2517 919 eo
2562 875 2855 941 quocum
2904 855 3043 937 agit
3060 856 3095 915 ¹.

597 968 686 1033 Et
727 970 819 1034 ita
861 990 996 1035 non
1041 992 1197 1035 usus
1244 979 1343 1035 est
1384 969 1649 1035 homine
1696 968 1782 1034 ad
1841 969 2376 1055 promissionem,
2442 968 2609 1031 sicut
2652 988 2813 1031 usus
2872 976 2980 1031 est
3020 965 3097 1029 ad

597 1081 938 1147 ferendam
981 1082 1236 1169 Legem
1257 1084 1302 1147 2.
1381 1080 1840 1147 Obiectionem
1908 1092 2210 1168 occupat,
2274 1103 2445 1167 quae
2504 1078 2676 1145 ultro
2738 1101 2813 1143 se
2878 1078 3095 1143 offert:

597 1196 650 1259 si
697 1218 782 1260 ex
825 1194 1012 1281 Lege
1056 1205 1406 1282 peccatum
1453 1194 1775 1279 abundat3
1852 1216 2011 1281 ergo
2072 1194 2223 1259 Lex
2282 1203 2384 1259 cst
2444 1194 2775 1258 contraria
2838 1191 3095 1255 divinae

595 1307 1054 1394 promissioni?
1096 1308 1294 1372 Hanc
1339 1309 1874 1373 consecutionem
1916 1316 2122 1393 negat
2162 1304 2525 1393 Apostolus
2572 1314 2641 1369 et
2670 1304 3096 1383 demonstrat,

597 1422 740 1506 quis
785 1420 982 1485 fuerit
1023 1420 1225 1506 Legis
1270 1442 1459 1486 usus:
1509 1420 1798 1486 custodis
1842 1421 2177 1501 nimirum,
2238 1421 2347 1505 qui
2407 1418 2705 1483 Judaeos
2752 1420 2827 1481 in
2872 1418 3095 1481 timore

593 1532 722 1597 Dei
770 1534 1161 1617 contineret3
1209 1555 1456 1620 eosque
1499 1532 1683 1599 velut
1723 1556 1924 1598 manu
1968 1531 2242 1597 duceret
2284 1531 2373 1596 ad
2418 1529 2751 1597 Christum
2772 1532 2821 1594 ³.
2890 1528 3096 1593 Huius

601 1696 661 1703 -—

592 1778 814 1831 propon.
840 1762 1063 1829 exempl.
1089 1762 1272 1813 iudicii
1309 1763 1376 1813 de
1414 1777 1584 1813 exam.
1607 1778 1723 1815 var.
1748 1763 1843 1813 int.
1870 1762 1987 1813 Gal.
2015 1766 2064 1826 3,
2091 1764 2177 1813 20.
2214 1765 2350 1812 sent.
2382 1762 2440 1811 in
2476 1776 2664 1827 opusc.
2703 1761 2791 1813 ed.
2822 1760 3095 1813 Goldhorn

592 1851 741 1917 Lips.
768 1851 920 1900 1821.
953 1867 1008 1917 p.
1034 1852 1151 1901 211.
1178 1865 1221 1901 s.
1272 1849 1335 1900 G.
1361 1850 1423 1901 Β.
1449 1850 1651 1914 Winer,
1690 1863 1893 1900 excurs.
1930 1848 2028 1899 ΙΙΙ.
2062 1865 2116 1915 p.
2146 1850 2262 1899 125.
2306 1847 2510 1911 8011011,
2539 1864 2624 1915 ep.
2652 1848 2725 1899 ad
2752 1848 2880 1900 Gal.
2906 1866 2961 1915 p.
2984 1850 3097 1898 452.

593 1937 646 1987 J.
673 1936 1000 1999 Schulthess,
1033 1936 1098 1986 de
1133 1935 1196 1986 G.
1223 1936 1533 1988 Hermanno
1569 1936 1861 1987 enodatore
1900 1952 1982 2002 ep.
2016 1936 2175 1985 Pauli
2212 1935 2283 1984 ad
2320 1934 2440 1985 Gal.
2478 1935 2605 1985 Tur.
2648 1936 2812 1985 1835.
2852 1952 2907 2001 p.
2944 1938 3027 1985 40.
3058 1950 3097 1982 s.

595 2022 808 2087 Gurlitt,
835 2038 957 2073 ann.
985 2022 1134 2073 Stud.
1161 2038 1212 2073 u.
1238 2022 1330 2072 Kr.
1358 2024 1510 2086 1837,
1545 2024 1664 2073 805.
1690 2038 1732 2072 s.
1774 2024 1923 2085 1843,
1961 2023 2077 2072 715.
2114 2037 2157 2072 s.
2205 2021 2477 2083 Matthias,
2514 2037 2667 2087 exeg.
2702 2022 2868 2072 Vers.
2894 2026 2947 2072 fl.
2987 2020 3096 2071 Gal.

593 2111 641 2173 3,
671 2112 751 2160 16.
779 2112 862 2159 20.
912 2108 1116 2161 Cassel.
1145 2111 1298 2160 1849.
1346 2110 1617 2173 Eiusdem,
1646 2109 1741 2159 der
1766 2108 2139 2159 Galaterbrief.
2178 2107 2384 2159 Caesel.
2414 2110 2565 2159 1865.
2596 2124 2651 2175 p.
2682 2110 2731 2159 1.
2758 2124 2808 2159 s.
2858 2108 3095 2165 Holsten,

591 2198 846 2263 Deutung
882 2196 932 2246 d.
967 2196 1052 2245 W.
1089 2194 1208 2247 Gal.
1247 2198 1306 2258 3,
1343 2198 1429 2247 21.
1473 2196 1621 2247 Rost.
1661 2197 1812 2247 1853.
1868 2196 1921 2246 J.
1956 2196 2021 2245 Ε.
2057 2195 2234 2259 Ruth,
2274 2195 2342 2245 de
2378 2194 2499 2246 loco
2538 2211 2620 2261 ep.
2660 2195 2829 2245 Pauli
2878 2196 2953 2245 ad
2988 2196 3096 2247 Gal.

592 2284 642 2345 3,
672 2286 752 2333 19.
779 2285 864 2333 20.
903 2298 1089 2332 comm.
1127 2282 1338 2332 Altenb.
1377 2284 1528 2332 1854.
1565 2300 1615 2348 p.
1653 2284 1735 2333 15.
1764 2298 1805 2333 s.
1857 2282 2059 2346 Cassel,
2100 2282 2151 2332 d.
2174 2282 2377 2333 Mittler
2412 2284 2497 2332 ein
2532 2298 2685 2347 exeg.
2720 2282 2886 2333 Vera.
2914 2301 2960 2332 ι.
2986 2282 3097 2332 Gal.

592 2371 652 2431 3,
695 2371 774 2419 19.
814 2384 856 2419 s.
901 2369 1015 2419 Erf.
1057 2370 1208 2419 1855.
1257 2386 1309 2434 p.
1353 2370 1433 2419 17.
1469 2386 1512 2419 s.
1574 2368 1865 2432 Steinfass,
1906 2370 1965 2419 in
2008 2368 2265 2420 zeitschr.
2303 2368 2339 2419 f.
2376 2368 2413 2418 l.
2451 2367 2549 2418 Th.
2590 2370 2747 2419 1856.
2801 2386 2859 2436 p.
2902 2370 3021 2419 237.
3056 2384 3095 2417 s.

589 2456 676 2505 W.
710 2456 909 2521 Meyer,
943 2456 1035 2505 Kr.
1072 2470 1152 2505 ex.
1185 2454 1404 2505 Handb.
1439 2460 1491 2506 fl.
1518 2455 1568 2506 d.
1593 2454 1685 2506 Br.
1708 2456 1771 2506 Ρ.
1807 2470 1855 2505 a.
1881 2455 1931 2505 d.
1972 2454 2091 2505 Gal.
2118 2454 2263 2506 Gott.
2292 2456 2443 2506 1857.
2480 2472 2533 2521 p.
2571 2456 2693 2505 126.
2718 2472 2765 2507 s.
2820 2456 3097 2516 Wieseler,

591 2542 791 2593 Cotum.
817 2547 868 2593 11.
897 2542 948 2591 d.
966 2541 1028 2592 B.
1049 2542 1109 2592 P.
1135 2556 1206 2592 an
1231 2541 1318 2591 die
1343 2541 1462 2592 Gal.
1489 2559 1540 2607 p.
1559 2543 1681 2591 278.
1700 2556 1743 2592 s.
1780 2542 2031 2604 Hofman,
2056 2542 2089 2591 l.
2116 2557 2161 2593 s.
2186 2558 2232 2592 c.
2258 2558 2312 2608 p.
2338 2543 2422 2593 90.
2448 2556 2490 2592 s.
2526 2541 2867 2608 Beithmayr,
2900 2542 3095 2593 Comm.

591 2646 635 2679 z.
673 2630 762 2680 Br.
805 2643 875 2679 an
913 2628 998 2679 die
1037 2626 1155 2679 Gal.
1193 2627 1408 2678 Mflnch.
1449 2630 1599 2679 1865.
1646 2644 1699 2695 p.
1737 2630 1855 2679 281.
1892 2644 1935 2679 s.
1994 2628 2189 2694 Vogel,
2224 2630 2283 2678 in
2320 2644 2445 2679 ann.
2482 2626 2633 2679 Stud.
2670 2644 2727 2679 n.
2766 2629 2911 2679 Krit.
2952 2632 3097 2679 1865.

589 2732 641 2782 p.
662 2718 779 2767 524.
799 2732 842 2766 s.
881 2715 1200 2765 Contextum
1225 2715 1384 2765 huius
1408 2714 1514 2766 loci
1539 2715 1863 2766 obscuritate
1890 2715 2123 2781 quadam
2146 2716 2314 2781 premi
2340 2732 2371 2765 e
2395 2717 2612 2766 conciso
2638 2716 2804 2765 Pauli
2831 2716 3097 2766 scribendi

588 2818 782 2870 genere
805 2802 1030 2855 oriundo
1055 2818 1211 2853 nemo
1235 2802 1331 2852 ibit
1351 2800 1576 2866 infitias3
1615 2806 1850 2852 attamen
1887 2816 2171 2868 possumus
2206 2818 2277 2853 m.
2300 2818 2343 2853 s.
2368 2802 2596 2853 fortasse
2632 2803 2750 2852 sine
2790 2804 2943 2853 omni
2970 2805 3091 2853 arti·

586 2889 707 2939 ficio
733 2904 948 2941 sensum
983 2888 1224 2951 reddere,
1262 2894 1466 2939 attento
1505 2889 1743 2955 inprimis
1778 2888 1899 2939 loco
1934 2888 2195 2955 parallelo
2233 2889 2303 2939 ad
2338 2888 2489 2939 Rom.
2516 2891 2567 2951 3,
2592 2890 2678 2939 30.
2714 2889 2859 2939 Tim.
2894 2890 2943 2939 1.
2966 2893 3019 2951 2,
3044 2894 3089 2939 5.

799 2974 834 3041 ι)
873 2974 1146 3040 Siquidem
1181 2974 1506 3026 intermediis
1543 2974 1689 3041 apud
1724 2990 1817 3027 eos
1856 2990 2098 3042 egemus,
2148 2975 2466 3041 quibuscum
2510 2975 2657 3041 apud
2704 2976 2873 3041 ipsos·
2898 2992 3089 3027 conre-

585 3065 698 3113 nire
734 3078 844 3113 non
879 3077 1180 3128 possumus.
1241 3062 1283 3123 ²)
1321 3062 1530 3113 Idcirco
1568 3062 1785 3127 Moyses
1820 3078 1929 3113 non
1966 3062 2400 3128 aequiparandus
2430 3061 2663 3125 Christo,
2702 3062 2801 3127 qui
2826 3065 3091 3127 geminam

588 3150 778 3201 habuit
823 3154 1092 3211 naturam,
1139 3154 1202 3199 nt
1243 3148 1298 3198 id
1337 3148 1600 3214 efficeret;
1646 3150 1863 3215 Moyses
1911 3154 2087 3201 autem
2124 3164 2290 3215 purus
2328 3150 2529 3199 exstitit
2566 3148 2756 3211 homo,
2806 3156 2866 3199 et
2898 3150 3029 3199 ideo
3061 3164 3092 3198 a

588 3236 800 3288 Christo
836 3236 1056 3286 multum
1097 3234 1284 3285 differt.
1348 3236 1500 3285 Haec
1536 3242 1719 3287 tamen
1754 3236 1890 3287 ratio
1926 3236 1978 3286 h.
2012 3236 2047 3286 1.
2084 3251 2195 3286 non
2228 3237 2495 3302 tangitur3
2544 3240 2691 3285 recte
2728 3242 2916 3285 autem
2952 3238 3093 3301 prior

585 3324 910 3390 exprimitur.
961 3322 1042 3373 cf.
1079 3321 1132 3373 S.
1166 3322 1369 3385 Basilii,
1408 3321 1476 3372 de
1513 3322 1713 3388 Spiritu
1752 3323 1804 3373 S.
1848 3322 1991 3385 XIV,
2027 3326 2113 3373 33.
2149 3322 2251 3385 111,
2286 3325 2369 3373 27.
2416 3322 2481 3373 A.
2518 3321 2822 3386 Salmeron,
2862 3322 3001 3389 disp.
3036 3326 3087 3372 in

586 3426 668 3475 ep.
695 3409 746 3460 d.
771 3410 928 3459 Pauli
953 3408 1024 3459 ad
1049 3408 1168 3459 Gal.
1193 3409 1304 3460 ord.
1330 3414 1366 3459 t.
1393 3410 1508 3473 XV,
1537 3410 1655 3460 130.
1681 3425 1724 3459 s.
1772 3410 1974 3473 Estius,
2010 3410 2081 3459 ad
2112 3408 2163 3459 h.
2197 3410 2233 3459 l.
2270 3427 2323 3475 p.
2348 3410 2469 3460 393.
2515 3409 2647 3459 Ben.
2674 3408 2998 3471 «Iustiniani,
3032 3413 3087 3459 in

585 3512 768 3547 omnes
803 3496 865 3547 B.
899 3496 1054 3547 Pauli
1091 3510 1177 3562 ap.
1213 3512 1294 3562 ep.
1333 3496 1542 3563 explan.
1582 3496 1754 3563 Lngd.
1791 3498 1941 3547 1613.
1978 3497 2050 3561 11,
2085 3500 2169 3548 51.
2220 3496 2284 3547 6.
2321 3497 2623 3559 Hermann,
2662 3496 2791 3546 diss.
2832 3496 2903 3547 de
2938 3496 3087 3547 Pauli

585 3598 667 3647 ep.
693 3583 764 3634 ad
789 3582 907 3633 Gal.
932 3586 996 3633 tr.
1023 3598 1100 3648 pr.
1127 3596 1244 3649 cap.
1271 3610 1338 3619 —
1363 3584 1419 3633 in
1457 3598 1641 3649 opusc.
1667 3583 1731 3645 V,
1761 3586 1878 3634 129.
1905 3600 1947 3634 s.
1982 3612 2049 3621 -—
2087 3584 2237 3649 Lips.
2268 3584 2417 3634 1832.
2456 3598 2508 3648 p.
2536 3584 2621 3633 11.
2646 3586 2693 3633 s.
2744 3582 2810 3633 6.
2836 3583 2903 3633 Ρ.
2928 3584 3085 3645 Rink,

583 3668 788 3719 lucubr.
827 3684 898 3719 cr.
923 3671 980 3719 in
1003 3670 1064 3720 A.
1098 3669 1162 3720 A.
1201 3684 1247 3719 e.
1273 3685 1318 3720 c.
1359 3675 1414 3720 et
1447 3670 1658 3721 Paulin.
1696 3669 1823 3720 Bas.
1861 3672 2013 3722 1833.
2050 3688 2103 3737 p.
2142 3672 2255 3721 173.
2292 3685 2334 3720 s.
2384 3669 2589 3733 Lilcke,
2614 3672 2673 3720 in
2700 3684 2831 3720 ann.
2858 3669 3013 3721 Stud.
3036 3688 3085 3719 n.

583 3756 717 3806 Krit.
746 3758 897 3808 1828.
923 3772 974 3823 p.
1001 3757 1085 3807 83.
1112 3772 1153 3807 s.
1178 3756 1249 3806 id.
1273 3757 1346 3807 ib.
1375 3757 1526 3807 1833.
1552 3774 1604 3822 p.
1631 3759 1749 3807 521.
1801 3755 2044 3823 Caspari,
2080 3756 2312 3807 Strassb.
2340 3756 2607 3822 Beitriige.
2637 3758 2793 3807 1854.
2818 3775 2874 3823 p.
2900 3760 3021 3807 206.
3044 3776 3083 3807 s.

583 3842 1040 3904 Windischmann‚
1066 3860 1118 3909 p.
1145 3845 1230 3894 85.
1262 3858 1302 3893 s.
1365 3842 1406 3909 ³)
1443 3844 1528 3894 Ex
1563 3842 1909 3909 praecedenti
1945 3844 2395 3894 demonstratione
2432 3844 2745 3909 emergebat
2778 3845 3083 3895 conclusio:

581 3931 781 3996 Legem
819 3944 936 3981 esse
973 3930 1292 3980 contrariam
1328 3931 1618 3996 promissis.
1656 3930 1763 3979 Hic
1784 3931 1893 3979 iam
1918 3930 2157 3996 reponit:
2190 3930 2357 3996 Legis
2382 3930 2597 3996 quidem
2621 3930 2861 3983 officium
2886 3932 2989 3981 fnit
3018 3932 3083 3981 ad

581 4021 922 4083 peccatorum
947 4017 1304 4081 cognitionem
1330 4016 1541 4067 ducere.
1567 4018 1703 4067 Nam
1730 4017 1798 4067 ad
1822 4016 1986 4080 illam,
2012 4032 2173 4083 quam
2197 4017 2448 4068 Abrahae
2472 4019 2719 4083 promisit
2740 4020 2912 4081 Deus,
2938 4021 3082 4069 iusti-

581 4106 708 4153 tiam
757 4102 1186 4169 consequendam
1203 4140 1216 4165 ,
1265 4118 1487 4153 necesse
1529 4103 1655 4165 fuit,
1704 4108 1765 4153 ut
1805 4102 1904 4152 illa
1948 4119 2007 4154 se
2048 4102 2287 4169 indigere
2336 4102 2492 4154 homo
2540 4110 2895 4170 agnosceret3
2942 4104 3081 4155 unde

579 4190 917 4256 promissioni
943 4204 1052 4240 non
1077 4194 1284 4239 tantum
1312 4204 1420 4239 non
1445 4189 1759 4239 adversatur
1782 4190 1913 4252 Lex,
1954 4190 2083 4255 quin
2108 4189 2287 4255 potius
2310 4192 2427 4240 eius
2464 4190 2865 4256 comparandae
2892 4194 3080 4243 rationi

579 4278 808 4327 maxime
843 4276 1109 4326 conducit.
1159 4274 1348 4337 Qualis
1379 4279 1556 4325 autem
1583 4280 1729 4327 esset
1764 4276 2095 4327 Judaeorum
2118 4277 2218 4326 sub
2246 4278 2395 4343 Lege
2430 4277 2686 4340 conditio,
2726 4280 3009 4344 aptissima
3030 4286 3081 4327 et

580 4364 740 4413 valde
765 4378 1004 4429 congrua
1024 4364 1256 4428 imagine
1280 4362 1517 4413 custodis
1543 4367 1598 4412 et
1619 4362 1923 4429 paedagogi
1946 4362 2214 4425 describit,
2243 4378 2467 4428 quorum
2492 4364 2544 4413 vi
2570 4370 2627 4413 et
2648 4372 2800 4415 metu
2825 4368 2882 4415 in
2906 4366 3079 4416 officio

581 4464 700 4499 sese
743 4452 1104 4500 continerent:
1149 4448 1247 4500 sed
1293 4449 1737 4515 quemadmodum
1784 4449 2087 4512 custodiae,
2132 4450 2202 4499 ab
2250 4450 2367 4501 aliis
2414 4451 2752 4515 nationibus,
2798 4454 3077 4503 terminum

591 4534 773 4585 defixit
809 4536 956 4587 Deus
989 4535 1346 4586 universalem
1381 4534 1504 4586 fidei
1537 4537 2021 4600 annunciationem,
2058 4538 2135 4585 ita
2159 4542 2215 4586 et
2236 4537 2605 4603 paedagogiae
2640 4544 2855 4605 tempus
2892 4538 3077 4605 praefi-

581 4621 715 4669 nivit
749 4636 916 4684 usque
953 4621 1022 4670 ad
1066 4620 1357 4685 Christum3
1405 4638 1470 4671 ex
1507 4624 1659 4673 cuius
1704 4622 1809 4671 fide
1844 4621 1975 4672 illud
2012 4620 2374 4687 perficeretur,
2424 4624 2567 4688 quod
2604 4624 2793 4689 perfici
2830 4642 2899 4675 ex
2932 4626 3079 4691 Lege
