3267 5259
616 416 745 483 304
1360 428 1421 473 De
1450 430 1646 473 tontibus
1675 431 1836 473 Hister.
1871 428 1921 472 D.
1952 428 2004 473 N.
2035 432 2078 473 J.
2107 430 2155 473 C.
2183 442 2331 473 comm.

614 605 895 671 alienum
970 627 1134 670 esse.
1235 605 1507 670 Interim
1574 628 1708 670 non
1773 615 1954 671 recte
2021 626 2138 670 suo
2214 603 2360 670 loco
2437 614 2850 685 moveretur,
2925 601 3062 689 quod

616 728 757 783 erat
812 720 1122 803 scriptum
1176 741 1217 784 a
1273 720 1407 783 viro
1462 722 1816 801 θεοτωεὺστῳ.
1891 716 2176 783 Dicendi
2229 740 2436 803 genus
2495 716 2686 781 huius
2742 716 3064 803 particulae

616 840 713 895 est
779 831 1079 897 Joanneo
1148 840 1283 895 tam
1354 830 1596 914 simile,
1667 853 1864 917 quam
1933 854 2130 896 ovum
2199 852 2360 914 ovo3
2425 852 2552 895 nec
2617 829 2689 894 id
2758 832 3064 915 quisquam

612 946 895 1029 negavit.
936 943 1235 1009 Habetur
1258 944 1423 1009 haec
1448 946 1650 1009 sectio
1676 944 1853 1031 apud
1877 942 2318 1026 Ammonium,
2343 943 2725 1026 Eusebium,
2751 967 2804 1007 s.
2819 941 3062 1007 Ambro—

612 1059 797 1140 sium,
838 1080 887 1121 s.
914 1056 1407 1142 Hieronymum,
1441 1080 1489 1121 s.
1514 1058 1972 1142 Augustinum.
2035 1057 2385 1142 Reperitur
2411 1059 2478 1121 in
2507 1056 2840 1141 plerisque
2879 1078 3062 1119 exem-

609 1169 897 1256 plaribus
921 1172 1175 1255 graecis
1200 1172 1394 1235 etiam
1418 1170 1908 1258 antiquioribus,
1931 1172 1999 1233 in
2023 1170 2418 1235 lectionariis
2431 1169 2776 1234 Ecclesiae
2797 1190 3062 1254 graecae,

612 1283 839 1349 codice
888 1282 1180 1368 Syriaco,
1226 1283 1746 1369 Polyglottarum
1795 1286 2098 1348 versione
2145 1282 2439 1369 Coptica,
2485 1282 2897 1368 Aethiopica,
2941 1282 3061 1345 Per·

610 1397 771 1478 sica3
820 1405 890 1460 ut
933 1395 1014 1460 de
1046 1396 1284 1461 Latina
1316 1419 1485 1482 quae
1519 1406 1670 1461 ante
1703 1396 2178 1482 Hieronymum
2209 1398 2275 1459 in
2305 1395 2609 1461 Ecclesia
2641 1393 3060 1480 usurpabatur,

610 1507 825 1594 deque
856 1508 1101 1573 Missali
1130 1510 1427 1575 Romano
1462 1510 1766 1575 sileamus
1795 1512 1835 1575 ².
1889 1508 2001 1574 Ad
2031 1519 2395 1575 extremum
2425 1532 2488 1573 v.
2523 1510 2731 1589 ,71:an2⁶
2764 1507 2952 1588 VIII,
2983 1510 3060 1572 12.

608 1624 917 1709 supponit
972 1626 1409 1709 praecessisse
1470 1624 1664 1689 aliam
1727 1622 1966 1688 Christi
2026 1623 2114 1688 ad
2171 1622 2560 1687 Pharisaeos
2617 1620 3062 1686 allocutionem.

605 1735 927 1801 Immissio
984 1738 1204 1822 itaque
1260 1738 1491 1803 harum
1536 1736 1972 1803 Historiarum
2017 1738 2084 1801 in
2129 1758 2386 1801 sacrum
2435 1734 2773 1817 Codicem,
2819 1756 2964 1799 cum
3002 1733 3066 1794 sit
3141 1778 3147 1784 .

608 1849 675 1909 ἐκ
714 1856 825 1909 τῶν
869 1849 1203 1914 moraliter
1246 1852 1557 1933 ἀδυνάτωνς
1620 1851 1880 1916 omissio
1945 1852 2084 1915 eius
2129 1852 2196 1913 in
2239 1848 2566 1926 nonnullis
2611 1844 3064 1933 exemplaribus

608 1961 871 2026 facilem
910 1961 1111 2027 habet
1152 1961 1680 2048 explicationem.
1736 1963 2151 2049 Responsum
2191 1961 2474 2027 Christi²
2509 1960 2690 2047 quod
2728 1958 2893 2023 adeo
2923 1955 3065 2021 solli·

606 2076 767 2139 citos
828 2078 1037 2139 tenuit
1080 2086 1371 2141 vetustos
1415 2078 1842 2163 interpretes;
1904 2078 2089 2162 quasi
2134 2098 2252 2161 pro
2311 2076 2406 2139 rei
2451 2074 2774 2158 gravitate
2825 2072 2968 2135 leve
3014 2079 3068 2131 et

604 2188 893 2254 moribus
936 2188 1353 2272 insidiosum,
1402 2212 1481 2255 eo
1514 2192 1960 2275 angustiarum
2007 2187 2339 2277 compulit,
2385 2196 2456 2251 ut
2499 2186 2670 2251 hanc
2715 2186 3064 2272 pericopam

602 2302 1027 2387 negligerent.
1104 2301 1517 2388 Responsum
1562 2305 1820 2367 interim
1866 2303 2072 2367 Jesu³
2119 2304 2294 2367 omni
2341 2323 2428 2365 ex
2469 2310 2660 2386 parte
2709 2318 3065 2384 expensum,

606 2425 673 2479 et
704 2417 1068 2501 quaestioni
1094 2424 1160 2478 et
1184 2414 1423 2497 officio,
1457 2414 1634 2501 quod
1661 2414 1963 2479 Salvator
1994 2414 2372 2495 sustinebat,
2405 2424 2548 2477 erat
2578 2434 2776 2498 quam
2805 2410 3064 2473 maxime

601 2530 975 2613 appositum
997 2532 1039 2591 ⁴.
1088 2528 1317 2593 Restat
1346 2538 1419 2593 ut
1447 2528 1538 2593 de
1572 2528 1844 2593 ultimo
1879 2531 2140 2615 capite
2171 2525 2626 2611 Evangelii,
2661 2524 2838 2611 quod
2867 2521 3064 2586 omnia

604 2641 745 2704 fere
804 2642 1205 2706 monimenta
1263 2640 1517 2705 Textus
1581 2641 1752 2706 sacri
1819 2640 2164 2723 exhibent,
2227 2638 2550 2726 quaedam
2611 2634 3060 2702 subiiciamus⁵.

814 2956 851 3022 ¹)
890 2956 1054 3008 Sabb.
1083 2971 1131 3007 a.
1158 2957 1313 3008 Dom.
1339 2957 1432 3006 IV.
1458 2956 1658 3019 Quadr.
1709 2956 1750 3023 2)
1777 2958 1974 3008 Joann.
2002 2958 2052 3021 8,
2082 2960 2162 3007 10.
2192 2960 2273 3007 11.
2324 2954 2364 3023 3)
2391 2956 2454 3005 V.
2479 2972 2531 3021 p.
2562 2958 2644 3005 74.
2695 2954 2738 3019 ⁴)
2762 2952 3064 3018 Dignissima

599 3050 725 3095 sunt
746 3045 849 3094 hac
875 3045 938 3094 de
965 3060 1021 3094 re
1046 3043 1317 3095 Praesulis
1344 3044 1709 3110 Hipponensis
1733 3046 1917 3107 verba,
1958 3059 2094 3110 quae
2121 3060 2218 3109 per
2241 3045 2502 3108 integrum
2531 3046 2835 3093 contextum
2861 3040 3060 3089 reciten-

598 3136 700 3181 tur.
743 3131 1026 3193 „Nonnulli
1048 3131 1289 3180 modicae
1308 3131 1432 3180 fidei
1452 3131 1538 3180 vel
1557 3133 1738 3197 potius
1761 3132 1962 3181 inimici
1980 3144 2140 3181 verae
2160 3129 2300 3192 fidei,
2328 3129 2486 3179 credo
2505 3134 2802 3178 metuentes
2825 3122 3064 3193 peccandi

598 3218 963 3284 impunitatem
1004 3217 1115 3267 dari
1152 3218 1465 3267 mulieribus
1502 3218 1639 3279 suis,
1689 3218 1823 3267 illud
1862 3217 2004 3283 quod
2041 3217 2107 3267 de
2145 3217 2421 3267 adulterae
2457 3216 2794 3281 indulgentia
2825 3214 3060 3263 Dominus

598 3305 753 3367 fecit3
798 3304 1087 3355 sufferrent
1122 3304 1187 3353 de
1226 3304 1503 3355 codicibus
1542 3304 1678 3363 suis,
1727 3306 1880 3369 quasi
1925 3305 2322 3369 permissionem
2369 3302 2631 3369 peccandi
2679 3302 2939 3361 tribuerit,
2979 3298 3064 3361 qui

599 3390 731 3439 dixit
767 3392 873 3441 iam
911 3390 1161 3456 deinceps
1199 3390 1307 3440 noli
1346 3395 1619 3455 peccare.“
1670 3391 1754 3440 De
1791 3392 2001 3456 coniug.
2038 3390 2204 3440 adult.
2230 3390 2301 3452 11,
2331 3392 2376 3439 7.
2413 3390 2504 3451 vl,
2531 3391 2652 3439 407.
2713 3388 2842 3438 Tale
2879 3385 3062 3436 addita·

597 3483 828 3526 mentum
886 3478 955 3527 ab
1012 3477 1333 3527 orthodoxis
1387 3477 1670 3527 Ecclesiae
1729 3477 2038 3529 doctoribus
2091 3477 2344 3527 facillime
2397 3478 2672 3541 cognitum
2727 3480 2782 3525 et
2831 3476 3064 3524 reiectum

596 3564 809 3627 fuisset3
854 3564 909 3613 id
947 3564 1091 3629 quod
1128 3566 1343 3630 saepius
1380 3565 1642 3615 accidisse
1679 3564 1856 3630 legere
1893 3564 2020 3614 licet
2051 3566 2109 3613 in
2145 3564 2353 3614 erudito
2389 3563 2526 3613 libro
2563 3564 2626 3612 B.
2663 3562 2889 3613 Germon
2921 3558 2964 3607 S.
2995 3558 3060 3617 J„

600 3650 665 3699 de
716 3651 986 3701 veteribus
1031 3650 1313 3701 haereticis
1370 3651 1852 3701 ecclesiasticorum
1902 3651 2146 3701 codicum
2196 3651 2612 3716 corruptoribus.
2675 3651 2796 3699 Par.
2837 3648 2967 3697 1713.
3013 3660 3064 3709 p.

602 3740 718 3787 150.
754 3753 794 3787 s.
835 3739 949 3787 192.
1008 3738 1450 3788 Adversariorum
1486 3738 1814 3789 obiectiones
1853 3738 2106 3803 explosae
2142 3738 2406 3787 habentur
2443 3737 2590 3803 apud
2633 3738 2686 3787 J.
2721 3737 2806 3785 w.
2839 3734 3061 3797 ming-er,

598 3823 663 3873 de
701 3825 991 3890 scriptione
1030 3823 1088 3874 G.
1125 3826 1182 3873 in
1220 3830 1375 3885 terra,
1414 3824 1572 3875 Thes.
1598 3840 1650 3875 n.
1683 3842 1734 3890 p.
1761 3827 1880 3875 494.
1907 3842 1948 3877 s.
1996 3826 2047 3875 J.
2083 3826 2146 3873 A.
2181 3825 2503 3885 Fabricium,
2539 3823 2674 3873 cod.
2709 3838 2884 3889 apocr.
2915 3820 2966 3870 N.
3000 3818 3062 3867 Τ.

598 3911 640 3972 Ι,
670 3914 789 3961 356.
817 3928 857 3960 s.
906 3910 965 3960 C.
991 3912 1053 3961 A.
1081 3910 1474 3974 Heumannum,
1512 3914 1729 3977 interpr.
1754 3908 2080 3979 γεωγραφίας,
2117 3912 2175 3961 C.
2205 3912 2347 3961 Gott.
2382 3913 2532 3961 1738.
2569 3928 2620 3976 p.
2651 3912 2732 3960 19.
2759 3926 2800 3960 s.
2849 3910 2970 3972 Hug,
2997 3904 3060 3953 de

596 3998 834 4062 coniugii
860 3998 967 4047 chr.
998 3998 1215 4047 vinculo
1247 3998 1427 4048 indies.
1465 3998 1611 4047 Frib.
1643 4001 1792 4049 1816.
1830 4016 1882 4065 p.
1911 4002 1990 4049 22.
2019 4016 2060 4049 s.
2111 3998 2313 4061 Schott,
2339 3999 2478 4064 Isag.
2503 4016 2556 4063 p.
2587 4000 2703 4048 155.
2729 4014 2772 4048 s.
2819 3993 3060 4051 Staudlin,

592 4084 726 4149 prol.
754 4101 802 4149 q.
829 4086 989 4150 peric.
1016 4084 1083 4133 de
1109 4084 1353 4135 adultera
1388 4086 1585 4135 veritas
1612 4091 1666 4135 et
1697 4082 1917 4135 αὖθεντία
1940 4085 2255 4135 defenditur.
2308 4085 2450 4135 Gott.
2479 4086 2629 4134 1806.
2653 4085 2699 4134 Ι.
2725 4085 2793 4133 11.
2853 4082 2890 4147 ³)
2924 4080 3060 4129 varii

594 4169 777 4221 critici
822 4170 891 4220 ad
942 4174 1034 4233 20,
1072 4174 1155 4221 30.
1195 4174 1277 4219 31.
1327 4172 1404 4220 ita
1456 4172 1834 4235 substiterunt,
1891 4178 1950 4221 ut
2002 4172 2402 4221 conclusionem
2455 4173 2618 4221 totius
2667 4169 2938 4235 Evangelii
2981 4166 3059 4213 ibi

592 4264 969 4323 agnoscerent3
1017 4263 1175 4323 atque
1212 4257 1334 4307 inde
1372 4264 1655 4320 sumerent,
1703 4274 1811 4308 non
1845 4264 2052 4308 tantum
2090 4258 2324 4308 alienum
2359 4260 2529 4309 fuisse
2567 4273 2600 4307 a
2636 4258 2845 4309 Joannc
2878 4266 3058 4304 novam

592 4343 767 4395 denuo
814 4346 1176 4395 narrationem
1220 4344 1419 4394 addere
1465 4344 1938 4410 praecedentibus,
1983 4361 2168 4395 verum
2207 4350 2262 4395 et
2297 4346 2448 4396 nefas
2495 4360 2612 4395 esse
2647 4343 2894 4411 Apostolo
2933 4338 3060 4404 quid

590 4430 850 4493 tribuere,
899 4432 1043 4497 quod
1080 4446 1113 4481 a
1150 4431 1375 4481 consilio
1422 4432 1527 4480 iam
1570 4431 1772 4481 indicto
1820 4432 2067 4483 deflectit.
2127 4432 2376 4483 Attamen
2421 4448 2530 4482 non
2575 4433 2692 4481 sine
2735 4432 2927 4481 ratione
2961 4424 3062 4475 alii

589 4516 990 4581 responderunt,
1011 4517 1047 4567 J
1050 4532 1207 4568 canu.
1226 4534 1269 4567 c.
1287 4520 1369 4567 20.
1396 4519 1483 4583 agi
1504 4517 1569 4567 de
1589 4520 1906 4569 testimoniis
1923 4520 2350 4570 Resurrectionis
2369 4520 2435 4572 D.
2451 4520 2515 4569 N.
2529 4519 2582 4569 J.
2601 4519 2662 4569 C.
2681 4519 2866 4569 ibidem
2883 4528 3058 4566 recen-

588 4604 732 4665 sitis3
772 4618 937 4667 quare
974 4604 1042 4653 ad
1082 4605 1279 4654 exitum
1316 4606 1431 4655 eius
1468 4607 1756 4671 pericopae
1790 4620 1902 4656 non
1937 4608 2015 4656 ita
2049 4606 2463 4669 subsistendum,
2502 4622 2568 4657 ac
2597 4609 2644 4656 si
2681 4607 2806 4657 nihil
2839 4601 3060 4669 amplius
