3267 5259
553 455 650 506 XC
1389 474 1634 523 Apparatus
1662 474 1877 515 Historico
1890 497 1941 505 --
1959 474 2214 515 chronicus.

763 658 858 707 55.
924 654 1075 707 Anno
1111 656 1205 707 62.
1241 673 1280 706 ε.
1315 653 1588 709 Jacobum
1631 654 1883 723 ,fratrem
1927 656 2169 710 Domini‘
2216 655 2559 725 interfectum
2606 673 2721 709 esse
2754 657 3052 709 credimus.

554 758 718 815 Duae
767 757 1048 831 leguntur
1093 758 1163 814 de
1207 762 1462 832 tempore
1509 758 1785 835 martyrii
1828 758 1887 817 S.
1918 759 2119 817 Jacobi
2164 758 2507 828 sententiae,
2554 758 2859 833 Josephi
2908 778 3052 827 una,

555 858 700 938 qui¹
763 866 998 919 narrat:
1061 864 1414 919 Ananum
1473 882 1767 919 summum
1828 863 2173 921 Pontificem
2236 863 2463 921 Festo
2524 868 3055 939 procuratore

557 972 1139 1023 mortuo—anno
1193 964 1427 1023 circiter
1479 971 1578 1023 62.
1612 966 2065 1024 ——Jacobum
2118 966 2439 1043 lapidari
2492 968 2793 1037 fecisse;
2858 968 3054 1025 altera

555 1066 1005 1145 Hegesippi²
1045 1071 1330 1139 testantiS,
1377 1070 1687 1128 Judaeos
1729 1070 2012 1129 Jacobum
2058 1090 2090 1127 e
2134 1072 2371 1145 fastigio
2410 1072 2617 1146 templi
2662 1073 3053 1147 praecipitem

554 1172 754 1247 egisse.
847 1173 961 1230 Ille
1005 1194 1096 1231 .ex
1155 1173 1324 1249 lapsu
1383 1174 1574 1231 adhuc
1631 1179 1919 1249 superstes
1978 1174 2273 1250 lapidibus
2344 1180 2618 1233 contusus
2677 1194 2749 1234 ac
2810 1176 3051 1233 tandem

553 1277 796 1335 fullonis
825 1278 980 1335 fusto
1019 1278 1208 1335 fracto
1253 1280 1442 1353 capite
1487 1278 1747 1337 animam
1792 1277 2043 1337 efflavit.
2096 1278 2177 1335 Et
2234 1279 2512 1336 continuo
2558 1274 2777 1355 ,stng
2827 1279 3051 1355 Vespa-

553 1383 752 1439 sianus
805 1382 1025 1441 bellum
1077 1382 1260 1440 infert
1304 1382 1340 1439 J
1343 1383 1558 1441 udaeae
1607 1382 1949 1441 redacturus
2000 1401 2093 1440 eos
2146 1382 2211 1439 in
2264 1384 2635 1441 servitutem.
2713 1382 3051 1441 Secundum

476 1511 484 1520 >
553 1486 669 1543 ista
714 1485 1034 1561 Hegesippi
1083 1487 1267 1545 verba
1309 1486 1369 1543 S.
1401 1487 1650 1545 Jacobus
1696 1487 1817 1545 fere
1864 1506 1916 1545 a.
1955 1491 2057 1545 69.
2103 1492 2371 1545 mortuus
2414 1492 2501 1544 est
2520 1484 2563 1545 ³.
2625 1487 2721 1544 Ex
2752 1488 3051 1563 interpre-

555 1591 712 1649 tibus
750 1592 896 1649 bene
927 1590 1102 1649 mult-i
1132 1591 1408 1649 Flavium
1456 1598 1801 1669 sequuntur,
1848 1591 2039 1651 veluti
2089 1596 2294 1649 testem
2324 1610 2442 1649 non
2490 1596 2726 1649 tantum
2765 1611 3051 1651 coaevum

553 1696 652 1753 sed
696 1695 848 1753 forte
893 1700 953 1753 et
999 1695 1322 1766 oculatum3
1377 1696 1482 1754 alii
1536 1701 1731 1755 tamen
1777 1716 2019 1755 numero
2068 1701 2243 1774 atque
2286 1696 2532 1754 scientia
2587 1696 2887 1772 prioribus
2942 1700 3051 1755 vix

553 1798 861 1857 inferiores
911 1800 950 1856 J
953 1801 1229 1876 osephum
1283 1820 1414 1859 cum
1467 1800 1800 1876 Hegesippo
1853 1802 1917 1857 in
1970 1800 2337 1859 concordiam
2397 1800 2661 1874 redigere
2714 1806 3049 1859 tentarunt.

554 1904 735 1961 Porro
781 1906 1052 1981 quamvis
1095 1904 1304 1965 Flavio
1334 1906 1608 1963 standum
1640 1926 1759 1962 esse
1804 1906 2237 1975 contendimus,
2288 1924 2405 1963 non
2436 1906 2635 1963 omnia
2666 1910 2865 1963 tamen
2896 1926 3052 1983 quae

555 2009 920 2084 Hegesippus
944 2014 1166 2081 narrat,
1201 2014 1260 2067 et
1280 2010 1316 2067 J
1319 2010 1564 2085 osephus
1593 2009 1745 2080 silet,
1782 2014 1849 2066 ut
1876 2009 2026 2067 falsa
2054 2009 2377 2079 reiicimus3
2409 2010 2508 2067 sed
2538 2029 2607 2067 ea
2636 2011 3048 2069 tautummodo

553 2132 700 2189 quae
745 2131 878 2170 cum
933 2111 1090 2169 veris
1133 2113 1398 2171 historiis
1429 2114 1731 2171 conciliari
1763 2118 2065 2191 nequeunt
2080 2111 2124 2171 ⁴.
2190 2112 2355 2176 Quod
2388 2115 2461 2171 ad
2492 2118 2725 2189 tempus
2755 2116 3047 2189 passionis

554 2317 795 2364 suorum,
844 2303 1038 2367 quibus
1085 2302 1373 2351 etiamnum
1421 2303 1476 2351 in
1523 2302 1669 2351 Urbe
1708 2303 2027 2352 constrictus
2072 2308 2365 2365 teneretur,
2412 2302 2575 2368 plane
2620 2302 2824 2352 nullam
2868 2302 3048 2351 facere

553 2389 899 2453 mentionem3
951 2404 1104 2439 secus
1153 2394 1315 2455 atque
1363 2405 1482 2439 eum
1529 2390 1700 2454 egisse
1748 2390 1989 2439 novimus
2036 2390 2090 2438 in
2131 2390 2375 2439 omnibus
2420 2389 2527 2438 illis
2563 2389 2757 2452 literis,
2802 2404 2945 2455 quas
2998 2390 3050 2437 in

555 2475 866 2539 captivitate
903 2476 1146 2526 Romana
1181 2476 1408 2541 scripsit.
1467 2476 1604 2525 Nam
1642 2492 1687 2545 γ.
1728 2476 1848 2526 0011.
1878 2478 1957 2539 13,
1987 2478 2066 2526 18.
2096 2478 2177 2525 19.
2203 2478 2285 2525 23.
2323 2476 2483 2526 istum
2522 2492 2585 2525 ex
2624 2476 2727 2541 piis
2770 2476 3049 2526 Hebraeo-

555 2576 670 2610 rum
721 2563 968 2627 precibus
1015 2562 1242 2613 fructum
1288 2563 1392 2613 sibi
1438 2564 1715 2628 promittit,
1766 2563 1879 2612 fore
1926 2568 1988 2612 ut
2034 2568 2245 2629 ceptum
2289 2564 2391 2613 iter
2436 2563 2585 2613 Deus
2632 2563 3051 2613 clementissime

553 2648 827 2711 secundet,
877 2655 931 2699 et
973 2650 1353 2716 impedimenta
1398 2650 1534 2700 forte
1581 2651 1638 2699 in
1685 2651 1777 2699 via
1812 2652 2148 2701 occurrentia
2185 2667 2215 2700 e
2250 2650 2423 2701 medio
2462 2650 2632 2701 tollat.
2692 2650 2843 2701 Idem
2884 2666 3051 2715 porro

553 2735 842 2801 Apostolus
886 2735 929 2785 δ.
972 2740 1052 2799 10,
1092 2739 1175 2787 34.
1223 2753 1343 2787 cum
1378 2738 1563 2787 intimo
1600 2736 1939 2802 gratitudinis
1977 2754 2140 2789 sensu
2176 2740 2445 2803 agnoscit,
2482 2738 2766 2787 Hebraeos
2802 2754 2845 2787 s.
2872 2738 3049 2788 Paulo

555 2822 679 2871 dum
705 2822 879 2872 adhuc
904 2824 1121 2873 vincula
1144 2824 1462 2891 perferenda
1499 2830 1651 2874 erant
1676 2838 1998 2890 compassos,
2038 2824 2179 2891 quod
2214 2827 2391 2890 ipsum
2420 2826 2636 2891 pictatis
2672 2824 2907 2875 officium
2942 2826 3051 2875 illis

555 2910 686 2974 ipsis
731 2924 858 2975 erga
901 2910 1033 2961 alios
1078 2912 1237 2960 etiam
1279 2911 1616 2961 commendat
1660 2912 1740 2973 13,
1778 2912 1825 2960 3.
1886 2910 2039 2961 Haec
2082 2913 2261 2962 omnia
2304 2914 2432 2963 satis
2474 2927 2739 2977 superque
2780 2917 3051 2963 testantur

553 3012 597 3045 s.
633 2994 860 3045 Paulum
901 3012 1020 3047 cum
1069 2997 1137 3047 ad
1183 2996 1460 3047 Hebraeos
1509 2998 1766 3047 scriberet
1810 2998 1866 3047 in
1913 2998 2073 3048 Italia
2121 2999 2334 3065 proprie
2382 2998 2526 3048 dicta
2570 2997 2829 3062 haesisse,
2880 3005 3049 3065 atque

555 3082 891 3132 Timotheum
939 3084 1008 3133 ad
1058 3100 1115 3134 se
1163 3090 1536 3151 properantem
1585 3090 1951 3150 exspectasse3
2000 3090 2061 3135 ut
2108 3085 2302 3135 deinde
2350 3087 2405 3134 in
2456 3085 2570 3135 eius
2618 3086 2877 3136 comitatu
2924 3087 3049 3137 Deo

555 3170 692 3219 bene
729 3170 944 3220 favente
981 3170 1050 3220 ad
1087 3170 1368 3221 Hebraoos
1415 3171 1737 3221 contendere
1774 3177 1970 3236 posset.

767 3256 805 3322 ι)
843 3258 1020 3323 Antiq.
1047 3258 1165 3308 XX.
1192 3261 1240 3321 9,
1270 3261 1315 3308 1.
1353 3273 1404 3323 p.
1430 3260 1549 3308 976.
1610 3258 1651 3322 ²)
1690 3257 1847 3323 Apud
1882 3258 2178 3309 Eusebium
2202 3258 2273 3309 H.
2297 3260 2361 3309 E.
2386 3259 2459 3321 11,
2486 3262 2568 3309 23.
2607 3276 2658 3324 p.
2684 3261 2769 3310 63.
2796 3276 2839 3311 s.
2902 3260 2945 3323 ³)
2988 3261 3049 3309 In

554 3342 656 3392 hac
704 3343 998 3410 Hegesippi
1045 3347 1352 3395 narratione
1401 3346 1608 3395 interim
1658 3345 1827 3395 multa
1872 3344 2327 3411 reprehenderunt
2372 3347 2471 3395 viri
2528 3345 2697 3407 docti,
2754 3348 3051 3413 praecipue

556 3428 818 3495 Scaliger,
865 3436 974 3481 not.
1010 3432 1068 3480 in
1103 3432 1326 3481 Eusebii
1364 3432 1684 3481 chronicon.
1720 3432 1936 3482 Amstel.
1976 3433 2126 3482 1658.
2160 3449 2211 3498 p.
2249 3434 2365 3483 178.
2400 3433 2452 3482 J.
2493 3431 2766 3493 Clericus,
2806 3434 3051 3483 Historia

556 3516 686 3566 eccl.
713 3515 940 3568 duorum
975 3519 1265 3583 primorum
1302 3533 1350 3567 a.
1390 3518 1449 3568 C.
1477 3534 1526 3568 n.
1563 3518 1915 3569 saeculorum.
1964 3518 2156 3583 Hagae
2192 3534 2325 3569 com.
2366 3520 2515 3569 1743.
2541 3537 2592 3584 p.
2620 3522 2735 3569 414.
2774 3521 3047 3587 Basnagt·‚

555 3604 692 3653 Aun.
733 3603 802 3653 ad
840 3619 888 3653 a.
927 3606 1010 3655 60.
1047 3620 1098 3653 ιι.
1128 3607 1173 3654 7.
1199 3622 1252 3670 p.
1280 3607 1398 3655 701.
1425 3620 1466 3655 s.
1507 3605 1569 3656 G.
1597 3606 1658 3655 A.
1688 3606 1827 3666 Orsi,
1864 3606 2058 3657 Istoria
2094 3606 2223 3655 eccl.
2249 3607 2399 3657 Rom.
2432 3608 2581 3657 1754.
2607 3607 2649 3667 1,
2678 3609 2797 3657 337.
2824 3622 2869 3655 s.
2908 3608 3047 3657 Stol-

555 3689 702 3755 berg,
742 3689 934 3740 Gesch.
962 3690 1010 3741 d.
1037 3691 1284 3757 Religion
1309 3691 1361 3741 J.
1389 3691 1448 3741 O.
1475 3692 1558 3741 ed.
1587 3692 1743 3742 vind.
1773 3694 1922 3743 1817.
1956 3693 2045 3754 VI,
2072 3694 2191 3743 363.
2218 3708 2260 3742 s.
2310 3693 2361 3743 J.
2388 3693 2713 3755 Schulthess‚
2754 3692 3047 3758 Symbolae

555 3775 625 3825 ad
660 3778 924 3827 internam
959 3779 1198 3828 criticam
1234 3778 1517 3829 Librorum
1555 3780 1933 3829 canonicorum
1970 3794 2035 3829 ac
2066 3781 2545 3831 vetustissimorum
2582 3795 2719 3845 quae
2756 3786 3051 3845 supersunt

555 3870 1017 3921 monumentorum
1055 3864 1164 3915 chr.
1203 3867 1428 3915 nominis
1466 3870 1705 3931 paratae.
1765 3866 1945 3916 Tui-ici
1975 3868 2124 3917 1833.
2162 3866 2205 3927 1,
2232 3870 2315 3917 50.
2342 3884 2383 3917 s.
2435 3866 2494 3916 C.
2523 3866 2586 3916 G.
2612 3866 2814 3928 Theile,
2842 3868 3047 3918 Comm.

553 3951 610 3999 in
648 3966 730 4015 ep.
767 3951 979 4001 ,Iac-obi.
1017 3952 1165 4016 Lips.
1196 3954 1346 4002 1833.
1383 3970 1436 4018 p.
1475 3955 1558 4003 37.
1597 3969 1636 4002 s.
1686 3953 1881 4018 Anger,
1920 3953 1987 4002 de
2023 3959 2182 4017 temp.
2220 3955 2273 4002 in
2311 3954 2373 4003 A.
2400 3954 2462 4003 A.
2488 3959 2587 4003 rat.
2626 3954 2775 4019 Lips.
2804 3954 2957 4005 1833.
2996 3972 3048 4019 p.

558 4038 672 4086 104.
697 4054 741 4087 s.
789 4038 1052 4100 Neander,
1081 4038 1274 4087 Gcsch.
1301 4037 1396 4087 der
1419 4038 1717 4103 Pflanzung
1742 4039 1850 4088 und
1884 4040 2114 4105 Leitung
2139 4040 2235 4089 der
2258 4040 2366 4091 chr.
2392 4040 2588 4090 Kirche
2614 4041 2695 4090 ed.
2721 4040 2822 4089 111.
2848 4041 3048 4091 Hamb.

557 4126 708 4174 1841.
745 4141 796 4189 p.
835 4128 952 4175 500.
991 4141 1034 4175 s.
1093 4126 1156 4175 A.
1195 4125 1515 4190 Wiesinger,
1555 4126 1650 4175 der
1684 4126 1837 4175 Brief
1868 4125 1918 4175 d.
1956 4126 2195 4177 «lacobus
2232 4128 2489 4192 Konigsb.
2531 4129 2681 4178 1854.
2718 4144 2770 4192 p.
2809 4130 2893 4177 40.
2956 4127 3046 4176 Fr.

554 4210 834 4275 Koessing‚
862 4212 988 4261 diss.
1015 4210 1082 4261 de
1108 4226 1249 4262 anno
1276 4228 1380 4277 quo
1407 4216 1629 4261 mortem
1655 4212 1847 4263 obierit
1870 4212 2110 4263 Jacobus
2137 4213 2173 4263 f.
2198 4214 2267 4263 D.
2294 4214 2635 4278 Heidelberg.
2667 4216 2818 4264 1857.
2844 4231 2897 4279 p.
2926 4216 2974 4263 5.
3002 4231 3047 4264 s.

553 4296 606 4346 J.
632 4297 697 4345 E.
724 4297 950 4359 Huther,
991 4298 1071 4348 kr.
1099 4314 1247 4363 exeg.
1273 4298 1491 4349 Handb.
1516 4303 1567 4348 ἱὶ.
1595 4298 1645 4347 d.
1672 4298 1823 4348 Brief
1844 4298 1936 4349 des
1962 4299 2219 4351 Jacobus.
2260 4300 2403 4350 Gstt.
2433 4301 2584 4349 1858.
2610 4318 2661 4365 p.
2691 4303 2771 4350 11.
2816 4300 2888 4349 H.
2916 4299 3047 4350 Ger-

554 4382 692 4445 lach,
718 4382 802 4433 die
828 4390 958 4433 rom.
985 4384 1176 4435 Statth.
1201 4386 1257 4433 in
1283 4385 1470 4449 Syrien
1495 4402 1547 4450 p.
1573 4386 1659 4435 81.
1688 4400 1729 4435 s.
1782 4386 1824 4449 ⁴)
1852 4386 1917 4435 V.
1942 4402 1991 4450 p.
2018 4388 2136 4435 483.
2182 4386 2512 4451 Scaligerum
2538 4388 2759 4452 eiusque
2784 4402 3049 4452 sequaces

555 4469 799 4519 refellere
845 4471 1026 4520 conati
1073 4478 1222 4521 sunt:
1267 4471 1335 4521 D.
1369 4472 1649 4534 Petavius‚
1702 4472 1965 4522 animadv,
2017 4471 2085 4521 ad
2132 4488 2173 4521 s.
2212 4472 2501 4537 Epiphanii
2551 4472 2697 4523 haer.
2744 4473 3047 4523 LXXVIII.

553 4555 1068 4607 Antidicomarianit.
1092 4557 1162 4619 11,
1190 4560 1306 4607 332.
1356 4558 1416 4607 P.
1441 4557 1683 4621 Halloix,
1716 4574 1759 4608 s.
1784 4575 1826 4607 s.
1854 4558 2145 4608 Illustrium
2168 4559 2451 4609 Ecclesiae
2480 4559 2768 4609 orientalis
2798 4560 3047 4609 Virorum

555 4643 702 4691 vitae
729 4646 782 4691 et
805 4642 1142 4693 documenta.
1191 4644 1381 4693 Duaci.
1409 4646 1560 4693 1636.
1585 4643 1658 4706 ΙΙ,
1688 4646 1803 4695 721.
1852 4644 1951 4695 Th.
1978 4645 2222 4707 Ruinart,
2248 4645 2387 4695 Acta
2408 4646 2703 4710 Martyrum
2740 4646 2823 4697 ed.
2850 4648 3045 4699 Veron.
