3267 5259
1151 435 1345 491 Epistola
1372 438 1429 479 ad
1456 435 1689 481 Hebraeos.
2527 420 2653 487 467

189 620 305 678 111.
339 624 755 695 argumentum
783 618 1155 689 historicum;
1188 620 1262 677 ad
1291 620 1447 697 quod
1475 622 1699 696 spectat
1727 618 1948 676 mentio
1979 616 2352 676 vinculorum
2375 614 2415 676 ¹.
2464 618 2659 676 Huius

188 724 463 801 epistolae
490 726 740 801 scriptor
768 724 1041 783 comitem
1070 724 1403 802 sociumque
1432 723 1755 783 indivisum
1778 722 1990 781 habuit
2011 722 2381 781 Timotheum
2399 718 2452 792 ²3
2487 740 2659 801 quem

186 830 398 889 Romae
430 848 565 887 cum
594 828 778 888 Paulo
816 828 1048 905 captivo
1090 828 1284 901 fuisse,
1335 828 1581 886 exordia
1624 847 1853 906 quoque
1899 826 2172 903 epistolae
2206 827 2278 884 ad
2309 826 2661 885 colossenses

186 940 241 991 et
268 933 675 991 Philemonem
706 933 929 991 docent.
962 934 1130 991 Idem
1151 952 1325 1009 porro
1348 932 1621 991 meminit
1644 934 2094 1009 perpessionum,
2129 951 2272 1010 quas
2295 950 2429 991 cum
2450 932 2661 1005 gaudio

188 1038 447 1097 Hebraei
478 1038 882 1097 sustinuerant
903 1036 945 1097 3.
978 1037 1146 1101 Quod
1176 1041 1369 1114 ipsum
1392 1037 1707 1113 Apostolus
1738 1036 1878 1095 fecit
1906 1037 2161 1095 scribens
2191 1038 2264 1095 ad
2294 1036 2658 1095 Thessaloni-

188 1162 375 1201 censes
396 1141 445 1201 ⁴.
492 1142 684 1205 Quam
719 1142 869 1201 belle
898 1144 963 1201 in
994 1144 1051 1201 d.
1100 1143 1353 1201 Paulum
1399 1143 1650 1221 quadrat
1696 1142 1871 1213 locus,
1923 1160 2038 1220 quo
2082 1143 2220 1200 data
2261 1146 2347 1199 est
2391 1141 2660 1217 epistola:

190 1248 455 1324 Italia3
504 1247 658 1305 unde
686 1248 907 1307 salutat
927 1246 971 1306 ⁵.
1018 1247 1175 1311 Quid
1204 1248 1391 1323 magis
1426 1249 1491 1305 in
1531 1269 1579 1305 s.
1608 1246 1862 1305 Paulum
1891 1228 2068 1319 valet,
2115 1266 2292 1325 quam
2321 1245 2661 1317 consolati03

189 1372 299 1430 qua
320 1350 346 1391 ὓ
376 1352 577 1411 fideles
600 1352 896 1411 Hebraeos
926 1354 991 1409 in
1022 1372 1149 1411 eam
1178 1372 1339 1429 spem
1369 1352 1563 1427 erigit,
1600 1357 1668 1410 ut
1699 1353 1863 1411 brevi
1889 1351 2050 1409 illius
2075 1352 2388 1411 bearentur
2409 1355 2663 1427 aspectu.

188 1456 507 1515 Consuetus
544 1458 793 1535 denique
822 1457 1005 1516 Paulo
1034 1458 1173 1517 ordo
1204 1456 1511 1515 claudendi
1550 1456 1822 1537 epistolas
1851 1462 2004 1527 voto,
2052 1456 2419 1527 salutatione,
2469 1456 2663 1529 signa-

188 1561 314 1619 culo
331 1559 355 1598 ⁷
385 1564 453 1619 in
484 1562 577 1620 his
600 1581 825 1643 quoque
855 1562 1043 1619 literis
1072 1582 1191 1621 sese
1214 1563 1427 1639 prodit.
1460 1560 1626 1625 Quod
1656 1566 1916 1637 superest
1947 1560 2053 1629 IV.
2087 1562 2348 1619 maxima
2376 1582 2422 1621 s.
2445 1582 2490 1619 s.
2511 1561 2580 1619 P.
2599 1561 2666 1619 P.

188 1672 247 1723 et
286 1666 347 1724 S.
380 1666 453 1725 E.
498 1686 631 1741 pars
676 1668 731 1724 d.
765 1666 948 1724 Paulo
993 1665 1297 1743 epistolam
1347 1667 1500 1725 hanc
1546 1667 1880 1743 adscripsit;
1926 1665 2253 1724 Concilium
2298 1666 2668 1724 Tridentium

190 1770 629 1849 quatuordecim
683 1791 801 1829 esse
846 1771 1117 1847 epistolas
1162 1772 1218 1829 d.
1250 1770 1425 1829 Pauli
1466 1771 1751 1843 decrevit,
1800 1778 1860 1829 et
1897 1773 2056 1829 inter
2095 1772 2201 1829 has
2246 1770 2550 1848 epistolam
2597 1770 2670 1829 ad

192 1875 492 1934 Hebraeos
524 1876 845 1943 recensuit3
888 1880 1137 1954 utraque
1178 1876 1413 1934 demum
1458 1875 1845 1935 Occidentalis
1885 1881 1944 1934 et
1973 1876 2290 1935 Orientalis
2317 1876 2578 1934 Ecclesia
2606 1878 2670 1934 in

190 1982 307 2038 suis
350 1980 575 2039 divinis
617 1979 841 2038 Officiis
886 2000 1173 2059 nusquam
1218 1980 1393 2039 aliter
1435 2000 1502 2039 ac
1542 1981 1777 2039 nomine
1816 2002 1861 2039 s.
1895 1980 2094 2052 Pauli,
2141 1978 2415 2039 lectiones
2461 2000 2534 2038 ex
2577 1980 2672 2038 his

190 2084 383 2141 literis
414 2086 665 2141 recitare
712 2086 1030 2144 consuevit.
1093 2086 1156 2143 Si
1196 2084 1387 2159 igitur
1420 2090 1766 2161 argumenta
1805 2088 2002 2144 omnia
2040 2086 2454 2161 ponderentur,
2496 2104 2670 2164 quae-

191 2208 421 2267 cunque
452 2190 524 2247 de
562 2189 695 2246 aliis
740 2194 974 2265 praeter
1002 2210 1049 2248 s.
1092 2190 1342 2248 Paulum
1382 2192 1762 2266 scriptoribus
1791 2192 2004 2251 harum
2034 2190 2338 2249 literarum
2377 2191 2671 2261 dicuntur,

190 2293 563 2369 gravioribus
593 2294 762 2369 longe
794 2299 1145 2370 premuntur
1177 2295 1554 2353 incommodis
1572 2294 1612 2352 Β.

196 2485 507 2534 retorsimus
536 2484 641 2533 iam
666 2484 721 2533 in
745 2484 813 2533 H.
838 2484 899 2533 R.
928 2485 991 2534 V.
1016 2484 1079 2533 Τ.
1105 2501 1156 2549 p.
1186 2486 1300 2535 136.
1340 2484 1548 2549 Urgent
1582 2486 1631 2533 6.
1669 2484 1980 2550 scriptorem
2017 2488 2064 2545 2,
2091 2486 2140 2535 3.
2178 2483 2412 2550 profiteri
2435 2499 2496 2535 se
2521 2484 2675 2535 disci-

200 2570 383 2637 pulum
410 2570 743 2636 Apostolum.
784 2570 835 2620 S.
862 2571 1063 2621 Paulus
1090 2570 1267 2636 phrasi
1307 2567 1409 2631 ,,εἰς
1443 2569 1607 2637 ἡμᾶς’(
1648 2588 1712 2621 ex
1737 2570 2050 2636 prudentiae
2079 2576 2132 2620 et
2154 2571 2444 2622 modestiae
2476 2573 2676 2621 ratione

196 2675 253 2708 se
276 2673 391 2708 non
426 2656 705 2723 distinguit
742 2658 810 2707 ab
849 2658 993 2722 aliis3
1033 2660 1275 2724 quamvis
1312 2660 1377 2709 ab
1416 2659 1533 2723 ipso
1560 2657 1771 2709 Christo
1800 2658 1864 2707 de
1891 2658 2133 2708 omnibus
2171 2657 2240 2707 ad
2275 2658 2678 2709 Revelationem

194 2744 590 2810 pertinentibus
640 2744 801 2794 fuerit
846 2746 1139 2796 institutus.
1192 2744 1438 2796 Prolixae
1482 2745 1784 2795 traditionis
1833 2750 1886 2794 et
1929 2744 2203 2796 taediosae
2251 2745 2496 2796 lectionis
2543 2745 2680 2795 foret

192 2832 329 2882 alias
368 2846 621 2882 enarrare
658 2831 967 2882 arbitrarias
1004 2834 1324 2883 sententias:
1369 2834 1437 2882 D.
1474 2831 1686 2895 Schulz,
1713 2832 1807 2881 der
1845 2833 1932 2882 Br.
1969 2848 2038 2882 an
2065 2832 2116 2883 d.
2142 2833 2306 2883 Hebr.
2331 2832 2502 2883 Bresl.
2530 2834 2678 2882 1818.

190 2938 242 2985 p.
278 2922 363 2969 52.
402 2934 446 2967 s.
509 2918 829 2984 Schwegler,
868 2918 1095 2985 nachap.
1134 2920 1385 2969 Zeitalter
1420 2920 1491 2981 11,
1529 2920 1646 2970 317.
1710 2919 1767 2969 C.
1805 2920 1868 2969 R.
1905 2918 2132 2981 Kostlim
2168 2919 2291 2969 Joh.
2327 2918 2716 2985 Lehrbegriff.,

192 3004 333 3056 Berl.
364 3006 519 3055 1843.
544 3020 595 3071 p.
624 3007 739 3055 399.
766 3022 809 3055 s.
857 3006 1019 3069 Bam,
1050 3004 1099 3057 d.
1128 3005 1523 3057 Christenthum
1557 3022 1609 3055 u.
1650 3006 1700 3055 d.
1725 3006 1921 3056 Kirche
1948 3007 1997 3057 d.
2025 3023 2070 3055 e.
2097 3006 2506 3057 Jahrhundcrte.
2543 3006 2680 3057 Tub.

195 3094 349 3143 1833.
377 3109 431 3158 p.
460 3093 543 3141 99.
570 3108 637 3154 s.;
686 3093 776 3157 qui
815 3092 1109 3143 doctrinam
1160 3092 1315 3143 huius
1362 3092 1621 3159 epistolae
1669 3094 1804 3143 nihil
1849 3093 1993 3143 aliud
2041 3098 2293 3160 reputant
2335 3108 2470 3156 esse,
2521 3109 2680 3160 quam

194 3196 367 3247 genus
419 3177 691 3245 quoddam
739 3179 1019 3231 sublimius
1061 3178 1341 3231 Judaismi.
1398 3179 1502 3230 Sed
1547 3181 1591 3231 si
1641 3173 1695 3229 τὸ
1730 3180 1924 3251 πρῷτον
1969 3180 2102 3229 illud
2151 3177 2324 3247 ψεῦδος
2371 3180 2678 3241 attenditur,

194 3266 508 3332 opinionum
546 3266 845 3315 istiusmodi
882 3267 1140 3329 virorum,
1188 3271 1437 3317 corruent
1470 3266 1712 3329 fabulae,
1760 3281 1894 3332 quas
1933 3267 1998 3316 de
2036 3268 2240 3332 origine
2279 3267 2332 3315 S.
2370 3266 2423 3317 S.
2467 3268 2674 3332 excogi-

194 3358 393 3403 tarunt.
434 3352 663 3417 Aliquae
690 3353 936 3419 denique,
975 3358 1165 3403 utrem
1192 3354 1571 3404 concludamus
1609 3357 1705 3403 aut
1741 3355 1899 3403 etiam
1933 3354 2116 3420 plures
2139 3354 2394 3419 loquendi
2420 3353 2678 3404 formulae

192 3440 249 3490 in
284 3440 487 3491 ceteris
522 3438 761 3505 epistolis
800 3440 1038 3491 Paulinis
1074 3456 1182 3491 non
1220 3454 1519 3506 expressae,
1569 3457 1676 3491 non
1722 3446 1946 3508 possunt
1994 3441 2206 3491 elevare
2243 3443 2350 3491 vim
2396 3440 2680 3507 singularis

192 3526 603 3589 conformitatis,
640 3526 819 3591 quoad
866 3532 1121 3577 centenas
1166 3526 1317 3577 alias.
1373 3528 1559 3592 Neque
1603 3529 1791 3578 mirum
1841 3544 1958 3579 esse
1996 3528 2158 3579 debet
2193 3529 2452 3579 contineri
2489 3530 2542 3577 in
2577 3528 2679 3577 hoc

195 3616 399 3680 scripto
440 3612 727 3679 peculiaris
767 3613 897 3679 quid
934 3619 988 3664 et
1022 3613 1389 3675 individualis,
1429 3630 1549 3663 cum
1595 3614 1924 3665 didascalica
1958 3616 2029 3666 sit
2064 3615 2414 3665 elucubratio.

411 3694 447 3769 ¹)
476 3698 535 3748 C.
565 3700 645 3761 10,
671 3702 753 3750 34.
791 3701 927 3749 Nam
953 3705 1007 3750 et
1029 3700 1254 3751 vinculis
1278 3702 1410 3751 meis
1435 3701 1571 3764 ,,τοῖ’ς
1596 3699 1794 3769 δεσμοῖς
1822 3706 1978 3769 μου“;
2011 3702 2245 3767 Vulgata
2273 3701 2407 3761 ,,τοῑ’ς
2432 3698 2684 3768 δεσμίοις(

190 3786 379 3854 legens
402 3787 571 3837 vertit
590 3791 677 3849 „et
694 3787 916 3838 vinctis“
940 3788 1204 3853 compassi
1224 3789 1366 3838 estis.
1405 3788 1446 3853 2)
1477 3790 1557 3850 13,
1580 3790 1662 3838 23.
1703 3788 1743 3852 ³)
1773 3792 1852 3851 10,
1875 3770 1962 3837 32.
1980 3790 2063 3838 33.
2102 3790 2144 3853 4)
2170 3788 2213 3837 Ι.
2233 3791 2282 3850 2,
2309 3790 2388 3838 14.
2429 3785 2468 3853 ⁶)
2499 3790 2578 3849 13,
2600 3789 2684 3837 24.

192 3875 237 3941 6)
278 3878 365 3938 13,
400 3876 491 3924 23.
524 3875 608 3923 24.
670 3873 711 3939 ⁷)
740 3876 819 3937 13,
862 3876 944 3924 24.
982 3876 1065 3924 25.
1114 3874 1157 3939 8)
1198 3874 1277 3925 Cf.
1311 3875 1379 3923 H.
1419 3874 1740 3936 Olshausen,
1779 3874 1904 3924 diss.
1943 3874 2007 3924 de
2044 3878 2260 3925 auctore
2299 3891 2380 3940 ep.
2418 3872 2487 3924 ad
2519 3874 2684 3923 Hebr.

192 3964 249 4012 in
274 3976 470 4028 opusc.
496 3960 567 4010 ad
592 3962 709 4011 cris.
738 3966 791 4011 et
819 3961 1034 4027 interpr.
1070 3962 1134 4011 N.
1162 3962 1223 4011 Τ.
1248 3965 1381 4027 pert.
1419 3962 1597 4011 Berol.
1626 3963 1776 4011 1834.
1802 3978 1852 4027 p.
1881 3964 1964 4011 89.
2001 3978 2060 4023 s.,
2098 3976 2204 4027 qua
2239 3960 2447 4011 Bleekii
2479 3974 2684 4010 errores

192 4050 251 4099 in
286 4046 625 4099 recensenda
663 4048 946 4098 traditione
983 4047 1209 4111 detexit3
1246 4048 1301 4097 in
1334 4064 1397 4099 eo
1424 4053 1599 4099 tamen
1640 4048 1910 4109 aberrans,
1947 4048 2089 4112 quod
2115 4047 2264 4098 nulla
2292 4047 2486 4097 idonea
2521 4060 2688 4097 causa

194 4140 376 4186 motus
416 4134 588 4196 dicat,
626 4134 933 4200 scriptorem
980 4136 1190 4185 nomine
1238 4136 1475 4200 corporis
1525 4134 1979 4200 presbyterorum,
2037 4136 2186 4185 cuius
2235 4133 2524 4184 membrum
2571 4133 2685 4195 fuit,

194 4224 353 4289 quasi
384 4223 796 4271 instrumentum
829 4225 885 4271 et
911 4222 1205 4273 ministrum
1232 4222 1525 4288 scripsisse.
1553 4238 1605 4287 p.
1636 4224 1750 4272 121.
1789 4222 1940 4271 Haec
1965 4220 2290 4287 hypothesis,
2323 4222 2436 4271 sine
2461 4220 2686 4271 testibus

196 4314 251 4361 et
284 4308 649 4370 monimentis,
678 4308 941 4373 ambiguis
976 4307 1291 4373 quibusdam
1329 4308 1762 4359 conclusionibus
1791 4309 1931 4369 nixa,
1961 4323 2090 4359 sane
2123 4323 2180 4357 se
2206 4324 2313 4358 non
2338 4307 2688 4358 commendat.

192 4398 381 4464 Digna
420 4398 561 4456 sunt,
600 4410 740 4461 quae
776 4394 827 4444 h.
864 4394 897 4444 1.
937 4394 1313 4446 adscribantur
1347 4396 1517 4446 verba
1554 4396 1615 4445 G.
1653 4396 1808 4458 Estii,
1847 4394 2047 4461 proleg.
2085 4396 2142 4444 in
2179 4411 2262 4460 ep.
2300 4394 2369 4445 ad
2405 4394 2684 4445 Hebraeos

196 4502 245 4551 p.
284 4486 411 4535 622.
454 4498 681 4545 „censeo
722 4482 936 4547 quidem
972 4498 1092 4533 cum
1129 4481 1461 4548 Theologica
1493 4482 1751 4533 facultate
1790 4482 2094 4543 Parisiensi,
2134 4496 2362 4546 cumque
2397 4480 2690 4531 Melchiore

196 4572 373 4633 Cano,
423 4569 845 4621 temerarium
891 4585 1025 4631 esse,
1072 4569 1118 4619 si
1165 4570 1284 4634 quis
1332 4569 1609 4635 epistolam
1660 4569 1729 4619 ad
1775 4568 2054 4619 Hebraeos
2109 4573 2328 4634 negaret
2373 4583 2490 4619 esse
2534 4568 2690 4619 Pauli

196 4658 463 4725 Apostoli,
501 4656 597 4709 sed
636 4656 1049 4707 haereticum
1088 4657 1153 4707 ob
1192 4656 1247 4706 id
1284 4656 1454 4708 solum
1492 4658 1834 4723 pronuntiare
1872 4672 1980 4706 non
2015 4657 2237 4707 ausim“.

2281 4742 2381 4793 30*
