3267 5259
1190 445 1391 491 cnuto.
1418 457 1664 502 amem.
2555 433 2680 504 163

211 642 325 706 quo
368 618 783 706 sepulchrum
829 620 1275 704 claudebatur,
1336 621 1672 687 revolutus
1720 621 1965 688 aditum
2012 621 2310 688 omnibus
2357 622 2679 706 concedit,

208 754 405 817 neque
460 731 741 819 impedit
798 736 1147 819 quominus
1204 735 1467 800 intrent.
1528 733 1906 820 Antequam
1968 735 2141 800 enim
2200 736 2348 820 piae
2397 735 2682 800 feminae

209 843 283 908 ad
308 855 801 910 monumentum
830 847 1295 932 pertingerent,
1326 855 1503 911 terra
1522 847 1771 931 ingenti
1803 848 2232 912 concussione
2257 848 2677 912 contremuit:

207 956 387 1042 idque
432 959 711 1042 contigit
756 981 834 1024 eo
880 960 1195 1045 temporis
1252 969 1617 1042 momento,
1681 981 1830 1025 cum
1874 959 2170 1045 Angelus
2217 983 2252 1024 e
2299 959 2486 1024 coelo
2535 959 2677 1024 des-

210 1051 443 1152 cendit}
490 1069 815 1156 simulque
862 1072 1265 1136 monumenti
1310 1070 1617 1158 lapidem,
1665 1094 1864 1158 super
1909 1093 2105 1158 quem
2149 1071 2410 1157 assedit,
2470 1094 2681 1138 remo-

206 1183 303 1244 vit.
362 1181 521 1246 Viso
566 1181 831 1268 Angelo
876 1184 1081 1246 territi
1126 1183 1361 1247 milites
1408 1185 1593 1269 quasi
1639 1187 1878 1249 mortui
1921 1183 2378 1268 conciderunt,
2440 1184 2678 1250 deinde

208 1292 421 1379 dilapsi
464 1297 767 1380 protinus
811 1295 1037 1380 fugam
1096 1298 1452 1382 arripuere.
1498 1296 1668 1362 Cum
1719 1299 1918 1382 igitur
1962 1299 2389 1363 accessissent
2433 1322 2484 1362 s.
2533 1321 2672 1362 mu-

206 1404 405 1488 lieres,
442 1407 757 1472 viderunt
799 1389 1214 1494 sepulchrum
1260 1419 1579 1495 apertum,
1639 1409 1887 1474 nullum
1933 1419 2152 1475 autem
2199 1431 2438 1497 corpus
2481 1412 2550 1474 in
2597 1431 2675 1476 eo

206 1519 435 1602 iacere3
482 1519 605 1584 sed
651 1521 913 1586 nonnisi
957 1521 1321 1606 sindonem,
1374 1543 1505 1608 qua
1546 1521 1878 1587 involutus
1921 1522 2140 1588 fuerat
2181 1523 2398 1588 Jesus.
2472 1521 2683 1587 Maria

208 1629 581 1716 Magdalene
630 1653 853 1698 morae
895 1634 1243 1719 impatiens
1273 1636 1640 1720 praecurrit
1683 1672 1770 1682 -
1817 1657 2056 1721 corpus
2093 1635 2138 1700 J
2140 1657 2256 1700 esu
2300 1634 2568 1700 videndi
2617 1645 2684 1700 et

208 1743 475 1827 ungendi
508 1743 909 1810 desiderium
936 1767 1081 1810 eam
1105 1756 1465 1813 attraxerat
1486 1770 1601 1830 —;
1625 1754 1834 1812 cernit
1864 1757 2164 1833 apertum
2195 1747 2534 1831 tumulum,
2566 1747 2682 1812 sed

212 1857 425 1940 ipsum·
450 1881 587 1923 non
638 1859 851 1940 intrat,
897 1859 1026 1923 imo
1072 1858 1313 1924 relictis
1356 1859 1447 1925 ibi
1490 1859 1758 1946 reliquis
1803 1860 2064 1924 feminis
2108 1861 2324 1924 statim
2368 1859 2560 1925 rediit
2599 1859 2684 1924 ad

210 2085 439 2136 mulieres
462 2087 677 2152 petiere
704 2086 1043 2151 sepulchrum
1068 2103 1177 2136 non
1203 2102 1315 2137 una
1335 2088 1594 2152 premitur
1618 2085 1948 2138 difficultate.
1985 2088 2218 2138 Tantum
2247 2087 2402 2138 abest
2423 2091 2488 2138 ut
2505 2087 2685 2137 Evan-

212 2171 411 2236 gelistae
448 2173 747 2222 referentes
782 2174 989 2238 piarum
1026 2173 1303 2223 mulierum
1340 2188 1614 2224 accessum
1639 2172 1709 2222 ad
1734 2173 2074 2237 sepulchrum
2109 2178 2334 2239 tempus,
2374 2189 2480 2239 quo
2515 2176 2686 2240 prima

212 2257 312 2306 vice
344 2273 495 2308 mane
545 2273 801 2324 egressae
848 2264 971 2308 sunt
1015 2259 1313 2322 declarent3
1368 2265 1427 2308 ut
1462 2260 1641 2324 potius
1676 2260 1846 2324 magis
1882 2259 2170 2325 implexum
2213 2259 2458 2310 reddant.
2520 2259 2680 2309 Cum·-

210 2344 371 2406 primis
404 2361 445 2394 s.
482 2345 707 2394 Marcus
746 2347 826 2407 16,
862 2347 911 2394 2.
960 2344 1099 2394 hanc
1134 2347 1307 2411 ipsam
1342 2351 1688 2412 apparentem
1725 2345 2034 2411 antilogium
2070 2347 2297 2412 profert:
2356 2351 2442 2407 „et
2479 2346 2683 2396 valde

211 2444 375 2482 mane
408 2447 517 2482 una
540 2431 909 2494 sabbatorum,
947 2433 1173 2482 veniunt
1196 2431 1265 2482 ad
1290 2437 1689 2482 monumentum
1727 2437 1874 2482 orto
1911 2433 2034 2482 iam
2071 2433 2260 2484 sole.“
2299 2431 2354 2481 S.
2379 2432 2684 2482 Matthaeus

212 2531 321 2564 vero
340 2518 409 2566 ait
425 2519 645 2568 venisse
673 2534 977 2582 „vespere
1004 2519 1284 2580 sabbati,
1311 2533 1449 2584 quae
1473 2519 1699 2569 lucescit
1730 2520 1784 2568 in
1807 2520 1979 2584 prima
2002 2519 2244 2569 sabbati‘*
2275 2521 2357 2580 28,
2382 2522 2427 2568 1.
2454 2519 2680 2580 Rursus,

214 2619 249 2650 s.
272 2603 435 2652 Lucas
459 2606 543 2665 24,
574 2608 627 2653 1.
652 2602 783 2653 dicit
818 2604 1047 2664 „valde
1085 2603 1447 2669 diluculo“;
1491 2605 1736 2670 Denique
1763 2619 1803 2654 s.
1830 2605 2070 2654 Joannes
2095 2604 2280 2654 scribit
2307 2603 2510 2666 „Maria
2534 2605 2683 2670 Mag-

215 2687 390 2739 dalene
426 2693 577 2741 venit
616 2706 790 2751 mane,
828 2707 967 2740 cum
1005 2691 1221 2740 adhuc
1258 2696 1365 2742 ten
1380 2691 1575 2741 ebrae
1612 2697 1792 2742 essent
1827 2691 1897 2741 ad
1932 2697 2342 2741 monumentum.
2369 2693 2454 2754 20,
2483 2695 2529 2740 1.
2567 2691 2686 2740 Non

214 2773 437 2826 obstante
473 2777 579 2826 hac
622 2775 933 2826 difficultate
971 2777 1221 2828 dicimus:
1272 2795 1455 2828 omnes
1492 2777 1896 2843 Evangelistas,
1945 2793 2066 2827 cum
2111 2778 2360 2829 mulieres
2398 2778 2466 2828 ad
2505 2777 2684 2844 sepul-

214 2859 377 2910 chrum
412 2863 712 2914 accessisse
744 2864 909 2924 ainnt,
948 2864 1017 2912 ad
1044 2879 1205 2913 unum
1242 2865 1490 2929 idemque
1527 2865 1794 2929 respicere
1831 2869 2066 2929 tempus:
2105 2865 2349 2914 nimirum
2387 2879 2686 2914 auroram

214 2945 333 2996 diei
366 2949 779 2999 Dominicae.
816 2949 1107 2999 Enimvero
1146 2951 1383 3016 quotidie
1422 2951 1722 3016 experimur
1758 2950 2100 3000 illucescente
2133 2951 2218 3001 die
2243 2950 2479 3000 nondum
2505 2967 2686 3002 omnes

214 3033 443 3085 disiectas
480 3036 765 3096 tenebras,
820 3037 913 3086 sed
960 3052 1023 3086 eo
1061 3037 1287 3102 amplius
1325 3038 1601 3088 extenuari
1640 3036 1883 3099 easdem,
1935 3041 2136 3101 quanto
2171 3037 2339 3103 magis
2377 3039 2544 3088 oritur
2578 3038 2684 3087 lux.

216 3118 453 3172 Mulieres
489 3124 659 3187 igitur
696 3121 1001 3172 albescente
1036 3123 1141 3172 iam
1168 3123 1319 3174 coelo
1343 3123 1615 3188 profectae
1639 3129 1764 3173 sunt
1787 3123 2150 3188 Jerosolymis,
2171 3129 2230 3172 ut
2260 3123 2330 3172 ad
2353 3124 2688 3190 sepulchrum

215 3207 530 3258 accederent.
600 3207 653 3258 S.
692 3208 999 3260 Matthaeus
1046 3210 1224 3260 verbis
1276 3204 1395 3276 „642
1430 3205 1495 3268 ,sk
1536 3205 1824 3275 σαββάτων“
1883 3227 1989 3260 non
2043 3211 2404 3276 vespertinum
2459 3216 2686 3277 tempus,

214 3291 343 3356 quod
374 3295 511 3345 iuter
546 3295 729 3344 lucem
767 3294 1096 3346 desinentem
1132 3299 1187 3346 et
1221 3297 1471 3346 tenebras
1509 3296 1811 3345 oborientes
1847 3297 2141 3357 interiacet,
2180 3295 2476 3362 significare
2501 3296 2686 3348 voluit.

214 3377 461 3431 Accurata
494 3381 659 3430 simul
696 3380 1109 3446 doctissimaque
1157 3386 1239 3431 est
1274 3397 1317 3432 s.
1354 3381 1597 3447 Gregorii
1638 3383 1870 3446 Nysseni
1904 3382 2044 3432 hanc
2079 3383 2136 3431 in
2169 3382 2492 3432 locutionem
2529 3384 2686 3432 inter-

212 3469 441 3527 pretatio.
500 3467 660 3529 „Non
707 3467 841 3518 dixit
882 3483 1001 3518 sero
1038 3467 1262 3518 Sabbati
1300 3473 1393 3518 aut
1427 3483 1653 3533 vespere
1691 3467 1940 3530 Sabbafi,
1991 3473 2053 3518 ut
2087 3484 2366 3534 vesperum
2403 3469 2546 3519 illius
2583 3469 2689 3518 diei

215 3551 542 3617 significaret:
604 3553 701 3604 sed
753 3567 872 3603 sero
920 3553 1295 3616 sabbatorum,
1350 3558 1412 3604 ιιι
1464 3553 1728 3604 tardius
1775 3559 1830 3604 et
1873 3554 2098 3604 multum
2152 3555 2354 3605 distans
2409 3556 2687 3606 indicaret.

214 3635 409 3688 Etenim
445 3639 745 3706 aliquando
782 3655 879 3690 nos
918 3655 1128 3706 quoque
1166 3641 1242 3689 ita
1277 3639 1455 3690 dicere
1492 3641 1753 3705 solemus3
1798 3635 1886 3708 ὀψὲ
1921 3643 2006 3690 τοῦ
2045 3641 2212 3709 καιροῦ
2248 3639 2596 3710 παραγέγονας,
2633 3641 2689 3690 id

216 3729 287 3772 est
318 3741 430 3775 sero
466 3727 557 3778 vel
595 3727 801 3777 tardius
839 3726 908 3776 ad
944 3732 1153 3792 tempus
1188 3728 1413 3792 venisti:
1450 3722 1539 3794 ὀψὲ
1561 3729 1648 3790 τῆς
1673 3723 1859 3796 χρείας,
1897 3728 1931 3776 i.
1959 3743 2006 3778 e.
2042 3743 2161 3778 sero
2200 3743 2266 3778 ac
2300 3729 2502 3779 tardius
2529 3742 2688 3794 quam

216 3813 487 3864 necessitas
522 3811 879 3879 postulasset:
934 3829 1043 3862 non
1077 3827 1381 3878 vesperam,
1436 3829 1610 3880 neque
1647 3819 1880 3880 tempus,
1938 3814 2080 3880 quod
2116 3820 2241 3880 post
2275 3829 2522 3866 occasum
2561 3813 2688 3863 solis

216 3899 697 3964 estsignificantes,
734 3899 833 3949 sed
866 3900 1121 3949 tardius.“
1172 3899 1237 3949 In
1274 3899 1469 3950 Christi
1506 3899 1722 3950 Resurr.
1761 3899 1853 3950 Or.
1889 3899 1960 3949 11.
2001 3900 2084 3950 ed.
2119 3900 2300 3966 Migne
2324 3901 2424 3964 111,
2450 3903 2568 3951 531.
2605 3902 2690 3951 Ea

216 3984 553 4048 explicatione
594 3991 813 4051 recepta
848 4002 888 4036 s.
916 3985 1223 4036 Matthaeus
1258 3987 1360 4036 ait:
1406 3985 1559 4036 tarde
1594 3990 1720 4052 post
1754 3986 2068 4051 sabbatum3
2115 3986 2170 4035 id
2207 3992 2290 4036 est
2325 4001 2392 4036 ea
2427 3986 2512 4034 die
2550 4002 2689 4052 quae

216 4066 421 4122 lucescit
454 4073 511 4122 in
550 4074 775 4138 primam
811 4072 1161 4122 hebdomadis
1198 4071 1367 4135 diem,
1406 4074 1519 4124 sive
1554 4073 1970 4123 Dominicam
2007 4074 2538 4138 appropinquantem.
2589 4074 2690 4124 His

220 4157 391 4219 positis
424 4161 574 4208 circa
608 4157 809 4221 horam,
848 4173 957 4224 qua
990 4159 1265 4224 profectae
1301 4159 1565 4222 mulieres,
1602 4158 1735 4209 nihil
1774 4163 1856 4209 est
1891 4174 2102 4225 pugnae
2139 4160 2279 4209 inter
2297 4157 2688 4224 Evangelistas.

220 4241 459 4295 Nimirum
492 4245 671 4296 Maria
702 4245 1025 4312 Magdalene
1062 4246 1219 4296 domo
1256 4261 1475 4312 egressa
1510 4263 1631 4296 cum
1667 4245 1789 4296 aliis
1824 4245 2152 4308 mulieribus,
2200 4245 2294 4294 ubi
2331 4244 2506 4295 adhuc
2541 4250 2690 4296 tene·

223 4327 335 4380 brae
370 4339 547 4383 essent
584 4331 819 4398 aliquae,
854 4332 1111 4397 paulatim
1148 4337 1466 4383 extenuatae
1504 4333 1738 4382 adventu
1768 4332 1901 4382 lucis
1938 4359 2005 4368 —
2041 4330 2196 4380 valde
2227 4346 2400 4394 mane,
2438 4331 2690 4395 diluculo,

220 4419 661 4484 appropinquante
700 4419 783 4469 die
821 4445 887 4454 -
922 4419 1165 4484 pervenit
1200 4419 1267 4468 ad
1303 4424 1720 4480 monumentum,
1757 4418 1856 4470 sub
1896 4422 2069 4467 ortum
2105 4418 2250 4468 solis.
2289 4418 2488 4468 Textus
2528 4419 2685 4484 origi-

224 4501 345 4553 nalis
376 4521 485 4556 non
520 4507 685 4556 habet
720 4505 1037 4570 particulam
1077 4507 1265 4566 „iam“
1304 4506 1595 4572 Vulgatae3
1634 4506 1866 4555 storiatus
1890 4520 2019 4555 vero
2048 4499 2446 4566 „avareuoevtw
2473 4510 2692 4571 propter

227 4583 351 4646 πλίαν
384 4585 545 4660 πρωΐ“
583 4608 696 4643 non
733 4597 851 4642 orto
884 4591 1016 4654 sole,
1056 4592 1151 4642 sed
1186 4593 1286 4643 sub
1326 4598 1499 4643 ortum
1534 4593 1666 4643 solis
1703 4593 1805 4642 erit
1839 4590 2158 4643 reddendus.

2283 4681 2381 4729 11*
