3267 5259
1100 389 1339 433 Secundum
1369 391 1455 433 iter
1480 403 1516 432 s.
1538 390 1666 433 Pauli
1693 392 1929 434 missionis.
2631 383 2759 447 359

250 568 583 645 sociosque,
632 575 703 628 ut
734 572 889 646 apud
921 590 981 629 se
1011 573 1408 647 hospitaretur
1438 578 1627 631 castae
1658 575 1920 631 caritatis
1950 575 2322 633 vehementia
2365 576 2569 650 coegit.
2617 577 2758 634 Per-

248 679 497 746 gentem
528 676 654 733 alia
685 677 781 733 die
811 678 883 734 ad
915 678 1163 735 eundem
1193 678 1385 735 locum
1414 678 1668 735 Paulum
1699 679 1938 757 eiusque
1968 671 2204 738 comites
2234 679 2431 757 puella
2471 680 2760 757 Pythonis

248 780 477 853 spiritu
528 782 776 855 abrepta
796 780 830 851 ¹,
886 800 1035 859 quae
1080 791 1387 860 quaestum
1430 802 1712 857 magnum
1756 786 2071 859 praebebat
2115 786 2366 843 dominis
2403 788 2523 843 suis
2545 786 2758 844 vatici-

252 884 478 955 nandO,
530 886 872 943 subsecuta:
904 892 1131 945 sanctos
1159 889 1318 946 viros
1348 894 1523 965 atque
1553 890 1813 947 doctores
1843 888 2067 959 salutis,
2102 888 2272 964 pleno
2304 909 2401 946 ore
2430 890 2756 963 ingemina-

248 989 371 1045 bat.
426 988 587 1046 Cum
634 994 831 1047 autem
876 990 1011 1049 aliis
1056 999 1231 1069 atque
1276 991 1409 1049 aliis
1455 992 1658 1050 diebus
1711 992 1866 1050 idem
1899 993 2202 1063 clamaret,
2259 992 2477 1051 Paulus
2521 993 2759 1051 tandem

250 1094 541 1151 invocato
586 1096 825 1152 nomine
868 1096 1006 1154 Jesu
1052 1098 1331 1172 spiritum
1382 1096 1784 1173 Pythonicum
1827 1117 2063 1175 corpore
2110 1098 2276 1155 exire
2323 1099 2502 1155 iubet.
2550 1099 2760 1156 Paruit

250 1197 373 1269 ille,
428 1203 495 1255 at
528 1198 750 1256 ancilla
778 1202 851 1258 ab
883 1201 1132 1258 oraculis
1162 1186 1483 1259 fundendis·
1508 1208 1782 1273 cessante,
1840 1203 2059 1260 domini
2093 1203 2451 1279 illiue.spem
2481 1208 2752 1280 quaestus

250 1302 342 1359 sni
373 1303 757 1360 intercidisse
798 1306 931 1371 rati,
982 1305 1234 1363 Paulum
1274 1312 1332 1363 et
1370 1288 1573 1383 Sylam
1601 1306 1770 1384 quasi
1800 1307 2020 1381 negotii
2055 1310 2234 1364 totius
2266 1308 2437 1364 duces
2473 1308 2534 1363 in
2564 1307 2758 1364 forum

250 1405 491 1480 ingenti
529 1406 781 1466 clamore
811 1411 1180 1485 pertrahunt,
1222 1411 1325 1467 ubi
1358 1430 1393 1467 a
1422 1411 1789 1484 magistratu,
1823 1412 1991 1470 velut
2021 1432 2174 1470 nova
2203 1412 2482 1469 Romanis
2513 1411 2756 1469 inimica

250 1510 646 1582 molirentur,
697 1514 770 1571 ad
823 1515 1021 1588 virgas
1065 1514 1361 1587 damnati,
1425 1517 1489 1572 in
1544 1534 1835 1573 carcerem
1893 1516 2138 1573 coniecti
2199 1520 2339 1573 sunt
2389 1515 2758 1593 vinculisque

250 1615 555 1673 adstricti.
579 1618 677 1674 Ex
699 1636 925 1675 carcere
956 1619 1150 1696 educti
1180 1622 1253 1678 ab
1284 1621 1431 1677 urbe
1460 1620 1850 1677 discesserunt
1867 1615 1918 1689 2;
1965 1625 2276 1695 peragrata
2306 1619 2586 1677 citissimo
2616 1620 2760 1695 pede

250 1804 423 1855 fuisse
460 1807 727 1857 infantem
739 1810 794 1857 ?“
833 1824 885 1873 p.
912 1810 1031 1858 485.
1074 1809 1319 1874 Vitringa
1356 1824 1569 1875 quoque
1596 1807 1724 1858 Obs.
1751 1824 1793 1858 s.
1831 1807 1904 1869 11,
1930 1809 1996 1867 6.,
2036 1808 2100 1857 tle
2133 1807 2492 1857 fundamentis
2519 1813 2574 1856 et
2598 1809 2758 1857 ratio·

252 1892 417 1943 nibus
470 1892 915 1959 Paedobaptismi
962 1894 1252 1944 Christiani
1300 1911 1350 1944 n.
1390 1897 1438 1944 6.
1486 1911 1552 1944 ex
1593 1910 1728 1944 voce
1775 1886 1978 1955 ,,οἶκος“
2025 1895 2314 1944 rectissime
2351 1894 2510 1943 infert
2552 1894 2604 1955 1,
2639 1896 2758 1943 321.

257 1978 431 2039 „Cum
480 1986 697 2030 constet
740 1996 837 2045 per
883 1971 1086 2041 ,,οἶκον“
1132 1979 1357 2047 intelligi
1405 1996 1603 2043 omnes,
1654 1982 1744 2047 qui
1790 1980 2047 2030 familiam
2093 1981 2449 2044 constituunt3
2507 1980 2760 2031 familiam

252 2082 383 2116 vero
424 2068 759 2117 constituere
806 2072 1011 2133 patrem
1061 2072 1115 2117 et
1166 2075 1387 2117 matrem
1423 2068 1685 2131 familiae,
1731 2068 1928 2117 liberos
1965 2069 2195 2117 maiores
2241 2069 2576 2132 minoresque
2613 2072 2758 2131 natu,

254 2169 471 2216 servos,
524 2168 711 2205 servas
746 2170 966 2217 vernas,
1013 2160 1190 2205 aetate
1227 2158 1454 2205 maiores
1492 2157 1654 2205 etiam
1691 2160 1745 2205 et
1779 2156 2041 2205 minores:
2093 2155 2210 2220 quis
2248 2168 2446 2219 negare
2483 2156 2627 2205 ausit
2660 2154 2760 2204 hos

255 2256 463 2304 omnes,
504 2246 563 2291 et
596 2242 786 2291 horum
810 2243 865 2291 in
892 2258 1111 2293 numero
1151 2258 1363 2308 quoque
1398 2242 1599 2292 liberos
1636 2243 1868 2291 minores
1905 2247 2036 2291 natu
2073 2241 2376 2305 baptizatos
2413 2242 2594 2291 fuisse.
2646 2241 2760 2290 Nec

255 2328 417 2378 aliter
443 2329 615 2379 sentit
638 2328 689 2379 J.
718 2328 777 2377 P.
802 2328 1007 2395 Lange,
1036 2328 1133 2379 das
1158 2328 1529 2395 Apostolische
1556 2327 1823 2377 Zeitalter.
1863 2327 2206 2378 Braunschw.
2237 2329 2386 2377 1854.
2418 2328 2488 2377 ΙΙ.
2510 2330 2558 2389 2,
2580 2329 2696 2377 504.
2717 2344 2758 2378 s.

254 2416 327 2464 Et
364 2415 497 2465 olim
541 2414 817 2480 Origenes,
854 2417 911 2464 in
948 2431 1029 2481 ep.
1058 2415 1126 2465 ad
1150 2416 1301 2465 Rom.
1329 2431 1514 2465 comm.
1554 2416 1617 2477 V,
1645 2418 1695 2465 9.
1741 2415 1876 2475 „Pro
1914 2414 2016 2464 hoc
2043 2418 2098 2463 et
2119 2414 2370 2464 Ecclesia
2395 2414 2462 2463 ab
2488 2414 2760 2480 Apostolis

256 2502 615 2552 traditionem
652 2504 902 2567 suscepit,
942 2503 1102 2552 etiam
1138 2502 1375 2568 parvulis
1414 2503 1736 2568 baptismum
1774 2502 1952 2551 dare.“
1990 2501 2083 2562 VI,
2123 2502 2222 2549 397
2228 2537 2240 2551 .

476 2590 519 2653 ¹)
562 2589 677 2639 Act.
713 2592 795 2651 16,
831 2591 911 2638 16.
948 2591 1137 2657 πνεῦμα
1171 2586 1416 2647 Πύθωνος.
1468 2588 1785 2653 Hesychius,
1823 2587 1953 2637 Lex.
1993 2586 2091 2638 sub
2128 2603 2178 2635 v.
2217 2584 2464 2648 „nfiomw
2501 2586 2570 2648 11,
2610 2588 2760 2637 1073.

257 2692 367 2727 non
414 2676 561 2726 male
601 2677 983 2741 interpretatur
1027 2692 1123 2741 per
1167 2672 1451 2743 ,,δαιμόνιον
1491 2669 1771 2743 μαντικὸν“,
1818 2675 2157 2725 daemonium
2203 2674 2494 2724 fatidicum.
2557 2674 2764 2724 Habuit

254 2766 421 2830 igitur
482 2763 673 2828 puella
729 2762 865 2812 haec
923 2763 1257 2825 facultatem,
1331 2762 1543 2827 qualem
1602 2762 1878 2828 possidere
1939 2762 2134 2811 dicitur
2193 2760 2459 2811 fatidicus.
2548 2761 2762 2811 Videsis

260 2868 301 2901 s.
328 2850 601 2915 Cyl-illum
638 2850 920 2912 Hierosol.,
960 2848 1177 2899 Catech.
1212 2850 1383 2911 XVII,
1422 2852 1504 2899 30.
1543 2867 1593 2916 p.
1634 2851 1753 2899 278.
1809 2849 2113 2914 Didymum‚
2161 2848 2230 2898 ad
2266 2848 2316 2897 h.
2351 2848 2386 2897 l.
2426 2846 2568 2914 apud
2605 2848 2656 2897 J.
2693 2847 2756 2898 A.
2787 2832 2797 2841 ⁴

258 2937 595 2999 Cramer-um,
627 2936 834 2986 Catena
852 2938 908 2986 in
926 2936 1063 2987 Acta
1081 2936 1133 2987 S.
1150 2936 1201 2986 S.
1217 2936 1402 3002 Apost.
1425 2936 1619 2987 Oxonii
1644 2938 1792 2987 1838.
1813 2952 1864 3001 p.
1885 2920 2002 2986 269.
2027 2952 2066 2986 s.
2097 2934 2416 2985 s.Joannem
2444 2934 2756 2999 chrysosto-

257 3042 420 3087 mum,
448 3026 509 3073 in
530 3024 667 3073 Acta
684 3023 823 3073 hom.
844 3024 1061 3086 XXXV,
1080 3026 1124 3073 1.
1147 3040 1196 3089 p.
1213 3025 1330 3073 269.
1358 3022 1659 3089 Origenem,
1679 3025 1734 3073 in
1755 3040 1837 3089 ep.
1860 3022 1928 3071 ad
1947 3022 2098 3073 Rom.
2120 3026 2398 3071 comment.
2419 3022 2538 3083 VII,
2567 3025 2650 3072 13.
2675 3022 2759 3071 ed.

257 3112 465 3161 Lornm.
494 3111 617 3171 vn,
649 3112 763 3160 151.
814 3112 1000 3177 Neque
1038 3110 1429 3175 praetereunda
1462 3110 1629 3159 verba
1665 3110 1928 3159 Ammonii
1966 3108 2109 3175 apud
2135 3108 2495 3169 Plutarchum,
2534 3107 2642 3176 περὶ
2673 3109 2758 3158 τοῦ

260 3196 315 3246 ΕΙ
364 3195 413 3247 ἓν
462 3194 690 3264 Δελφοῖς.
738 3194 783 3262 β.
832 3197 915 3246 ed.
952 3198 1091 3246 Dan.
1126 3196 1505 3261 Wyttenbach.
1555 3197 1703 3261 Lips.
1747 3196 1896 3245 1827.
1945 3196 2016 3245 ΙΙ.
2059 3199 2110 3257 1,
2150 3198 2268 3244 522.
2334 3195 2487 3255 „Jam
2534 3198 2761 3261 primum

259 3286 514 3335 omnibus
554 3285 861 3335 Ammonius
899 3289 1042 3333 recte
1079 3283 1363 3334 videbatur
1399 3299 1462 3332 eo
1500 3284 1603 3333 Dei
1641 3284 1794 3333 istius
1842 3283 2059 3332 nomina
2106 3281 2508 3343 accomodasse‚
2556 3288 2616 3330 ut
2651 3297 2760 3331 non

260 3374 437 3422 minus
496 3372 873 3438 philosophum
929 3386 1048 3420 eum
1104 3386 1264 3436 quam
1318 3376 1495 3419 vatem
1552 3384 1668 3420 esse
1719 3370 2048 3420 ostenderet:
2105 3383 2170 3417 ac
2223 3368 2472 3419 docuisse
2508 3368 2760 3433 Pythium

262 3462 445 3510 vocari
484 3460 553 3509 iis
588 3486 655 3495 —-
692 3458 993 3524 Apollinem
1029 3486 1093 3493 —
1130 3459 1220 3523 qui
1270 3458 1473 3506 discere
1520 3458 1784 3522 incipiunt
1829 3461 1884 3505 et
1926 3460 2356 3522 percunctantur.
2420 3452 2632 3516 „ntem
2673 3452 2758 3522 μέν

261 3544 365 3597 ἐστι
408 3546 513 3605 τοῖς
562 3540 851 3615 ἀρχομένοις
900 3542 1149 3614 μανθάνειν
1195 3543 1276 3594 καὶ
1320 3540 1769 3594 διοστυνθάνεσθαι.“
1835 3543 2080 3593 Ceterum
2129 3542 2194 3591 de
2243 3542 2566 3608 etymologia
2610 3543 2759 3592 vocis

262 3634 499 3685 adeundi
538 3639 693 3685 sunt:
738 3632 853 3683 Leo
889 3632 1132 3695 Allatius,
1174 3632 1239 3682 de
1276 3630 1730 3697 Engastrimytho,
1769 3632 1825 3680 in
1863 3630 1991 3679 Crit.
2029 3646 2068 3680 s.
2107 3629 2191 3679 ed.
2225 3629 2476 3679 Francos.
2513 3630 2603 3691 VI,
2641 3630 2758 3679 336.

262 3721 332 3770 Η.
369 3721 432 3772 G.
469 3720 835 3782 Hoelemann,
882 3718 968 3769 die
1006 3717 1506 3769 Schriftausdrflcke
1553 3718 1639 3767 fiir
1675 3718 1882 3767 Mantik
1920 3717 2029 3767 und
2065 3716 2242 3782 Magis
2281 3718 2336 3766 in
2372 3715 2758 3766 Bibelstudien.

262 3808 447 3873 Leipz.
480 3809 630 3857 1859.
670 3806 712 3868 1,
742 3808 857 3856 167.
932 3804 971 3871 ²)
1009 3806 1179 3855 Nocte
1216 3809 1501 3871 appetente
1536 3807 1595 3854 in
1630 3820 1818 3870 preces
1856 3814 1909 3853 et
1945 3803 2167 3868 hymnos
2206 3802 2400 3853 effusos
2443 3803 2668 3852 Paulum
2707 3807 2760 3852 et

264 3894 449 3959 Sylam
488 3899 709 3960 apertae
734 3898 909 3943 terrae
933 3898 1081 3943 motu
1110 3893 1267 3954 fores,
1307 3893 1500 3942 laxatis
1527 3893 1685 3942 etiam
1723 3892 1914 3957 quibus
1961 3890 2360 3955 stringebantur
2395 3888 2757 3953 compedibus,

264 3984 347 4032 sui
383 3983 515 4032 iuris
553 3980 859 4031 effecerunt.
910 3978 1412 4029 commentariensis
1450 3981 1692 4045 captivos
1732 3978 2002 4043 dIffugisse
2039 3983 2204 4038 ratus,
2241 3977 2296 4025 in
2333 3975 2758 4040 desperationem

264 4074 419 4119 actus
456 4070 643 4119 stricto
679 4069 735 4118 in
772 4084 831 4117 se
878 4066 1056 4133 gladio
1092 4071 1313 4117 mortem
1350 4067 1454 4117 sibi
1490 4068 1824 4117 consciscere
1872 4070 2109 4129 pararat,
2158 4065 2212 4112 ni
2257 4062 2520 4112 furentem
2555 4061 2758 4113 Paulus

265 4156 609 4206 cohibuisset.
683 4155 964 4220 Ingressus
1010 4169 1278 4204 carcerem
1328 4158 1507 4203 custos
1554 4153 1826 4219 productis
1875 4152 2007 4217 ipsis
2051 4152 2219 4211 foras,
2269 4148 2500 4213 lotisque
2548 4148 2758 4197 illorum

264 4243 464 4309 plagis,
512 4248 571 4292 ut
614 4242 807 4293 salutis
843 4242 985 4290 viam
1022 4241 1124 4290 sibi
1160 4241 1459 4290 indicarent
1496 4240 1720 4305 rogavit.
1783 4238 2022 4288 Edoctus
2069 4235 2560 4286 commentariensis
2603 4233 2760 4283 fidem

267 4330 626 4393 christianam,
666 4343 813 4395 aqua
849 4330 1097 4393 baptismi
1135 4328 1319 4377 eadem
1347 4332 1503 4377 nocte
1532 4342 1652 4377 cum
1683 4327 1935 4375 universa
1972 4323 2173 4373 familia
2209 4322 2456 4388 perfusus
2495 4326 2591 4371 est.
2647 4320 2758 4371 Sub

266 4418 399 4468 solis
434 4423 603 4467 ortum
639 4433 763 4467 cnm
800 4418 1143 4481 magistratus
1187 4416 1339 4464 iussu
1384 4414 1538 4464 liberi
1576 4414 1985 4473 dimitterentur,
2035 4409 2238 4461 Paulus
2285 4407 2570 4459 consulens
2608 4410 2758 4458 inno·

268 4505 477 4554 centiae
510 4505 797 4570 famaeque
838 4501 903 4553 de
942 4503 1137 4551 iniuria
1173 4507 1226 4552 et
1264 4502 1549 4568 opprobrio
1588 4498 1915 4566 expostulat3
1963 4512 2128 4563 seque
2166 4508 2440 4561 nunquam
2477 4510 2760 4561 passurum

268 4596 329 4641 ut
368 4591 497 4641 civis
533 4606 786 4642 romanus
826 4594 949 4655 post
985 4588 1253 4654 publicam
1297 4590 1568 4654 virgarum
1612 4588 1948 4651 cai-cerisque
1995 4586 2338 4651 ignominiam
2385 4583 2522 4633 clam
2569 4582 2758 4633 educe-
