<?xml version="1.0" encoding="UTF-8"?>
<!DOCTYPE html PUBLIC "-//W3C//DTD XHTML 1.0 Transitional//EN"
    "http://www.w3.org/TR/xhtml1/DTD/xhtml1-transitional.dtd">
<html xmlns="http://www.w3.org/1999/xhtml" xml:lang="en" lang="en">
 <head>
  <title>
</title>
<meta http-equiv="Content-Type" content="text/html;charset=utf-8" />
  <meta name='ocr-system' content='tesseract 3.04.00' />
  <meta name='ocr-capabilities' content='ocr_page ocr_carea ocr_par ocr_line ocrx_word'/>
</head>
<body>
  <div class='ocr_page' id='page_1' title='image "./historiarevelat00unkngoog_0518.png"; bbox 0 0 3267 5259; ppageno 0'>
   <div class='ocr_carea' id='block_1_1' title="bbox 596 392 2337 459">
    <p class='ocr_par' dir='ltr' id='par_1_1' title="bbox 596 392 2337 459">
     <span class='ocr_line' id='line_1_1' title="bbox 596 392 2337 459; baseline -0.002 -12"><span class='ocrx_word' id='word_1_1' title='bbox 596 392 729 459; x_wconf 41' lang='grc' dir='ltr'><strong>ΒΨ)</strong></span> <span class='ocrx_word' id='word_1_2' title='bbox 1334 405 1451 446; x_wconf 72' lang='lat' dir='ltr'><strong>nist.</strong></span> <span class='ocrx_word' id='word_1_3' title='bbox 1480 404 1585 445; x_wconf 78' lang='lat' dir='ltr'><strong>Rev.</strong></span> <span class='ocrx_word' id='word_1_4' title='bbox 1614 404 1706 445; x_wconf 77' lang='lat' dir='ltr'><strong>div.</strong></span> <span class='ocrx_word' id='word_1_5' title='bbox 1736 404 1904 447; x_wconf 82' lang='lat' dir='ltr'><strong>Perlod.</strong></span> <span class='ocrx_word' id='word_1_6' title='bbox 1935 404 1990 445; x_wconf 87' lang='lat'><strong>11.</strong></span> <span class='ocrx_word' id='word_1_7' title='bbox 2013 416 2104 455; x_wconf 82' lang='lat' dir='ltr'><strong>cap.</strong></span> <span class='ocrx_word' id='word_1_8' title='bbox 2135 404 2337 455; x_wconf 77' lang='lat' dir='ltr'><strong>primam.</strong></span> 
     </span>
    </p>
   </div>
   <div class='ocr_carea' id='block_1_2' title="bbox 596 578 3056 1453">
    <p class='ocr_par' dir='ltr' id='par_1_2' title="bbox 596 578 3056 1453">
     <span class='ocr_line' id='line_1_2' title="bbox 596 578 3054 666; baseline -0.001 -21"><span class='ocrx_word' id='word_1_9' title='bbox 596 580 784 661; x_wconf 87' lang='lat' dir='ltr'><strong>thios,</strong></span> <span class='ocrx_word' id='word_1_10' title='bbox 832 580 941 665; x_wconf 89' lang='lat' dir='ltr'><strong>qui</strong></span> <span class='ocrx_word' id='word_1_11' title='bbox 986 602 1027 643; x_wconf 88' lang='lat' dir='ltr'><strong>a</strong></span> <span class='ocrx_word' id='word_1_12' title='bbox 1060 578 1291 664; x_wconf 82' lang='lat' dir='ltr'>Cepha</span> <span class='ocrx_word' id='word_1_13' title='bbox 1333 600 1450 643; x_wconf 90' lang='lat' dir='ltr'><strong>seu</strong></span> <span class='ocrx_word' id='word_1_14' title='bbox 1494 578 1692 644; x_wconf 88' lang='lat' dir='ltr'><strong>Petro</strong></span> <span class='ocrx_word' id='word_1_15' title='bbox 1719 582 1774 662; x_wconf 77' lang='grc'><strong>1;</strong></span> <span class='ocrx_word' id='word_1_16' title='bbox 1820 578 1927 643; x_wconf 90' lang='lat' dir='ltr'><strong>alii</strong></span> <span class='ocrx_word' id='word_1_17' title='bbox 1972 580 2082 666; x_wconf 88' lang='lat' dir='ltr'><strong>qni</strong></span> <span class='ocrx_word' id='word_1_18' title='bbox 2127 601 2170 643; x_wconf 89' lang='lat' dir='ltr'><strong>a</strong></span> <span class='ocrx_word' id='word_1_19' title='bbox 2197 578 2404 643; x_wconf 87' lang='lat' dir='ltr'><strong>Paulo</strong></span> <span class='ocrx_word' id='word_1_20' title='bbox 2451 600 2694 643; x_wconf 89' lang='lat' dir='ltr'><strong>nomen</strong></span> <span class='ocrx_word' id='word_1_21' title='bbox 2739 578 2860 643; x_wconf 88' lang='lat' dir='ltr'><strong>sibi</strong></span> <span class='ocrx_word' id='word_1_22' title='bbox 2905 600 3054 643; x_wconf 87' lang='lat' dir='ltr'><strong>sum-</strong></span> 
     </span>
     <span class='ocr_line' id='line_1_3' title="bbox 599 690 3056 777; baseline -0.001 -22"><span class='ocrx_word' id='word_1_23' title='bbox 599 702 819 756; x_wconf 85' lang='lat' dir='ltr'><strong>serant</strong></span> <span class='ocrx_word' id='word_1_24' title='bbox 834 694 877 755; x_wconf 81' lang='lat'><strong>².</strong></span> <span class='ocrx_word' id='word_1_25' title='bbox 952 690 1079 755; x_wconf 89' lang='lat' dir='ltr'><strong>Alii</strong></span> <span class='ocrx_word' id='word_1_26' title='bbox 1126 690 1211 756; x_wconf 88' lang='lat' dir='ltr'><strong>ab</strong></span> <span class='ocrx_word' id='word_1_27' title='bbox 1255 690 1519 777; x_wconf 88' lang='lat' dir='ltr'><strong>Apollo,</strong></span> <span class='ocrx_word' id='word_1_28' title='bbox 1566 690 1674 756; x_wconf 90' lang='lat' dir='ltr'><strong>alii</strong></span> <span class='ocrx_word' id='word_1_29' title='bbox 1720 715 1761 756; x_wconf 89' lang='lat' dir='ltr'><strong>a</strong></span> <span class='ocrx_word' id='word_1_30' title='bbox 1805 690 2062 757; x_wconf 90' lang='lat' dir='ltr'><strong>Christo</strong></span> <span class='ocrx_word' id='word_1_31' title='bbox 2109 714 2352 757; x_wconf 91' lang='lat' dir='ltr'><strong>nomen</strong></span> <span class='ocrx_word' id='word_1_32' title='bbox 2397 714 2584 756; x_wconf 91' lang='lat' dir='ltr'><strong>suum</strong></span> <span class='ocrx_word' id='word_1_33' title='bbox 2631 690 3007 755; x_wconf 88' lang='lat' dir='ltr'><strong>derivabant</strong></span> <span class='ocrx_word' id='word_1_34' title='bbox 3021 694 3056 753; x_wconf 77' lang='lat'><strong>³.</strong></span> 
     </span>
     <span class='ocr_line' id='line_1_4' title="bbox 598 801 3054 889; baseline -0.002 -20"><span class='ocrx_word' id='word_1_35' title='bbox 598 804 741 869; x_wconf 91' lang='lat' dir='ltr'><strong>Hos</strong></span> <span class='ocrx_word' id='word_1_36' title='bbox 786 803 1085 869; x_wconf 82' lang='lat' dir='ltr'><strong>acerbius</strong></span> <span class='ocrx_word' id='word_1_37' title='bbox 1132 801 1580 889; x_wconf 85' lang='lat' dir='ltr'><strong>reprehendit,</strong></span> <span class='ocrx_word' id='word_1_38' title='bbox 1632 802 1809 889; x_wconf 91' lang='lat' dir='ltr'><strong>quod</strong></span> <span class='ocrx_word' id='word_1_39' title='bbox 1879 803 2032 868; x_wconf 90' lang='lat' dir='ltr'>nihil</span> <span class='ocrx_word' id='word_1_40' title='bbox 2077 805 2285 889; x_wconf 87' lang='lat' dir='ltr'><strong>magis</strong></span> <span class='ocrx_word' id='word_1_41' title='bbox 2330 803 2694 889; x_wconf 86' lang='lat' dir='ltr'><strong>Evangelio</strong></span> <span class='ocrx_word' id='word_1_42' title='bbox 2742 814 3054 889; x_wconf 84' lang='lat' dir='ltr'><strong>repugnet,</strong></span> 
     </span>
     <span class='ocr_line' id='line_1_5' title="bbox 602 913 3054 1003; baseline -0.001 -23"><span class='ocrx_word' id='word_1_43' title='bbox 602 938 798 1003; x_wconf 87' lang='lat' dir='ltr'><strong>quam</strong></span> <span class='ocrx_word' id='word_1_44' title='bbox 845 918 1244 981; x_wconf 80' lang='lat' dir='ltr'><strong>concertatio</strong></span> <span class='ocrx_word' id='word_1_45' title='bbox 1292 913 1375 979; x_wconf 87' lang='lat' dir='ltr'><strong>ab</strong></span> <span class='ocrx_word' id='word_1_46' title='bbox 1422 917 1598 979; x_wconf 84' lang='lat' dir='ltr'><strong>inani</strong></span> <span class='ocrx_word' id='word_1_47' title='bbox 1645 916 2004 1001; x_wconf 77' lang='lat' dir='ltr'><strong>sapientiae</strong></span> <span class='ocrx_word' id='word_1_48' title='bbox 2051 916 2264 981; x_wconf 85' lang='lat' dir='ltr'><strong>studio</strong></span> <span class='ocrx_word' id='word_1_49' title='bbox 2311 916 2630 1002; x_wconf 88' lang='lat' dir='ltr'><strong>profecta.</strong></span> <span class='ocrx_word' id='word_1_50' title='bbox 2691 914 2866 995; x_wconf 82' lang='lat' dir='ltr'><strong>Quid</strong></span> <span class='ocrx_word' id='word_1_51' title='bbox 2909 916 3054 978; x_wconf 88' lang='lat' dir='ltr'><strong>enim</strong></span> 
     </span>
     <span class='ocr_line' id='line_1_6' title="bbox 602 1026 3054 1115; baseline -0.002 -22"><span class='ocrx_word' id='word_1_52' title='bbox 602 1026 945 1093; x_wconf 79' lang='lat' dir='ltr'><strong>absurdius</strong></span> <span class='ocrx_word' id='word_1_53' title='bbox 990 1038 1090 1093; x_wconf 88' lang='lat' dir='ltr'><strong>est</strong></span> <span class='ocrx_word' id='word_1_54' title='bbox 1120 1030 1657 1115; x_wconf 88' lang='lat' dir='ltr'><strong>perversiusque:</strong></span> <span class='ocrx_word' id='word_1_55' title='bbox 1705 1050 1906 1115; x_wconf 87' lang='lat' dir='ltr'><strong>quam</strong></span> <span class='ocrx_word' id='word_1_56' title='bbox 1951 1051 2065 1094; x_wconf 88' lang='lat' dir='ltr'><strong>eos</strong></span> <span class='ocrx_word' id='word_1_57' title='bbox 2111 1029 2196 1093; x_wconf 89' lang='lat' dir='ltr'><strong>ad</strong></span> <span class='ocrx_word' id='word_1_58' title='bbox 2229 1050 2394 1115; x_wconf 90' lang='lat' dir='ltr'><strong>quos</strong></span> <span class='ocrx_word' id='word_1_59' title='bbox 2431 1027 2730 1093; x_wconf 87' lang='lat' dir='ltr'><strong>doctrina</strong></span> <span class='ocrx_word' id='word_1_60' title='bbox 2761 1028 2842 1091; x_wconf 92' lang='lat' dir='ltr'><strong>de</strong></span> <span class='ocrx_word' id='word_1_61' title='bbox 2871 1026 3054 1092; x_wconf 87' lang='lat' dir='ltr'><strong>Cruce</strong></span> 
     </span>
     <span class='ocr_line' id='line_1_7' title="bbox 601 1140 3052 1228; baseline -0.001 -23"><span class='ocrx_word' id='word_1_62' title='bbox 601 1140 853 1228; x_wconf 88' lang='lat' dir='ltr'><strong>perlata</strong></span> <span class='ocrx_word' id='word_1_63' title='bbox 898 1151 1026 1226; x_wconf 89' lang='lat' dir='ltr'><strong>est,</strong></span> <span class='ocrx_word' id='word_1_64' title='bbox 1094 1141 1379 1206; x_wconf 85' lang='lat' dir='ltr'><strong>humana</strong></span> <span class='ocrx_word' id='word_1_65' title='bbox 1444 1142 1768 1228; x_wconf 77' lang='lat' dir='ltr'><strong>sapientia</strong></span> <span class='ocrx_word' id='word_1_66' title='bbox 1826 1142 2084 1206; x_wconf 82' lang='lat' dir='ltr'><strong>innixos</strong></span> <span class='ocrx_word' id='word_1_67' title='bbox 2144 1140 2227 1206; x_wconf 94' lang='lat' dir='ltr'><strong>de</strong></span> <span class='ocrx_word' id='word_1_68' title='bbox 2292 1141 2634 1206; x_wconf 90' lang='lat' dir='ltr'><strong>doctorum</strong></span> <span class='ocrx_word' id='word_1_69' title='bbox 2695 1141 3052 1204; x_wconf 84' lang='lat' dir='ltr'><strong>auctoritate</strong></span> 
     </span>
     <span class='ocr_line' id='line_1_8' title="bbox 600 1251 3050 1341; baseline -0.002 -23"><span class='ocrx_word' id='word_1_70' title='bbox 600 1258 769 1319; x_wconf 91' lang='lat' dir='ltr'><strong>inter</strong></span> <span class='ocrx_word' id='word_1_71' title='bbox 812 1276 881 1319; x_wconf 90' lang='lat' dir='ltr'><strong>se</strong></span> <span class='ocrx_word' id='word_1_72' title='bbox 930 1254 1320 1340; x_wconf 88' lang='lat' dir='ltr'><strong>disceptare,</strong></span> <span class='ocrx_word' id='word_1_73' title='bbox 1367 1276 1585 1341; x_wconf 91' lang='lat' dir='ltr'><strong>neque</strong></span> <span class='ocrx_word' id='word_1_74' title='bbox 1632 1256 1842 1320; x_wconf 89' lang='lat' dir='ltr'><strong>omnis</strong></span> <span class='ocrx_word' id='word_1_75' title='bbox 1890 1254 2301 1341; x_wconf 86' lang='lat' dir='ltr'><strong>eloquentiae</strong></span> <span class='ocrx_word' id='word_1_76' title='bbox 2347 1254 2675 1318; x_wconf 85' lang='lat' dir='ltr'><strong>humanae</strong></span> <span class='ocrx_word' id='word_1_77' title='bbox 2722 1251 2947 1318; x_wconf 86' lang='lat' dir='ltr'><strong>oblitos</strong></span> <span class='ocrx_word' id='word_1_78' title='bbox 2997 1254 3050 1315; x_wconf 90' lang='lat' dir='ltr'><strong>in</strong></span> 
     </span>
     <span class='ocr_line' id='line_1_9' title="bbox 603 1366 3052 1453; baseline -0.001 -23"><span class='ocrx_word' id='word_1_79' title='bbox 603 1366 859 1431; x_wconf 87' lang='lat' dir='ltr'><strong>Christo</strong></span> <span class='ocrx_word' id='word_1_80' title='bbox 918 1366 1054 1431; x_wconf 88' lang='lat' dir='ltr'><strong>solo</strong></span> <span class='ocrx_word' id='word_1_81' title='bbox 1101 1366 1569 1453; x_wconf 77' lang='lat' dir='ltr'><strong>acquiescere?</strong></span> <span class='ocrx_word' id='word_1_82' title='bbox 1588 1370 1613 1411; x_wconf 84' lang='lat'><strong>⁴</strong></span> <span class='ocrx_word' id='word_1_83' title='bbox 1686 1366 2044 1432; x_wconf 86' lang='lat' dir='ltr'><strong>Plurimum</strong></span> <span class='ocrx_word' id='word_1_84' title='bbox 2092 1378 2312 1432; x_wconf 88' lang='lat' dir='ltr'><strong>autem</strong></span> <span class='ocrx_word' id='word_1_85' title='bbox 2374 1388 2415 1431; x_wconf 89' lang='lat' dir='ltr'><strong>a</strong></span> <span class='ocrx_word' id='word_1_86' title='bbox 2473 1366 2722 1431; x_wconf 88' lang='lat' dir='ltr'><strong>saeculi</strong></span> <span class='ocrx_word' id='word_1_87' title='bbox 2765 1368 3052 1451; x_wconf 79' lang='lat' dir='ltr'><strong>sapientia</strong></span> 
     </span>
    </p>
   </div>
   <div class='ocr_carea' id='block_1_3' title="bbox 609 1536 1017 1545">
    <p class='ocr_par' dir='ltr' id='par_1_3' title="bbox 609 1536 1017 1545">
     <span class='ocr_line' id='line_1_10' title="bbox 609 1536 1017 1545; baseline 0 3714"><span class='ocrx_word' id='word_1_88' title='bbox 609 1536 1017 1545; x_wconf 95' lang='lat' dir='ltr'><strong> </strong></span> 
     </span>
    </p>
   </div>
   <div class='ocr_carea' id='block_1_4' title="bbox 605 1620 3081 4640">
    <p class='ocr_par' dir='ltr' id='par_1_4' title="bbox 605 1620 3081 4640">
     <span class='ocr_line' id='line_1_11' title="bbox 816 1620 3060 1688; baseline -0.001 -17"><span class='ocrx_word' id='word_1_89' title='bbox 816 1623 852 1687; x_wconf 85' lang='lat'><strong>¹)</strong></span> <span class='ocrx_word' id='word_1_90' title='bbox 890 1622 1105 1672; x_wconf 84' lang='lat' dir='ltr'><strong>Petrum</strong></span> <span class='ocrx_word' id='word_1_91' title='bbox 1152 1620 1391 1672; x_wconf 83' lang='lat' dir='ltr'><strong>Corinthi</strong></span> <span class='ocrx_word' id='word_1_92' title='bbox 1438 1620 1674 1672; x_wconf 72' lang='lat' dir='ltr'><strong>adfuisse</strong></span> <span class='ocrx_word' id='word_1_93' title='bbox 1733 1620 1962 1673; x_wconf 72' lang='lat' dir='ltr'><strong>affirmat</strong></span> <span class='ocrx_word' id='word_1_94' title='bbox 2017 1622 2312 1688; x_wconf 79' lang='lat' dir='ltr'><strong>Dionysius</strong></span> <span class='ocrx_word' id='word_1_95' title='bbox 2367 1620 2760 1672; x_wconf 85' lang='lat' dir='ltr'><strong>Corinthiorum</strong></span> <span class='ocrx_word' id='word_1_96' title='bbox 2805 1623 3060 1687; x_wconf 82' lang='lat' dir='ltr'><strong>episeopus</strong></span> 
     </span>
     <span class='ocr_line' id='line_1_12' title="bbox 606 1707 3060 1775; baseline -0.002 -16"><span class='ocrx_word' id='word_1_97' title='bbox 606 1708 749 1774; x_wconf 85' lang='lat' dir='ltr'><strong>apud</strong></span> <span class='ocrx_word' id='word_1_98' title='bbox 784 1708 1097 1770; x_wconf 84' lang='lat' dir='ltr'><strong>Eusebium,</strong></span> <span class='ocrx_word' id='word_1_99' title='bbox 1133 1708 1283 1759; x_wconf 86' lang='lat' dir='ltr'><strong>Eccl.</strong></span> <span class='ocrx_word' id='word_1_100' title='bbox 1309 1708 1447 1758; x_wconf 86' lang='lat' dir='ltr'><strong>Hist.</strong></span> <span class='ocrx_word' id='word_1_101' title='bbox 1476 1707 1547 1770; x_wconf 90' lang='lat'><strong>11,</strong></span> <span class='ocrx_word' id='word_1_102' title='bbox 1572 1710 1656 1758; x_wconf 83' lang='lat'><strong>25.</strong></span> <span class='ocrx_word' id='word_1_103' title='bbox 1694 1725 1746 1775; x_wconf 85' lang='lat' dir='ltr'><strong>p.</strong></span> <span class='ocrx_word' id='word_1_104' title='bbox 1771 1711 1854 1759; x_wconf 89' lang='grc'><strong>68.</strong></span> <span class='ocrx_word' id='word_1_105' title='bbox 1895 1709 2014 1759; x_wconf 90' lang='lat' dir='ltr'><strong>coll.</strong></span> <span class='ocrx_word' id='word_1_106' title='bbox 2049 1709 2140 1771; x_wconf 86' lang='lat' dir='ltr'><strong>IV,</strong></span> <span class='ocrx_word' id='word_1_107' title='bbox 2177 1710 2260 1759; x_wconf 83' lang='lat'><strong>23.</strong></span> <span class='ocrx_word' id='word_1_108' title='bbox 2297 1726 2348 1774; x_wconf 91' lang='lat' dir='ltr'><strong>p.</strong></span> <span class='ocrx_word' id='word_1_109' title='bbox 2378 1710 2492 1759; x_wconf 76' lang='lat'><strong>143.</strong></span> <span class='ocrx_word' id='word_1_110' title='bbox 2553 1708 2694 1770; x_wconf 79' lang='lat' dir='ltr'><strong>Quid</strong></span> <span class='ocrx_word' id='word_1_111' title='bbox 2733 1724 2856 1757; x_wconf 80' lang='lat' dir='ltr'><strong>vero</strong></span> <span class='ocrx_word' id='word_1_112' title='bbox 2891 1722 3060 1757; x_wconf 77' lang='lat' dir='ltr'><strong>causae</strong></span> 
     </span>
     <span class='ocr_line' id='line_1_13' title="bbox 606 1795 3060 1861; baseline -0.001 -16"><span class='ocrx_word' id='word_1_113' title='bbox 606 1800 761 1859; x_wconf 87' lang='lat' dir='ltr'><strong>esset,</strong></span> <span class='ocrx_word' id='word_1_114' title='bbox 798 1810 894 1845; x_wconf 87' lang='lat' dir='ltr'><strong>cur</strong></span> <span class='ocrx_word' id='word_1_115' title='bbox 920 1795 1102 1861; x_wconf 88' lang='lat' dir='ltr'><strong>aliqua</strong></span> <span class='ocrx_word' id='word_1_116' title='bbox 1122 1808 1249 1861; x_wconf 88' lang='lat' dir='ltr'><strong>pars</strong></span> <span class='ocrx_word' id='word_1_117' title='bbox 1272 1796 1609 1846; x_wconf 83' lang='lat' dir='ltr'><strong>Petrinorum</strong></span> <span class='ocrx_word' id='word_1_118' title='bbox 1648 1796 1860 1845; x_wconf 89' lang='lat' dir='ltr'><strong>nomine</strong></span> <span class='ocrx_word' id='word_1_119' title='bbox 1897 1796 2234 1861; x_wconf 80' lang='lat' dir='ltr'><strong>gloriaretur,</strong></span> <span class='ocrx_word' id='word_1_120' title='bbox 2271 1811 2379 1847; x_wconf 90' lang='lat' dir='ltr'><strong>non</strong></span> <span class='ocrx_word' id='word_1_121' title='bbox 2405 1810 2514 1845; x_wconf 86' lang='lat' dir='ltr'><strong>una</strong></span> <span class='ocrx_word' id='word_1_122' title='bbox 2539 1797 2746 1847; x_wconf 84' lang='lat' dir='ltr'><strong>ratione</strong></span> <span class='ocrx_word' id='word_1_123' title='bbox 2779 1796 3060 1861; x_wconf 70' lang='lat' dir='ltr'><strong>explicatur.</strong></span> 
     </span>
     <span class='ocr_line' id='line_1_14' title="bbox 607 1882 3060 1949; baseline -0.001 -17"><span class='ocrx_word' id='word_1_124' title='bbox 607 1882 739 1932; x_wconf 87' lang='lat' dir='ltr'><strong>Cum</strong></span> <span class='ocrx_word' id='word_1_125' title='bbox 776 1882 977 1932; x_wconf 87' lang='lat' dir='ltr'><strong>Paulus</strong></span> <span class='ocrx_word' id='word_1_126' title='bbox 1016 1885 1063 1943; x_wconf 90' lang='lat'><strong>1,</strong></span> <span class='ocrx_word' id='word_1_127' title='bbox 1105 1884 1325 1932; x_wconf 78' lang='lat'><strong>14-1’1.</strong></span> <span class='ocrx_word' id='word_1_128' title='bbox 1373 1887 1525 1932; x_wconf 87' lang='lat' dir='ltr'><strong>tanta</strong></span> <span class='ocrx_word' id='word_1_129' title='bbox 1560 1884 1960 1933; x_wconf 75' lang='lat' dir='ltr'><strong>asseveratione</strong></span> <span class='ocrx_word' id='word_1_130' title='bbox 1997 1882 2284 1933; x_wconf 81' lang='lat' dir='ltr'><strong>affirmaret</strong></span> <span class='ocrx_word' id='word_1_131' title='bbox 2329 1899 2388 1932; x_wconf 85' lang='lat' dir='ltr'><strong>se</strong></span> <span class='ocrx_word' id='word_1_132' title='bbox 2423 1884 2612 1948; x_wconf 85' lang='lat' dir='ltr'><strong>paucis</strong></span> <span class='ocrx_word' id='word_1_133' title='bbox 2659 1884 2891 1949; x_wconf 82' lang='lat' dir='ltr'><strong>exceptis</strong></span> <span class='ocrx_word' id='word_1_134' title='bbox 2925 1883 3060 1931; x_wconf 85' lang='lat' dir='ltr'><strong>nemi-</strong></span> 
     </span>
     <span class='ocr_line' id='line_1_15' title="bbox 605 1969 3062 2036; baseline -0.001 -16"><span class='ocrx_word' id='word_1_135' title='bbox 605 1986 725 2020; x_wconf 89' lang='lat' dir='ltr'><strong>nem</strong></span> <span class='ocrx_word' id='word_1_136' title='bbox 752 1970 894 2035; x_wconf 89' lang='lat' dir='ltr'><strong>apud</strong></span> <span class='ocrx_word' id='word_1_137' title='bbox 920 1970 1220 2021; x_wconf 77' lang='lat' dir='ltr'><strong>Corinthios</strong></span> <span class='ocrx_word' id='word_1_138' title='bbox 1254 1970 1587 2036; x_wconf 84' lang='lat' dir='ltr'><strong>baptizasse;</strong></span> <span class='ocrx_word' id='word_1_139' title='bbox 1626 1969 1748 2019; x_wconf 87' lang='lat' dir='ltr'><strong>inde</strong></span> <span class='ocrx_word' id='word_1_140' title='bbox 1773 1970 2064 2020; x_wconf 87' lang='lat' dir='ltr'><strong>coniiciunt</strong></span> <span class='ocrx_word' id='word_1_141' title='bbox 2099 1976 2364 2020; x_wconf 84' lang='lat' dir='ltr'><strong>sectarum</strong></span> <span class='ocrx_word' id='word_1_142' title='bbox 2390 1976 2639 2021; x_wconf 79' lang='lat' dir='ltr'><strong>auctores</strong></span> <span class='ocrx_word' id='word_1_143' title='bbox 2665 1970 2850 2021; x_wconf 84' lang='lat' dir='ltr'><strong>horum</strong></span> <span class='ocrx_word' id='word_1_144' title='bbox 2873 1971 3062 2019; x_wconf 83' lang='lat' dir='ltr'><strong>nomina</strong></span> 
     </span>
     <span class='ocr_line' id='line_1_16' title="bbox 605 2056 3060 2123; baseline -0.001 -18"><span class='ocrx_word' id='word_1_145' title='bbox 605 2056 706 2106; x_wconf 85' lang='lat' dir='ltr'><strong>sibi</strong></span> <span class='ocrx_word' id='word_1_146' title='bbox 730 2058 1062 2123; x_wconf 78' lang='lat' dir='ltr'><strong>imposuisse,</strong></span> <span class='ocrx_word' id='word_1_147' title='bbox 1103 2056 1191 2122; x_wconf 87' lang='lat' dir='ltr'><strong>qui</strong></span> <span class='ocrx_word' id='word_1_148' title='bbox 1218 2071 1312 2107; x_wconf 88' lang='lat' dir='ltr'><strong>eos</strong></span> <span class='ocrx_word' id='word_1_149' title='bbox 1335 2058 1758 2121; x_wconf 75' lang='lat' dir='ltr'><strong>baptizaverant.</strong></span> <span class='ocrx_word' id='word_1_150' title='bbox 1809 2056 2184 2107; x_wconf 81' lang='lat' dir='ltr'><strong>Recentiorum</strong></span> <span class='ocrx_word' id='word_1_151' title='bbox 2209 2072 2338 2108; x_wconf 79' lang='lat' dir='ltr'><strong>vero</strong></span> <span class='ocrx_word' id='word_1_152' title='bbox 2375 2058 2668 2107; x_wconf 84' lang='lat' dir='ltr'><strong>communis</strong></span> <span class='ocrx_word' id='word_1_153' title='bbox 2693 2056 2804 2107; x_wconf 78' lang='lat' dir='ltr'><strong>sere</strong></span> <span class='ocrx_word' id='word_1_154' title='bbox 2829 2056 3060 2106; x_wconf 81' lang='lat' dir='ltr'><strong>sententia</strong></span> 
     </span>
     <span class='ocr_line' id='line_1_17' title="bbox 608 2143 3062 2210; baseline -0.002 -15"><span class='ocrx_word' id='word_1_155' title='bbox 608 2150 689 2195; x_wconf 89' lang='lat' dir='ltr'><strong>est</strong></span> <span class='ocrx_word' id='word_1_156' title='bbox 724 2146 861 2194; x_wconf 89' lang='lat' dir='ltr'><strong>inter</strong></span> <span class='ocrx_word' id='word_1_157' title='bbox 897 2143 1199 2195; x_wconf 84' lang='lat' dir='ltr'><strong>Corinthios</strong></span> <span class='ocrx_word' id='word_1_158' title='bbox 1236 2143 1401 2193; x_wconf 84' lang='lat' dir='ltr'><strong>fuisse</strong></span> <span class='ocrx_word' id='word_1_159' title='bbox 1440 2144 1720 2206; x_wconf 81' lang='lat' dir='ltr'><strong>factiones,</strong></span> <span class='ocrx_word' id='word_1_160' title='bbox 1765 2158 1906 2209; x_wconf 85' lang='lat' dir='ltr'><strong>quae</strong></span> <span class='ocrx_word' id='word_1_161' title='bbox 1943 2145 2220 2210; x_wconf 85' lang='lat' dir='ltr'><strong>opiniones</strong></span> <span class='ocrx_word' id='word_1_162' title='bbox 2255 2158 2385 2195; x_wconf 85' lang='lat' dir='ltr'><strong>suas</strong></span> <span class='ocrx_word' id='word_1_163' title='bbox 2419 2144 2523 2197; x_wconf 90' lang='lat' dir='ltr'><strong>hoc</strong></span> <span class='ocrx_word' id='word_1_164' title='bbox 2559 2150 2656 2194; x_wconf 86' lang='lat' dir='ltr'><strong>aut</strong></span> <span class='ocrx_word' id='word_1_165' title='bbox 2687 2143 2781 2195; x_wconf 90' lang='lat' dir='ltr'><strong>illo</strong></span> <span class='ocrx_word' id='word_1_166' title='bbox 2819 2143 3062 2209; x_wconf 80' lang='lat' dir='ltr'><strong>praeclaro</strong></span> 
     </span>
     <span class='ocr_line' id='line_1_18' title="bbox 606 2230 3063 2297; baseline -0.002 -16"><span class='ocrx_word' id='word_1_167' title='bbox 606 2233 819 2281; x_wconf 87' lang='lat' dir='ltr'><strong>nomine</strong></span> <span class='ocrx_word' id='word_1_168' title='bbox 845 2236 899 2281; x_wconf 89' lang='lat' dir='ltr'><strong>et</strong></span> <span class='ocrx_word' id='word_1_169' title='bbox 924 2232 1239 2281; x_wconf 85' lang='lat' dir='ltr'><strong>auctoritate</strong></span> <span class='ocrx_word' id='word_1_170' title='bbox 1266 2230 1686 2281; x_wconf 83' lang='lat' dir='ltr'><strong>constabilirent.</strong></span> <span class='ocrx_word' id='word_1_171' title='bbox 1737 2230 2148 2282; x_wconf 86' lang='lat' dir='ltr'><strong>Petrinornm</strong></span> <span class='ocrx_word' id='word_1_172' title='bbox 2185 2230 2400 2297; x_wconf 85' lang='lat' dir='ltr'><strong>quidem</strong></span> <span class='ocrx_word' id='word_1_173' title='bbox 2435 2236 2640 2297; x_wconf 88' lang='lat' dir='ltr'><strong>partem</strong></span> <span class='ocrx_word' id='word_1_174' title='bbox 2683 2230 2894 2281; x_wconf 84' lang='lat' dir='ltr'><strong>iudaica</strong></span> <span class='ocrx_word' id='word_1_175' title='bbox 2925 2230 3063 2293; x_wconf 77' lang='lat' dir='ltr'><strong>sn&#39;rpe</strong></span> 
     </span>
     <span class='ocr_line' id='line_1_19' title="bbox 607 2315 3064 2384; baseline -0.002 -16"><span class='ocrx_word' id='word_1_176' title='bbox 607 2324 896 2384; x_wconf 80' lang='lat' dir='ltr'><strong>prognatos</strong></span> <span class='ocrx_word' id='word_1_177' title='bbox 933 2317 1172 2368; x_wconf 88' lang='lat' dir='ltr'><strong>homines</strong></span> <span class='ocrx_word' id='word_1_178' title='bbox 1200 2318 1455 2379; x_wconf 80' lang='lat' dir='ltr'><strong>effecisse,</strong></span> <span class='ocrx_word' id='word_1_179' title='bbox 1484 2319 1576 2383; x_wconf 90' lang='lat' dir='ltr'><strong>qui</strong></span> <span class='ocrx_word' id='word_1_180' title='bbox 1612 2316 1834 2368; x_wconf 85' lang='lat' dir='ltr'><strong>studio</strong></span> <span class='ocrx_word' id='word_1_181' title='bbox 1871 2333 1986 2368; x_wconf 86' lang='lat' dir='ltr'><strong>suo</strong></span> <span class='ocrx_word' id='word_1_182' title='bbox 2025 2319 2221 2383; x_wconf 84' lang='lat' dir='ltr'><strong>Legis</strong></span> <span class='ocrx_word' id='word_1_183' title='bbox 2257 2318 2591 2368; x_wconf 83' lang='lat' dir='ltr'><strong>mosaicae</strong></span> <span class='ocrx_word' id='word_1_184' title='bbox 2627 2334 2896 2384; x_wconf 81' lang='lat' dir='ltr'><strong>perverso,</strong></span> <span class='ocrx_word' id='word_1_185' title='bbox 2931 2315 3064 2365; x_wconf 86' lang='lat' dir='ltr'><strong>Pauli</strong></span> 
     </span>
     <span class='ocr_line' id='line_1_20' title="bbox 610 2404 3064 2470; baseline -0.002 -16"><span class='ocrx_word' id='word_1_186' title='bbox 610 2405 944 2455; x_wconf 82' lang='lat' dir='ltr'><strong>adversarios</strong></span> <span class='ocrx_word' id='word_1_187' title='bbox 1000 2421 1059 2455; x_wconf 88' lang='lat' dir='ltr'><strong>se</strong></span> <span class='ocrx_word' id='word_1_188' title='bbox 1113 2410 1402 2470; x_wconf 80' lang='lat' dir='ltr'><strong>gesserant.</strong></span> <span class='ocrx_word' id='word_1_189' title='bbox 1495 2404 1537 2469; x_wconf 83' lang='grc'><strong>2)</strong></span> <span class='ocrx_word' id='word_1_190' title='bbox 1592 2404 1836 2454; x_wconf 86' lang='lat' dir='ltr'><strong>Paulinis</strong></span> <span class='ocrx_word' id='word_1_191' title='bbox 1895 2406 2188 2455; x_wconf 82' lang='lat' dir='ltr'><strong>accessisse</strong></span> <span class='ocrx_word' id='word_1_192' title='bbox 2241 2404 2491 2455; x_wconf 80' lang='lat' dir='ltr'><strong>videntur</strong></span> <span class='ocrx_word' id='word_1_193' title='bbox 2543 2404 2814 2469; x_wconf 82' lang='lat' dir='ltr'><strong>Apollonii</strong></span> <span class='ocrx_word' id='word_1_194' title='bbox 2865 2404 3064 2453; x_wconf 76' lang='lat' dir='ltr'><strong>fortasse</strong></span> 
     </span>
     <span class='ocr_line' id='line_1_21' title="bbox 610 2491 3064 2557; baseline -0.002 -16"><span class='ocrx_word' id='word_1_195' title='bbox 610 2491 939 2542; x_wconf 86' lang='lat' dir='ltr'><strong>solummodo</strong></span> <span class='ocrx_word' id='word_1_196' title='bbox 978 2491 1255 2543; x_wconf 83' lang='lat' dir='ltr'><strong>doctrinae</strong></span> <span class='ocrx_word' id='word_1_197' title='bbox 1294 2491 1642 2557; x_wconf 84' lang='lat' dir='ltr'><strong>exponendae</strong></span> <span class='ocrx_word' id='word_1_198' title='bbox 1679 2492 1886 2541; x_wconf 88' lang='lat' dir='ltr'><strong>ratione</strong></span> <span class='ocrx_word' id='word_1_199' title='bbox 1911 2506 1946 2541; x_wconf 87' lang='lat' dir='ltr'><strong>a</strong></span> <span class='ocrx_word' id='word_1_200' title='bbox 1971 2492 2161 2542; x_wconf 84' lang='lat' dir='ltr'><strong>ceteris</strong></span> <span class='ocrx_word' id='word_1_201' title='bbox 2188 2492 2398 2542; x_wconf 77' lang='lat' dir='ltr'><strong>diversi.</strong></span> <span class='ocrx_word' id='word_1_202' title='bbox 2447 2492 2565 2542; x_wconf 85' lang='lat' dir='ltr'><strong>Has</strong></span> <span class='ocrx_word' id='word_1_203' title='bbox 2590 2492 2850 2541; x_wconf 82' lang='lat' dir='ltr'><strong>factiones</strong></span> <span class='ocrx_word' id='word_1_204' title='bbox 2875 2504 3064 2539; x_wconf 80' lang='lat' dir='ltr'><strong>cansam</strong></span> 
     </span>
     <span class='ocr_line' id='line_1_22' title="bbox 608 2577 3064 2643; baseline -0.002 -14"><span class='ocrx_word' id='word_1_205' title='bbox 608 2578 1287 2629; x_wconf 86' lang='lat' dir='ltr'><strong>Ethnico—Christianorum</strong></span> <span class='ocrx_word' id='word_1_206' title='bbox 1334 2580 1497 2629; x_wconf 86' lang='lat' dir='ltr'><strong>tuitas</strong></span> <span class='ocrx_word' id='word_1_207' title='bbox 1542 2578 1708 2627; x_wconf 79' lang='lat' dir='ltr'><strong>fuisse</strong></span> <span class='ocrx_word' id='word_1_208' title='bbox 1744 2577 1903 2628; x_wconf 81' lang='lat' dir='ltr'><strong>facile</strong></span> <span class='ocrx_word' id='word_1_209' title='bbox 1953 2578 2155 2629; x_wconf 87' lang='lat' dir='ltr'><strong>damus.</strong></span> <span class='ocrx_word' id='word_1_210' title='bbox 2230 2578 2272 2641; x_wconf 76' lang='lat'><strong>³)</strong></span> <span class='ocrx_word' id='word_1_211' title='bbox 2311 2578 2394 2629; x_wconf 81' lang='lat' dir='ltr'><strong>Ex</strong></span> <span class='ocrx_word' id='word_1_212' title='bbox 2431 2579 2684 2643; x_wconf 89' lang='lat' dir='ltr'><strong>opinione</strong></span> <span class='ocrx_word' id='word_1_213' title='bbox 2721 2577 3064 2629; x_wconf 87' lang='lat' dir='ltr'><strong>nonnullorum</strong></span> 
     </span>
     <span class='ocr_line' id='line_1_23' title="bbox 610 2660 3066 2732; baseline -0.002 -17"><span class='ocrx_word' id='word_1_214' title='bbox 610 2682 656 2715; x_wconf 89' lang='lat' dir='ltr'><strong>e.</strong></span> <span class='ocrx_word' id='word_1_215' title='bbox 694 2682 744 2731; x_wconf 82' lang='lat' dir='ltr'><strong>g.</strong></span> <span class='ocrx_word' id='word_1_216' title='bbox 781 2666 965 2727; x_wconf 84' lang='lat' dir='ltr'><strong>Lund,</strong></span> <span class='ocrx_word' id='word_1_217' title='bbox 1004 2666 1185 2731; x_wconf 86' lang='lat' dir='ltr'><strong>specil.</strong></span> <span class='ocrx_word' id='word_1_218' title='bbox 1221 2664 1371 2716; x_wconf 88' lang='lat' dir='ltr'><strong>ench.</strong></span> <span class='ocrx_word' id='word_1_219' title='bbox 1411 2682 1560 2731; x_wconf 82' lang='lat' dir='ltr'><strong>exeg.</strong></span> <span class='ocrx_word' id='word_1_220' title='bbox 1606 2681 1659 2732; x_wconf 89' lang='lat' dir='ltr'><strong>p.</strong></span> <span class='ocrx_word' id='word_1_221' title='bbox 1699 2668 1782 2715; x_wconf 87' lang='grc'><strong>59.</strong></span> <span class='ocrx_word' id='word_1_222' title='bbox 1833 2664 2008 2727; x_wconf 83' lang='lat' dir='ltr'><strong>„haud</strong></span> <span class='ocrx_word' id='word_1_223' title='bbox 2045 2665 2308 2730; x_wconf 83' lang='lat' dir='ltr'><strong>probabili</strong></span> <span class='ocrx_word' id='word_1_224' title='bbox 2345 2666 2576 2715; x_wconf 83' lang='lat' dir='ltr'><strong>Petrinis</strong></span> <span class='ocrx_word' id='word_1_225' title='bbox 2614 2665 2968 2730; x_wconf 84' lang='lat' dir='ltr'><strong>adiunguntur</strong></span> <span class='ocrx_word' id='word_1_226' title='bbox 2999 2660 3066 2721; x_wconf 70' lang='lat' dir='ltr'><strong>„oi</strong></span> 
     </span>
     <span class='ocr_line' id='line_1_24' title="bbox 608 2750 3066 2819; baseline -0.001 -18"><span class='ocrx_word' id='word_1_227' title='bbox 608 2754 695 2802; x_wconf 80' lang='grc' dir='ltr'><strong>τοῦ</strong></span> <span class='ocrx_word' id='word_1_228' title='bbox 730 2750 995 2819; x_wconf 79' lang='grc' dir='ltr'><strong>Χριστοῦ“,</strong></span> <span class='ocrx_word' id='word_1_229' title='bbox 1031 2754 1121 2818; x_wconf 86' lang='lat' dir='ltr'><strong>qui</strong></span> <span class='ocrx_word' id='word_1_230' title='bbox 1158 2754 1527 2803; x_wconf 86' lang='lat' dir='ltr'><strong>auctoritatem</strong></span> <span class='ocrx_word' id='word_1_231' title='bbox 1552 2752 1750 2803; x_wconf 78' lang='lat' dir='ltr'><strong>Jacobi</strong></span> <span class='ocrx_word' id='word_1_232' title='bbox 1785 2752 1821 2801; x_wconf 80' lang='lat' dir='ltr'><strong>f.</strong></span> <span class='ocrx_word' id='word_1_233' title='bbox 1859 2752 1928 2802; x_wconf 88' lang='lat' dir='ltr'><strong>D.</strong></span> <span class='ocrx_word' id='word_1_234' title='bbox 1960 2751 2338 2818; x_wconf 88' lang='lat' dir='ltr'><strong>sequebantur.</strong></span> <span class='ocrx_word' id='word_1_235' title='bbox 2389 2750 2494 2801; x_wconf 87' lang='lat' dir='ltr'><strong>Sed</strong></span> <span class='ocrx_word' id='word_1_236' title='bbox 2532 2754 2621 2817; x_wconf 88' lang='lat' dir='ltr'><strong>qui</strong></span> <span class='ocrx_word' id='word_1_237' title='bbox 2655 2752 2852 2802; x_wconf 87' lang='lat' dir='ltr'><strong>Christi</strong></span> <span class='ocrx_word' id='word_1_238' title='bbox 2888 2758 3066 2801; x_wconf 84' lang='lat' dir='ltr'><strong>tantum</strong></span> 
     </span>
     <span class='ocr_line' id='line_1_25' title="bbox 612 2836 3068 2905; baseline -0.002 -16"><span class='ocrx_word' id='word_1_239' title='bbox 612 2840 903 2905; x_wconf 80' lang='lat' dir='ltr'><strong>discipulos</strong></span> <span class='ocrx_word' id='word_1_240' title='bbox 956 2847 1125 2891; x_wconf 88' lang='lat' dir='ltr'><strong>semet</strong></span> <span class='ocrx_word' id='word_1_241' title='bbox 1177 2839 1450 2901; x_wconf 85' lang='lat' dir='ltr'><strong>dicebant,</strong></span> <span class='ocrx_word' id='word_1_242' title='bbox 1510 2839 1588 2888; x_wconf 90' lang='lat' dir='ltr'><strong>illi</strong></span> <span class='ocrx_word' id='word_1_243' title='bbox 1641 2854 1750 2889; x_wconf 88' lang='lat' dir='ltr'><strong>non</strong></span> <span class='ocrx_word' id='word_1_244' title='bbox 1803 2840 1918 2889; x_wconf 84' lang='lat' dir='ltr'><strong>sine</strong></span> <span class='ocrx_word' id='word_1_245' title='bbox 1971 2840 2180 2890; x_wconf 85' lang='lat' dir='ltr'><strong>ratione</strong></span> <span class='ocrx_word' id='word_1_246' title='bbox 2235 2844 2514 2890; x_wconf 86' lang='lat' dir='ltr'><strong>sumuntur</strong></span> <span class='ocrx_word' id='word_1_247' title='bbox 2573 2846 2778 2905; x_wconf 84' lang='lat' dir='ltr'><strong>partem</strong></span> <span class='ocrx_word' id='word_1_248' title='bbox 2831 2836 3068 2904; x_wconf 74' lang='lat' dir='ltr'><strong>quandam</strong></span> 
     </span>
     <span class='ocr_line' id='line_1_26' title="bbox 612 2923 3069 2993; baseline -0.002 -17"><span class='ocrx_word' id='word_1_249' title='bbox 612 2932 853 2976; x_wconf 87' lang='lat' dir='ltr'><strong>neutram</strong></span> <span class='ocrx_word' id='word_1_250' title='bbox 890 2926 1202 2990; x_wconf 79' lang='lat' dir='ltr'><strong>confecisse,</strong></span> <span class='ocrx_word' id='word_1_251' title='bbox 1239 2942 1379 2993; x_wconf 85' lang='lat' dir='ltr'><strong>quae</strong></span> <span class='ocrx_word' id='word_1_252' title='bbox 1406 2926 1474 2975; x_wconf 80' lang='lat' dir='ltr'><strong>ab</strong></span> <span class='ocrx_word' id='word_1_253' title='bbox 1502 2926 1826 2991; x_wconf 87' lang='lat' dir='ltr'><strong>reliquarum</strong></span> <span class='ocrx_word' id='word_1_254' title='bbox 1863 2928 2092 2991; x_wconf 87' lang='lat' dir='ltr'><strong>partium</strong></span> <span class='ocrx_word' id='word_1_255' title='bbox 2128 2927 2319 2976; x_wconf 87' lang='lat' dir='ltr'><strong>studiis</strong></span> <span class='ocrx_word' id='word_1_256' title='bbox 2357 2925 2626 2976; x_wconf 88' lang='lat' dir='ltr'><strong>abstinere</strong></span> <span class='ocrx_word' id='word_1_257' title='bbox 2663 2926 2847 2976; x_wconf 85' lang='lat' dir='ltr'><strong>voluit.</strong></span> <span class='ocrx_word' id='word_1_258' title='bbox 2893 2923 3069 2974; x_wconf 81' lang='lat' dir='ltr'><strong>Paulus</strong></span> 
     </span>
     <span class='ocr_line' id='line_1_27' title="bbox 612 3012 3067 3078; baseline -0.002 -16"><span class='ocrx_word' id='word_1_259' title='bbox 612 3015 661 3074; x_wconf 88' lang='grc'><strong>3,</strong></span> <span class='ocrx_word' id='word_1_260' title='bbox 688 3016 771 3063; x_wconf 89' lang='grc'><strong>22.</strong></span> <span class='ocrx_word' id='word_1_261' title='bbox 822 3012 1015 3063; x_wconf 87' lang='lat' dir='ltr'><strong>Christi</strong></span> <span class='ocrx_word' id='word_1_262' title='bbox 1054 3028 1247 3064; x_wconf 91' lang='lat' dir='ltr'><strong>nomen</strong></span> <span class='ocrx_word' id='word_1_263' title='bbox 1284 3014 1475 3075; x_wconf 88' lang='lat' dir='ltr'><strong>omisit,</strong></span> <span class='ocrx_word' id='word_1_264' title='bbox 1514 3015 1644 3078; x_wconf 89' lang='lat' dir='ltr'><strong>quia</strong></span> <span class='ocrx_word' id='word_1_265' title='bbox 1679 3012 1969 3078; x_wconf 81' lang='lat' dir='ltr'><strong>adpellatio</strong></span> <span class='ocrx_word' id='word_1_266' title='bbox 2007 3028 2040 3063; x_wconf 87' lang='lat' dir='ltr'><strong>a</strong></span> <span class='ocrx_word' id='word_1_267' title='bbox 2077 3012 2288 3063; x_wconf 87' lang='lat' dir='ltr'><strong>Christo</strong></span> <span class='ocrx_word' id='word_1_268' title='bbox 2323 3018 2516 3075; x_wconf 87' lang='lat' dir='ltr'><strong>sumta,</strong></span> <span class='ocrx_word' id='word_1_269' title='bbox 2555 3014 2598 3063; x_wconf 86' lang='lat' dir='ltr'><strong>si</strong></span> <span class='ocrx_word' id='word_1_270' title='bbox 2636 3014 2694 3063; x_wconf 91' lang='lat' dir='ltr'><strong>in</strong></span> <span class='ocrx_word' id='word_1_271' title='bbox 2727 3028 2784 3063; x_wconf 89' lang='lat' dir='ltr'><strong>se</strong></span> <span class='ocrx_word' id='word_1_272' title='bbox 2809 3017 3067 3078; x_wconf 82' lang='lat' dir='ltr'><strong>spectetur,</strong></span> 
     </span>
     <span class='ocr_line' id='line_1_28' title="bbox 612 3098 3062 3165; baseline -0.002 -16"><span class='ocrx_word' id='word_1_273' title='bbox 612 3102 797 3150; x_wconf 86' lang='lat' dir='ltr'><strong>merito</strong></span> <span class='ocrx_word' id='word_1_274' title='bbox 822 3102 879 3150; x_wconf 92' lang='lat' dir='ltr'><strong>in</strong></span> <span class='ocrx_word' id='word_1_275' title='bbox 904 3115 1087 3150; x_wconf 88' lang='lat' dir='ltr'><strong>omnes</strong></span> <span class='ocrx_word' id='word_1_276' title='bbox 1112 3100 1350 3150; x_wconf 84' lang='lat' dir='ltr'><strong>homines</strong></span> <span class='ocrx_word' id='word_1_277' title='bbox 1369 3099 1561 3151; x_wconf 86' lang='lat' dir='ltr'><strong>Christi</strong></span> <span class='ocrx_word' id='word_1_278' title='bbox 1589 3100 1884 3149; x_wconf 80' lang='lat' dir='ltr'><strong>doctrinam</strong></span> <span class='ocrx_word' id='word_1_279' title='bbox 1909 3100 2178 3165; x_wconf 86' lang='lat' dir='ltr'><strong>professos</strong></span> <span class='ocrx_word' id='word_1_280' title='bbox 2201 3100 2361 3149; x_wconf 84' lang='lat' dir='ltr'><strong>cadit.</strong></span> <span class='ocrx_word' id='word_1_281' title='bbox 2400 3101 2550 3161; x_wconf 84' lang='lat' dir='ltr'><strong>Quae</strong></span> <span class='ocrx_word' id='word_1_282' title='bbox 2578 3100 2687 3149; x_wconf 87' lang='lat' dir='ltr'><strong>alia</strong></span> <span class='ocrx_word' id='word_1_283' title='bbox 2711 3099 2778 3149; x_wconf 89' lang='lat' dir='ltr'><strong>de</strong></span> <span class='ocrx_word' id='word_1_284' title='bbox 2801 3098 2882 3148; x_wconf 85' lang='lat' dir='ltr'><strong>his</strong></span> <span class='ocrx_word' id='word_1_285' title='bbox 2903 3098 3062 3147; x_wconf 80' lang='lat' dir='ltr'><strong>factio-</strong></span> 
     </span>
     <span class='ocr_line' id='line_1_29' title="bbox 612 3184 3067 3253; baseline -0.004 -15"><span class='ocrx_word' id='word_1_286' title='bbox 612 3188 771 3238; x_wconf 84' lang='lat' dir='ltr'><strong>nibus</strong></span> <span class='ocrx_word' id='word_1_287' title='bbox 806 3192 1077 3253; x_wconf 89' lang='lat' dir='ltr'><strong>ponuntur</strong></span> <span class='ocrx_word' id='word_1_288' title='bbox 1112 3186 1433 3253; x_wconf 79' lang='lat' dir='ltr'><strong>hypotheses</strong></span> <span class='ocrx_word' id='word_1_289' title='bbox 1470 3186 1575 3252; x_wconf 77' lang='lat' dir='ltr'><strong>legi</strong></span> <span class='ocrx_word' id='word_1_290' title='bbox 1615 3190 1840 3252; x_wconf 84' lang='lat' dir='ltr'><strong>possunt</strong></span> <span class='ocrx_word' id='word_1_291' title='bbox 1875 3186 2047 3253; x_wconf 88' lang='lat' dir='ltr'><strong>apud:</strong></span> <span class='ocrx_word' id='word_1_292' title='bbox 2087 3186 2146 3236; x_wconf 90' lang='lat' dir='ltr'><strong>C.</strong></span> <span class='ocrx_word' id='word_1_293' title='bbox 2173 3188 2486 3253; x_wconf 84' lang='lat' dir='ltr'><strong>Vitringam‚</strong></span> <span class='ocrx_word' id='word_1_294' title='bbox 2522 3187 2590 3235; x_wconf 89' lang='lat' dir='ltr'><strong>de</strong></span> <span class='ocrx_word' id='word_1_295' title='bbox 2613 3186 2826 3237; x_wconf 85' lang='lat' dir='ltr'><strong>schism.</strong></span> <span class='ocrx_word' id='word_1_296' title='bbox 2859 3189 2911 3235; x_wconf 88' lang='lat' dir='ltr'><strong>et</strong></span> <span class='ocrx_word' id='word_1_297' title='bbox 2931 3184 3067 3233; x_wconf 82' lang='lat' dir='ltr'><strong>sectis</strong></span> 
     </span>
     <span class='ocr_line' id='line_1_30' title="bbox 614 3271 3065 3337; baseline -0.003 -12"><span class='ocrx_word' id='word_1_298' title='bbox 614 3275 763 3325; x_wconf 86' lang='lat' dir='ltr'><strong>Eccl.</strong></span> <span class='ocrx_word' id='word_1_299' title='bbox 802 3274 925 3324; x_wconf 90' lang='lat' dir='ltr'><strong>Cor.</strong></span> <span class='ocrx_word' id='word_1_300' title='bbox 960 3273 1088 3324; x_wconf 88' lang='lat' dir='ltr'><strong>Obs.</strong></span> <span class='ocrx_word' id='word_1_301' title='bbox 1120 3288 1163 3322; x_wconf 90' lang='lat' dir='ltr'><strong>s.</strong></span> <span class='ocrx_word' id='word_1_302' title='bbox 1209 3274 1308 3337; x_wconf 86' lang='lat'><strong>111,</strong></span> <span class='ocrx_word' id='word_1_303' title='bbox 1340 3276 1422 3323; x_wconf 89' lang='grc'><strong>21.</strong></span> <span class='ocrx_word' id='word_1_304' title='bbox 1460 3274 1503 3335; x_wconf 89' lang='lat'><strong>1,</strong></span> <span class='ocrx_word' id='word_1_305' title='bbox 1538 3274 1656 3324; x_wconf 82' lang='grc'><strong>779.</strong></span> <span class='ocrx_word' id='word_1_306' title='bbox 1689 3290 1730 3323; x_wconf 88' lang='lat' dir='ltr'><strong>s.</strong></span> <span class='ocrx_word' id='word_1_307' title='bbox 1793 3271 1957 3336; x_wconf 62' lang='lat' dir='ltr'><strong>Stoa,</strong></span> <span class='ocrx_word' id='word_1_308' title='bbox 1995 3278 2103 3323; x_wconf 86' lang='lat' dir='ltr'><strong>not.</strong></span> <span class='ocrx_word' id='word_1_309' title='bbox 2135 3273 2256 3323; x_wconf 87' lang='lat' dir='ltr'><strong>hist.</strong></span> <span class='ocrx_word' id='word_1_310' title='bbox 2286 3273 2423 3323; x_wconf 82' lang='lat' dir='ltr'><strong>Tflb.</strong></span> <span class='ocrx_word' id='word_1_311' title='bbox 2461 3274 2610 3323; x_wconf 89' lang='grc'><strong>1788.</strong></span> <span class='ocrx_word' id='word_1_312' title='bbox 2649 3276 2698 3334; x_wconf 70' lang='lat'><strong>§—</strong></span> <span class='ocrx_word' id='word_1_313' title='bbox 2736 3275 2786 3322; x_wconf 89' lang='lat'><strong>4.</strong></span> <span class='ocrx_word' id='word_1_314' title='bbox 2823 3274 2873 3321; x_wconf 87' lang='lat' dir='ltr'><strong>in</strong></span> <span class='ocrx_word' id='word_1_315' title='bbox 2909 3282 3065 3335; x_wconf 79' lang='lat' dir='ltr'><strong>opusc.</strong></span> 
     </span>
     <span class='ocr_line' id='line_1_31' title="bbox 614 3356 3065 3426; baseline -0.002 -16"><span class='ocrx_word' id='word_1_316' title='bbox 614 3362 684 3423; x_wconf 93' lang='lat'><strong>11,</strong></span> <span class='ocrx_word' id='word_1_317' title='bbox 722 3364 841 3411; x_wconf 85' lang='lat'><strong>252.</strong></span> <span class='ocrx_word' id='word_1_318' title='bbox 880 3376 922 3410; x_wconf 97' lang='lat' dir='ltr'><strong>s.</strong></span> <span class='ocrx_word' id='word_1_319' title='bbox 970 3360 1109 3421; x_wconf 86' lang='lat' dir='ltr'><strong>Pott,</strong></span> <span class='ocrx_word' id='word_1_320' title='bbox 1146 3360 1209 3409; x_wconf 88' lang='lat' dir='ltr'><strong>N.</strong></span> <span class='ocrx_word' id='word_1_321' title='bbox 1244 3359 1306 3409; x_wconf 87' lang='lat' dir='ltr'><strong>T.</strong></span> <span class='ocrx_word' id='word_1_322' title='bbox 1344 3360 1425 3409; x_wconf 85' lang='lat' dir='ltr'><strong>ed.</strong></span> <span class='ocrx_word' id='word_1_323' title='bbox 1462 3360 1668 3425; x_wconf 84' lang='lat' dir='ltr'><strong>Koppe.</strong></span> <span class='ocrx_word' id='word_1_324' title='bbox 1703 3376 1786 3426; x_wconf 89' lang='lat' dir='ltr'><strong>ep.</strong></span> <span class='ocrx_word' id='word_1_325' title='bbox 1820 3360 1864 3410; x_wconf 95' lang='lat' dir='ltr'><strong>I.</strong></span> <span class='ocrx_word' id='word_1_326' title='bbox 1900 3360 1970 3409; x_wconf 89' lang='lat' dir='ltr'><strong>ad</strong></span> <span class='ocrx_word' id='word_1_327' title='bbox 2007 3358 2128 3409; x_wconf 88' lang='lat' dir='ltr'><strong>Cor.</strong></span> <span class='ocrx_word' id='word_1_328' title='bbox 2166 3359 2310 3410; x_wconf 69' lang='lat' dir='ltr'><strong>Gett.</strong></span> <span class='ocrx_word' id='word_1_329' title='bbox 2339 3360 2490 3409; x_wconf 93' lang='grc'><strong>1826.</strong></span> <span class='ocrx_word' id='word_1_330' title='bbox 2515 3358 2650 3425; x_wconf 88' lang='lat' dir='ltr'><strong>prol.</strong></span> <span class='ocrx_word' id='word_1_331' title='bbox 2677 3376 2730 3425; x_wconf 90' lang='lat' dir='ltr'><strong>p.</strong></span> <span class='ocrx_word' id='word_1_332' title='bbox 2760 3360 2838 3409; x_wconf 87' lang='grc'><strong>18.</strong></span> <span class='ocrx_word' id='word_1_333' title='bbox 2863 3374 2902 3407; x_wconf 83' lang='lat' dir='ltr'><strong>s.</strong></span> <span class='ocrx_word' id='word_1_334' title='bbox 2947 3356 3065 3418; x_wconf 86' lang='lat' dir='ltr'><strong>Hug.</strong></span> 
     </span>
     <span class='ocr_line' id='line_1_32' title="bbox 614 3439 3066 3511; baseline -0.004 -14"><span class='ocrx_word' id='word_1_335' title='bbox 614 3446 754 3497; x_wconf 84' lang='lat' dir='ltr'><strong>Einl.</strong></span> <span class='ocrx_word' id='word_1_336' title='bbox 792 3447 862 3509; x_wconf 91' lang='lat'><strong>11,</strong></span> <span class='ocrx_word' id='word_1_337' title='bbox 898 3448 1017 3497; x_wconf 82' lang='lat'><strong>359.</strong></span> <span class='ocrx_word' id='word_1_338' title='bbox 1068 3446 1333 3508; x_wconf 86' lang='lat' dir='ltr'><strong>Neander,</strong></span> <span class='ocrx_word' id='word_1_339' title='bbox 1372 3446 1458 3496; x_wconf 86' lang='lat' dir='ltr'><strong>Kl.</strong></span> <span class='ocrx_word' id='word_1_340' title='bbox 1492 3444 1642 3495; x_wconf 87' lang='lat' dir='ltr'><strong>Schr.</strong></span> <span class='ocrx_word' id='word_1_341' title='bbox 1676 3463 1727 3511; x_wconf 89' lang='lat' dir='ltr'><strong>p.</strong></span> <span class='ocrx_word' id='word_1_342' title='bbox 1755 3448 1838 3497; x_wconf 87' lang='grc'><strong>68.</strong></span> <span class='ocrx_word' id='word_1_343' title='bbox 1873 3460 1915 3496; x_wconf 86' lang='lat' dir='ltr'><strong>s.</strong></span> <span class='ocrx_word' id='word_1_344' title='bbox 1965 3446 2126 3507; x_wconf 85' lang='lat' dir='ltr'><strong>Baur,</strong></span> <span class='ocrx_word' id='word_1_345' title='bbox 2159 3445 2376 3508; x_wconf 88' lang='lat' dir='ltr'><strong>Paulus,</strong></span> <span class='ocrx_word' id='word_1_346' title='bbox 2411 3462 2462 3511; x_wconf 89' lang='lat' dir='ltr'><strong>p.</strong></span> <span class='ocrx_word' id='word_1_347' title='bbox 2497 3446 2617 3495; x_wconf 80' lang='grc'><strong>259.</strong></span> <span class='ocrx_word' id='word_1_348' title='bbox 2643 3462 2686 3496; x_wconf 92' lang='lat' dir='ltr'><strong>s.</strong></span> <span class='ocrx_word' id='word_1_349' title='bbox 2733 3446 2910 3510; x_wconf 65' lang='lat' dir='ltr'><strong>sager,</strong></span> <span class='ocrx_word' id='word_1_350' title='bbox 2940 3439 3066 3491; x_wconf 83' lang='lat' dir='ltr'><strong>Erkl.</strong></span> 
     </span>
     <span class='ocr_line' id='line_1_33' title="bbox 617 3527 3070 3590; baseline -0.004 -7"><span class='ocrx_word' id='word_1_351' title='bbox 617 3533 668 3582; x_wconf 89' lang='lat' dir='ltr'><strong>d.</strong></span> <span class='ocrx_word' id='word_1_352' title='bbox 702 3534 755 3583; x_wconf 90' lang='lat' dir='ltr'><strong>b.</strong></span> <span class='ocrx_word' id='word_1_353' title='bbox 789 3534 879 3583; x_wconf 88' lang='lat' dir='ltr'><strong>Br.</strong></span> <span class='ocrx_word' id='word_1_354' title='bbox 916 3532 965 3583; x_wconf 84' lang='lat' dir='ltr'><strong>d.</strong></span> <span class='ocrx_word' id='word_1_355' title='bbox 999 3534 1062 3583; x_wconf 82' lang='lat' dir='ltr'><strong>A.</strong></span> <span class='ocrx_word' id='word_1_356' title='bbox 1098 3532 1299 3584; x_wconf 82' lang='lat' dir='ltr'><strong>Paulus</strong></span> <span class='ocrx_word' id='word_1_357' title='bbox 1332 3548 1382 3583; x_wconf 88' lang='lat' dir='ltr'><strong>n.</strong></span> <span class='ocrx_word' id='word_1_358' title='bbox 1420 3533 1539 3583; x_wconf 88' lang='lat' dir='ltr'><strong>Cor.</strong></span> <span class='ocrx_word' id='word_1_359' title='bbox 1576 3547 1625 3583; x_wconf 80' lang='lat' dir='ltr'><strong>a.</strong></span> <span class='ocrx_word' id='word_1_360' title='bbox 1661 3533 1710 3582; x_wconf 82' lang='lat' dir='ltr'><strong>d.</strong></span> <span class='ocrx_word' id='word_1_361' title='bbox 1747 3532 1810 3583; x_wconf 87' lang='lat' dir='ltr'><strong>G.</strong></span> <span class='ocrx_word' id='word_1_362' title='bbox 1847 3532 1897 3584; x_wconf 81' lang='lat' dir='ltr'><strong>d.</strong></span> <span class='ocrx_word' id='word_1_363' title='bbox 1931 3535 2045 3583; x_wconf 78' lang='lat' dir='ltr'><strong>vier</strong></span> <span class='ocrx_word' id='word_1_364' title='bbox 2069 3534 2212 3583; x_wconf 83' lang='lat' dir='ltr'><strong>Part.</strong></span> <span class='ocrx_word' id='word_1_365' title='bbox 2249 3532 2386 3583; x_wconf 78' lang='lat' dir='ltr'><strong>Tub.</strong></span> <span class='ocrx_word' id='word_1_366' title='bbox 2415 3533 2566 3582; x_wconf 75' lang='lat'><strong>1838.</strong></span> <span class='ocrx_word' id='word_1_367' title='bbox 2617 3532 2683 3581; x_wconf 90' lang='lat' dir='ltr'><strong>D.</strong></span> <span class='ocrx_word' id='word_1_368' title='bbox 2711 3529 2980 3590; x_wconf 76' lang='lat' dir='ltr'><strong>Schenkel,</strong></span> <span class='ocrx_word' id='word_1_369' title='bbox 3015 3527 3070 3575; x_wconf 79' lang='lat' dir='ltr'><strong>de</strong></span> 
     </span>
     <span class='ocr_line' id='line_1_34' title="bbox 618 3612 3072 3685; baseline -0.004 -14"><span class='ocrx_word' id='word_1_370' title='bbox 618 3620 748 3671; x_wconf 91' lang='lat' dir='ltr'><strong>eccl.</strong></span> <span class='ocrx_word' id='word_1_371' title='bbox 775 3620 896 3671; x_wconf 89' lang='lat' dir='ltr'><strong>Cor.</strong></span> <span class='ocrx_word' id='word_1_372' title='bbox 922 3622 1195 3685; x_wconf 78' lang='lat' dir='ltr'><strong>primaeva</strong></span> <span class='ocrx_word' id='word_1_373' title='bbox 1217 3620 1343 3670; x_wconf 86' lang='lat' dir='ltr'><strong>fact.</strong></span> <span class='ocrx_word' id='word_1_374' title='bbox 1368 3620 1599 3671; x_wconf 86' lang='lat' dir='ltr'><strong>turbata.</strong></span> <span class='ocrx_word' id='word_1_375' title='bbox 1636 3620 1762 3671; x_wconf 86' lang='lat' dir='ltr'><strong>Bas.</strong></span> <span class='ocrx_word' id='word_1_376' title='bbox 1793 3620 1942 3671; x_wconf 85' lang='grc'><strong>1838.</strong></span> <span class='ocrx_word' id='word_1_377' title='bbox 1990 3618 2196 3682; x_wconf 79' lang='lat' dir='ltr'><strong>Lflcke,</strong></span> <span class='ocrx_word' id='word_1_378' title='bbox 2235 3618 2300 3669; x_wconf 90' lang='lat' dir='ltr'><strong>de</strong></span> <span class='ocrx_word' id='word_1_379' title='bbox 2327 3619 2474 3669; x_wconf 86' lang='lat' dir='ltr'><strong>Eccl.</strong></span> <span class='ocrx_word' id='word_1_380' title='bbox 2502 3634 2586 3684; x_wconf 88' lang='lat' dir='ltr'><strong>ap.</strong></span> <span class='ocrx_word' id='word_1_381' title='bbox 2623 3635 2676 3683; x_wconf 91' lang='lat' dir='ltr'><strong>p.</strong></span> <span class='ocrx_word' id='word_1_382' title='bbox 2705 3620 2822 3669; x_wconf 83' lang='lat'><strong>151.</strong></span> <span class='ocrx_word' id='word_1_383' title='bbox 2847 3634 2886 3667; x_wconf 88' lang='lat' dir='ltr'><strong>s.</strong></span> <span class='ocrx_word' id='word_1_384' title='bbox 2933 3612 3072 3666; x_wconf 79' lang='lat' dir='ltr'><strong>Gold-</strong></span> 
     </span>
     <span class='ocr_line' id='line_1_35' title="bbox 615 3700 3066 3773; baseline -0.003 -16"><span class='ocrx_word' id='word_1_385' title='bbox 615 3707 767 3770; x_wconf 89' lang='lat' dir='ltr'><strong>horn,</strong></span> <span class='ocrx_word' id='word_1_386' title='bbox 805 3707 889 3757; x_wconf 87' lang='lat' dir='ltr'><strong>die</strong></span> <span class='ocrx_word' id='word_1_387' title='bbox 928 3706 1339 3772; x_wconf 84' lang='lat' dir='ltr'><strong>Christuspartei</strong></span> <span class='ocrx_word' id='word_1_388' title='bbox 1374 3724 1441 3758; x_wconf 77' lang='lat' dir='ltr'><strong>su</strong></span> <span class='ocrx_word' id='word_1_389' title='bbox 1478 3707 1599 3757; x_wconf 88' lang='lat' dir='ltr'><strong>Cor.</strong></span> <span class='ocrx_word' id='word_1_390' title='bbox 1635 3708 1692 3757; x_wconf 89' lang='lat' dir='ltr'><strong>in</strong></span> <span class='ocrx_word' id='word_1_391' title='bbox 1725 3708 1877 3773; x_wconf 80' lang='lat' dir='ltr'><strong>Ilgen</strong></span> <span class='ocrx_word' id='word_1_392' title='bbox 1915 3708 1969 3757; x_wconf 90' lang='lat' dir='ltr'><strong>Z.</strong></span> <span class='ocrx_word' id='word_1_393' title='bbox 2009 3706 2042 3756; x_wconf 83' lang='lat' dir='ltr'><strong>f.</strong></span> <span class='ocrx_word' id='word_1_394' title='bbox 2081 3706 2131 3755; x_wconf 86' lang='lat' dir='ltr'><strong>h.</strong></span> <span class='ocrx_word' id='word_1_395' title='bbox 2169 3706 2268 3755; x_wconf 86' lang='lat' dir='ltr'><strong>Th.</strong></span> <span class='ocrx_word' id='word_1_396' title='bbox 2299 3706 2448 3756; x_wconf 81' lang='lat'><strong>1840.</strong></span> <span class='ocrx_word' id='word_1_397' title='bbox 2486 3706 2556 3766; x_wconf 89' lang='lat'><strong>11,</strong></span> <span class='ocrx_word' id='word_1_398' title='bbox 2593 3707 2710 3756; x_wconf 87' lang='grc'><strong>121.</strong></span> <span class='ocrx_word' id='word_1_399' title='bbox 2758 3704 2960 3764; x_wconf 67' lang='lat' dir='ltr'><strong>Dahne,</strong></span> <span class='ocrx_word' id='word_1_400' title='bbox 2993 3700 3066 3749; x_wconf 87' lang='lat' dir='ltr'><strong>die</strong></span> 
     </span>
     <span class='ocr_line' id='line_1_36' title="bbox 619 3790 3074 3861; baseline -0.004 -17"><span class='ocrx_word' id='word_1_401' title='bbox 619 3794 1050 3861; x_wconf 81' lang='lat' dir='ltr'><strong>Christuspartei.</strong></span> <span class='ocrx_word' id='word_1_402' title='bbox 1088 3810 1155 3844; x_wconf 80' lang='lat' dir='ltr'><strong>zu</strong></span> <span class='ocrx_word' id='word_1_403' title='bbox 1190 3794 1310 3844; x_wconf 88' lang='lat' dir='ltr'><strong>Cor.</strong></span> <span class='ocrx_word' id='word_1_404' title='bbox 1346 3793 1507 3843; x_wconf 88' lang='lat' dir='ltr'><strong>Halle</strong></span> <span class='ocrx_word' id='word_1_405' title='bbox 1544 3796 1694 3845; x_wconf 84' lang='lat'><strong>1841.</strong></span> <span class='ocrx_word' id='word_1_406' title='bbox 1743 3794 1831 3843; x_wconf 82' lang='lat' dir='ltr'><strong>Fr.</strong></span> <span class='ocrx_word' id='word_1_407' title='bbox 1867 3792 2091 3853; x_wconf 85' lang='lat' dir='ltr'><strong>Becker,</strong></span> <span class='ocrx_word' id='word_1_408' title='bbox 2129 3792 2214 3843; x_wconf 91' lang='lat' dir='ltr'><strong>die</strong></span> <span class='ocrx_word' id='word_1_409' title='bbox 2253 3792 2612 3858; x_wconf 81' lang='lat' dir='ltr'><strong>Parteiungen</strong></span> <span class='ocrx_word' id='word_1_410' title='bbox 2647 3793 2704 3841; x_wconf 89' lang='lat' dir='ltr'><strong>in</strong></span> <span class='ocrx_word' id='word_1_411' title='bbox 2741 3792 2836 3842; x_wconf 86' lang='lat' dir='ltr'><strong>der</strong></span> <span class='ocrx_word' id='word_1_412' title='bbox 2869 3790 3006 3841; x_wconf 77' lang='lat' dir='ltr'><strong>Geni.</strong></span> <span class='ocrx_word' id='word_1_413' title='bbox 3035 3802 3074 3835; x_wconf 75' lang='lat' dir='ltr'><strong>a.</strong></span> 
     </span>
     <span class='ocr_line' id='line_1_37' title="bbox 619 3876 3074 3945; baseline -0.002 -14"><span class='ocrx_word' id='word_1_414' title='bbox 619 3881 740 3931; x_wconf 88' lang='lat' dir='ltr'><strong>Cor.</strong></span> <span class='ocrx_word' id='word_1_415' title='bbox 775 3882 974 3931; x_wconf 80' lang='lat' dir='ltr'><strong>Altona</strong></span> <span class='ocrx_word' id='word_1_416' title='bbox 1000 3884 1150 3931; x_wconf 86' lang='lat'><strong>1842.</strong></span> <span class='ocrx_word' id='word_1_417' title='bbox 1198 3881 1441 3944; x_wconf 84' lang='lat' dir='ltr'><strong>Knievel,</strong></span> <span class='ocrx_word' id='word_1_418' title='bbox 1466 3880 1615 3931; x_wconf 86' lang='lat' dir='ltr'><strong>Eccl.</strong></span> <span class='ocrx_word' id='word_1_419' title='bbox 1643 3880 1765 3931; x_wconf 85' lang='lat' dir='ltr'><strong>Cor.</strong></span> <span class='ocrx_word' id='word_1_420' title='bbox 1789 3882 2060 3931; x_wconf 79' lang='lat' dir='ltr'><strong>vetustiss.</strong></span> <span class='ocrx_word' id='word_1_421' title='bbox 2096 3880 2220 3930; x_wconf 88' lang='lat' dir='ltr'><strong>diss.</strong></span> <span class='ocrx_word' id='word_1_422' title='bbox 2259 3878 2467 3929; x_wconf 80' lang='lat' dir='ltr'><strong>Gedani</strong></span> <span class='ocrx_word' id='word_1_423' title='bbox 2493 3880 2646 3929; x_wconf 80' lang='lat'><strong>1841.</strong></span> <span class='ocrx_word' id='word_1_424' title='bbox 2695 3878 2937 3945; x_wconf 65' lang='lat' dir='ltr'><strong>Rabiger,</strong></span> <span class='ocrx_word' id='word_1_425' title='bbox 2971 3876 3074 3925; x_wconf 78' lang='lat' dir='ltr'><strong>krit.</strong></span> 
     </span>
     <span class='ocr_line' id='line_1_38' title="bbox 617 3961 3077 4019; baseline -0.004 0"><span class='ocrx_word' id='word_1_426' title='bbox 617 3970 833 4019; x_wconf 88' lang='lat' dir='ltr'><strong>Unters.</strong></span> <span class='ocrx_word' id='word_1_427' title='bbox 868 3968 918 4017; x_wconf 89' lang='lat' dir='ltr'><strong>d.</strong></span> <span class='ocrx_word' id='word_1_428' title='bbox 956 3968 1007 4017; x_wconf 89' lang='lat' dir='ltr'><strong>h.</strong></span> <span class='ocrx_word' id='word_1_429' title='bbox 1044 3967 1107 4017; x_wconf 90' lang='lat' dir='ltr'><strong>B.</strong></span> <span class='ocrx_word' id='word_1_430' title='bbox 1146 3966 1195 4016; x_wconf 89' lang='lat' dir='ltr'><strong>d.</strong></span> <span class='ocrx_word' id='word_1_431' title='bbox 1235 3981 1282 4016; x_wconf 80' lang='lat' dir='ltr'><strong>a.</strong></span> <span class='ocrx_word' id='word_1_432' title='bbox 1322 3967 1475 4017; x_wconf 89' lang='lat' dir='ltr'><strong>Paul.</strong></span> <span class='ocrx_word' id='word_1_433' title='bbox 1511 3982 1579 4017; x_wconf 89' lang='lat' dir='ltr'><strong>an</strong></span> <span class='ocrx_word' id='word_1_434' title='bbox 1617 3967 1704 4017; x_wconf 84' lang='lat' dir='ltr'><strong>die</strong></span> <span class='ocrx_word' id='word_1_435' title='bbox 1741 3982 1847 4017; x_wconf 92' lang='lat' dir='ltr'><strong>cor.</strong></span> <span class='ocrx_word' id='word_1_436' title='bbox 1884 3966 2034 4017; x_wconf 86' lang='lat' dir='ltr'><strong>Gem.</strong></span> <span class='ocrx_word' id='word_1_437' title='bbox 2069 3967 2164 4015; x_wconf 87' lang='lat' dir='ltr'><strong>mit</strong></span> <span class='ocrx_word' id='word_1_438' title='bbox 2199 3966 2309 4016; x_wconf 84' lang='lat' dir='ltr'><strong>bes.</strong></span> <span class='ocrx_word' id='word_1_439' title='bbox 2349 3965 2645 4016; x_wconf 74' lang='lat' dir='ltr'><strong>Rueksioht</strong></span> <span class='ocrx_word' id='word_1_440' title='bbox 2681 3966 2782 4016; x_wconf 82' lang='lat' dir='ltr'><strong>auf</strong></span> <span class='ocrx_word' id='word_1_441' title='bbox 2811 3966 2893 4015; x_wconf 83' lang='lat' dir='ltr'><strong>die</strong></span> <span class='ocrx_word' id='word_1_442' title='bbox 2925 3965 2976 4013; x_wconf 86' lang='lat' dir='ltr'><strong>in</strong></span> <span class='ocrx_word' id='word_1_443' title='bbox 3006 3961 3077 4010; x_wconf 84' lang='lat' dir='ltr'><strong>ihr</strong></span> 
     </span>
     <span class='ocr_line' id='line_1_39' title="bbox 618 4048 3077 4120; baseline -0.004 -15"><span class='ocrx_word' id='word_1_444' title='bbox 618 4055 851 4106; x_wconf 78' lang='lat' dir='ltr'><strong>herr-sch.</strong></span> <span class='ocrx_word' id='word_1_445' title='bbox 888 4054 1159 4120; x_wconf 80' lang='lat' dir='ltr'><strong>Streitigk.</strong></span> <span class='ocrx_word' id='word_1_446' title='bbox 1194 4054 1363 4105; x_wconf 89' lang='lat' dir='ltr'><strong>Bresl.</strong></span> <span class='ocrx_word' id='word_1_447' title='bbox 1401 4055 1550 4104; x_wconf 78' lang='lat'><strong>1847.</strong></span> <span class='ocrx_word' id='word_1_448' title='bbox 1596 4071 1650 4119; x_wconf 91' lang='lat' dir='ltr'><strong>p.</strong></span> <span class='ocrx_word' id='word_1_449' title='bbox 1688 4056 1806 4103; x_wconf 78' lang='lat'><strong>214.</strong></span> <span class='ocrx_word' id='word_1_450' title='bbox 1841 4068 1882 4103; x_wconf 89' lang='lat' dir='ltr'><strong>s.</strong></span> <span class='ocrx_word' id='word_1_451' title='bbox 1947 4053 2147 4116; x_wconf 85' lang='lat' dir='ltr'><strong>Wette‚</strong></span> <span class='ocrx_word' id='word_1_452' title='bbox 2191 4054 2256 4103; x_wconf 80' lang='lat' dir='ltr'><strong>K.</strong></span> <span class='ocrx_word' id='word_1_453' title='bbox 2291 4052 2442 4103; x_wconf 86' lang='lat' dir='ltr'><strong>Erkl.</strong></span> <span class='ocrx_word' id='word_1_454' title='bbox 2480 4053 2529 4103; x_wconf 82' lang='lat' dir='ltr'><strong>d.</strong></span> <span class='ocrx_word' id='word_1_455' title='bbox 2565 4052 2656 4103; x_wconf 91' lang='lat' dir='ltr'><strong>Br.</strong></span> <span class='ocrx_word' id='word_1_456' title='bbox 2691 4068 2741 4102; x_wconf 88' lang='lat' dir='ltr'><strong>a.</strong></span> <span class='ocrx_word' id='word_1_457' title='bbox 2777 4052 2828 4102; x_wconf 89' lang='lat' dir='ltr'><strong>d.</strong></span> <span class='ocrx_word' id='word_1_458' title='bbox 2861 4052 2973 4102; x_wconf 88' lang='lat' dir='ltr'><strong>Cor.</strong></span> <span class='ocrx_word' id='word_1_459' title='bbox 3007 4048 3077 4099; x_wconf 87' lang='lat' dir='ltr'><strong>ed.</strong></span> 
     </span>
     <span class='ocr_line' id='line_1_40' title="bbox 618 4135 3081 4207; baseline -0.004 -13"><span class='ocrx_word' id='word_1_460' title='bbox 618 4144 863 4193; x_wconf 78' lang='lat' dir='ltr'><strong>Mesmer.</strong></span> <span class='ocrx_word' id='word_1_461' title='bbox 890 4142 987 4192; x_wconf 92' lang='lat'><strong>111.</strong></span> <span class='ocrx_word' id='word_1_462' title='bbox 1013 4142 1197 4207; x_wconf 78' lang='lat' dir='ltr'><strong>Leipz.</strong></span> <span class='ocrx_word' id='word_1_463' title='bbox 1228 4142 1378 4191; x_wconf 87' lang='grc'><strong>1855.</strong></span> <span class='ocrx_word' id='word_1_464' title='bbox 1405 4158 1455 4206; x_wconf 91' lang='lat' dir='ltr'><strong>p.</strong></span> <span class='ocrx_word' id='word_1_465' title='bbox 1482 4144 1560 4191; x_wconf 87' lang='grc'><strong>15.</strong></span> <span class='ocrx_word' id='word_1_466' title='bbox 1602 4142 1666 4191; x_wconf 80' lang='lat' dir='ltr'><strong>A.</strong></span> <span class='ocrx_word' id='word_1_467' title='bbox 1691 4142 1876 4203; x_wconf 86' lang='lat' dir='ltr'><strong>Maier,</strong></span> <span class='ocrx_word' id='word_1_468' title='bbox 1903 4141 2044 4191; x_wconf 86' lang='lat' dir='ltr'><strong>Einl.</strong></span> <span class='ocrx_word' id='word_1_469' title='bbox 2071 4158 2122 4205; x_wconf 90' lang='lat' dir='ltr'><strong>p.</strong></span> <span class='ocrx_word' id='word_1_470' title='bbox 2149 4142 2266 4191; x_wconf 88' lang='grc'><strong>256.</strong></span> <span class='ocrx_word' id='word_1_471' title='bbox 2305 4139 2507 4190; x_wconf 87' lang='lat' dir='ltr'><strong>Comm.</strong></span> <span class='ocrx_word' id='word_1_472' title='bbox 2531 4144 2583 4189; x_wconf 78' lang='lat' dir='ltr'><strong>fl.</strong></span> <span class='ocrx_word' id='word_1_473' title='bbox 2611 4139 2662 4191; x_wconf 84' lang='lat' dir='ltr'><strong>d.</strong></span> <span class='ocrx_word' id='word_1_474' title='bbox 2689 4146 2812 4189; x_wconf 76' lang='lat' dir='ltr'><strong>erst-</strong></span> <span class='ocrx_word' id='word_1_475' title='bbox 2837 4140 2922 4188; x_wconf 89' lang='lat' dir='ltr'><strong>Br.</strong></span> <span class='ocrx_word' id='word_1_476' title='bbox 2943 4135 3081 4187; x_wconf 76' lang='lat' dir='ltr'><strong>Pauli</strong></span> 
     </span>
     <span class='ocr_line' id='line_1_41' title="bbox 620 4226 3080 4293; baseline -0.005 -12"><span class='ocrx_word' id='word_1_477' title='bbox 620 4244 690 4281; x_wconf 87' lang='lat' dir='ltr'><strong>an</strong></span> <span class='ocrx_word' id='word_1_478' title='bbox 726 4230 813 4280; x_wconf 87' lang='lat' dir='ltr'><strong>die</strong></span> <span class='ocrx_word' id='word_1_479' title='bbox 850 4228 1146 4279; x_wconf 87' lang='lat' dir='ltr'><strong>Corinther.</strong></span> <span class='ocrx_word' id='word_1_480' title='bbox 1196 4229 1373 4277; x_wconf 87' lang='lat' dir='ltr'><strong>Freib.</strong></span> <span class='ocrx_word' id='word_1_481' title='bbox 1410 4230 1561 4279; x_wconf 85' lang='grc'><strong>1857.</strong></span> <span class='ocrx_word' id='word_1_482' title='bbox 1600 4246 1650 4293; x_wconf 89' lang='lat' dir='ltr'><strong>p.</strong></span> <span class='ocrx_word' id='word_1_483' title='bbox 1691 4232 1770 4278; x_wconf 91' lang='lat'><strong>11.</strong></span> <span class='ocrx_word' id='word_1_484' title='bbox 1809 4244 1851 4277; x_wconf 93' lang='lat' dir='ltr'><strong>s.</strong></span> <span class='ocrx_word' id='word_1_485' title='bbox 1911 4226 2106 4289; x_wconf 81' lang='lat' dir='ltr'><strong>Schaff,</strong></span> <span class='ocrx_word' id='word_1_486' title='bbox 2145 4226 2337 4277; x_wconf 84' lang='lat' dir='ltr'><strong>Gesch.</strong></span> <span class='ocrx_word' id='word_1_487' title='bbox 2375 4226 2425 4275; x_wconf 81' lang='lat' dir='ltr'><strong>d.</strong></span> <span class='ocrx_word' id='word_1_488' title='bbox 2459 4242 2546 4292; x_wconf 86' lang='lat' dir='ltr'><strong>ap.</strong></span> <span class='ocrx_word' id='word_1_489' title='bbox 2581 4226 2778 4277; x_wconf 84' lang='lat' dir='ltr'><strong>Kirche</strong></span> <span class='ocrx_word' id='word_1_490' title='bbox 2823 4242 2872 4291; x_wconf 89' lang='lat' dir='ltr'><strong>p.</strong></span> <span class='ocrx_word' id='word_1_491' title='bbox 2905 4226 3014 4274; x_wconf 82' lang='grc'><strong>290.</strong></span> <span class='ocrx_word' id='word_1_492' title='bbox 3045 4238 3080 4271; x_wconf 86' lang='lat' dir='ltr'><strong>s.</strong></span> 
     </span>
     <span class='ocr_line' id='line_1_42' title="bbox 619 4308 3080 4383; baseline -0.004 -18"><span class='ocrx_word' id='word_1_493' title='bbox 619 4316 819 4383; x_wconf 79' lang='lat' dir='ltr'><strong>Meyer,</strong></span> <span class='ocrx_word' id='word_1_494' title='bbox 846 4316 1046 4365; x_wconf 88' lang='lat' dir='ltr'><strong>Comm.</strong></span> <span class='ocrx_word' id='word_1_495' title='bbox 1076 4333 1126 4382; x_wconf 91' lang='lat' dir='ltr'><strong>p.</strong></span> <span class='ocrx_word' id='word_1_496' title='bbox 1152 4316 1200 4363; x_wconf 81' lang='lat'><strong>3.</strong></span> <span class='ocrx_word' id='word_1_497' title='bbox 1228 4330 1269 4363; x_wconf 89' lang='lat' dir='ltr'><strong>s.</strong></span> <span class='ocrx_word' id='word_1_498' title='bbox 1309 4317 1390 4363; x_wconf 88' lang='lat'><strong>21.</strong></span> <span class='ocrx_word' id='word_1_499' title='bbox 1417 4330 1459 4364; x_wconf 87' lang='lat' dir='ltr'><strong>s.</strong></span> <span class='ocrx_word' id='word_1_500' title='bbox 1507 4314 1715 4376; x_wconf 85' lang='lat' dir='ltr'><strong>Ewald‚</strong></span> <span class='ocrx_word' id='word_1_501' title='bbox 1750 4320 1919 4380; x_wconf 87' lang='lat' dir='ltr'><strong>apost.</strong></span> <span class='ocrx_word' id='word_1_502' title='bbox 1958 4314 2211 4363; x_wconf 87' lang='lat' dir='ltr'><strong>Zeitalter</strong></span> <span class='ocrx_word' id='word_1_503' title='bbox 2245 4330 2296 4379; x_wconf 92' lang='lat' dir='ltr'><strong>p.</strong></span> <span class='ocrx_word' id='word_1_504' title='bbox 2325 4313 2445 4363; x_wconf 84' lang='grc'><strong>467.</strong></span> <span class='ocrx_word' id='word_1_505' title='bbox 2470 4328 2512 4362; x_wconf 89' lang='lat' dir='ltr'><strong>s.</strong></span> <span class='ocrx_word' id='word_1_506' title='bbox 2563 4312 2649 4363; x_wconf 88' lang='lat' dir='ltr'><strong>W.</strong></span> <span class='ocrx_word' id='word_1_507' title='bbox 2683 4312 2987 4377; x_wconf 82' lang='lat' dir='ltr'><strong>Beyschlag‚</strong></span> <span class='ocrx_word' id='word_1_508' title='bbox 3023 4308 3080 4357; x_wconf 88' lang='lat' dir='ltr'><strong>de</strong></span> 
     </span>
     <span class='ocr_line' id='line_1_43' title="bbox 620 4398 3080 4467; baseline -0.003 -14"><span class='ocrx_word' id='word_1_509' title='bbox 620 4404 772 4453; x_wconf 88' lang='lat' dir='ltr'><strong>Eccl.</strong></span> <span class='ocrx_word' id='word_1_510' title='bbox 814 4402 937 4453; x_wconf 88' lang='lat' dir='ltr'><strong>Cor.</strong></span> <span class='ocrx_word' id='word_1_511' title='bbox 980 4403 1215 4453; x_wconf 85' lang='lat' dir='ltr'><strong>factione</strong></span> <span class='ocrx_word' id='word_1_512' title='bbox 1266 4401 1375 4451; x_wconf 90' lang='lat' dir='ltr'><strong>chr.</strong></span> <span class='ocrx_word' id='word_1_513' title='bbox 1432 4401 1555 4451; x_wconf 84' lang='lat' dir='ltr'><strong>Hal.</strong></span> <span class='ocrx_word' id='word_1_514' title='bbox 1602 4402 1752 4451; x_wconf 86' lang='grc'><strong>1861.</strong></span> <span class='ocrx_word' id='word_1_515' title='bbox 1799 4416 1850 4467; x_wconf 91' lang='lat' dir='ltr'><strong>p.</strong></span> <span class='ocrx_word' id='word_1_516' title='bbox 1893 4402 1974 4450; x_wconf 87' lang='grc'><strong>16.</strong></span> <span class='ocrx_word' id='word_1_517' title='bbox 2021 4418 2063 4451; x_wconf 87' lang='lat' dir='ltr'><strong>s.</strong></span> <span class='ocrx_word' id='word_1_518' title='bbox 2100 4401 2180 4451; x_wconf 90' lang='lat' dir='ltr'><strong>Id.</strong></span> <span class='ocrx_word' id='word_1_519' title='bbox 2225 4402 2280 4449; x_wconf 91' lang='lat' dir='ltr'><strong>in</strong></span> <span class='ocrx_word' id='word_1_520' title='bbox 2323 4414 2447 4450; x_wconf 85' lang='lat' dir='ltr'><strong>ann.</strong></span> <span class='ocrx_word' id='word_1_521' title='bbox 2491 4398 2644 4449; x_wconf 89' lang='lat' dir='ltr'><strong>Stud.</strong></span> <span class='ocrx_word' id='word_1_522' title='bbox 2683 4416 2736 4449; x_wconf 89' lang='lat' dir='ltr'><strong>u.</strong></span> <span class='ocrx_word' id='word_1_523' title='bbox 2779 4400 2906 4448; x_wconf 81' lang='lat' dir='ltr'><strong>Krit.</strong></span> <span class='ocrx_word' id='word_1_524' title='bbox 2947 4398 3080 4446; x_wconf 80' lang='grc'><strong>1865.</strong></span> 
     </span>
     <span class='ocr_line' id='line_1_44' title="bbox 622 4484 3080 4554; baseline -0.002 -17"><span class='ocrx_word' id='word_1_525' title='bbox 622 4506 673 4554; x_wconf 89' lang='lat' dir='ltr'><strong>p.</strong></span> <span class='ocrx_word' id='word_1_526' title='bbox 694 4490 812 4539; x_wconf 87' lang='grc'><strong>217.</strong></span> <span class='ocrx_word' id='word_1_527' title='bbox 832 4506 873 4539; x_wconf 86' lang='lat' dir='ltr'><strong>s.</strong></span> <span class='ocrx_word' id='word_1_528' title='bbox 928 4490 971 4553; x_wconf 81' lang='lat'><strong>⁴)</strong></span> <span class='ocrx_word' id='word_1_529' title='bbox 998 4489 1374 4551; x_wconf 85' lang='lat' dir='ltr'><strong>Pereuntibus,</strong></span> <span class='ocrx_word' id='word_1_530' title='bbox 1412 4489 1503 4553; x_wconf 88' lang='lat' dir='ltr'><strong>qui</strong></span> <span class='ocrx_word' id='word_1_531' title='bbox 1538 4488 1822 4537; x_wconf 83' lang='lat' dir='ltr'><strong>verborum</strong></span> <span class='ocrx_word' id='word_1_532' title='bbox 1857 4487 2136 4553; x_wconf 86' lang='lat' dir='ltr'><strong>phaleras,</strong></span> <span class='ocrx_word' id='word_1_533' title='bbox 2175 4486 2432 4536; x_wconf 79' lang='lat' dir='ltr'><strong>orationis</strong></span> <span class='ocrx_word' id='word_1_534' title='bbox 2467 4486 2742 4552; x_wconf 80' lang='lat' dir='ltr'><strong>pigmenta</strong></span> <span class='ocrx_word' id='word_1_535' title='bbox 2777 4490 2830 4536; x_wconf 89' lang='lat' dir='ltr'><strong>et</strong></span> <span class='ocrx_word' id='word_1_536' title='bbox 2863 4484 3080 4549; x_wconf 76' lang='lat' dir='ltr'><strong>argutias</strong></span> 
     </span>
     <span class='ocr_line' id='line_1_45' title="bbox 622 4569 3081 4640; baseline -0.004 -16"><span class='ocrx_word' id='word_1_537' title='bbox 622 4580 913 4640; x_wconf 85' lang='lat' dir='ltr'><strong>quaerunt,</strong></span> <span class='ocrx_word' id='word_1_538' title='bbox 960 4576 1133 4626; x_wconf 86' lang='lat' dir='ltr'><strong>crucis</strong></span> <span class='ocrx_word' id='word_1_539' title='bbox 1182 4574 1379 4625; x_wconf 86' lang='lat' dir='ltr'><strong>Christi</strong></span> <span class='ocrx_word' id='word_1_540' title='bbox 1423 4574 1752 4640; x_wconf 84' lang='lat' dir='ltr'><strong>praedicatio</strong></span> <span class='ocrx_word' id='word_1_541' title='bbox 1789 4574 2054 4623; x_wconf 83' lang='lat' dir='ltr'><strong>amentiae</strong></span> <span class='ocrx_word' id='word_1_542' title='bbox 2091 4578 2460 4639; x_wconf 77' lang='lat' dir='ltr'><strong>argumentum</strong></span> <span class='ocrx_word' id='word_1_543' title='bbox 2495 4586 2616 4624; x_wconf 86' lang='lat' dir='ltr'><strong>esse</strong></span> <span class='ocrx_word' id='word_1_544' title='bbox 2664 4573 2893 4635; x_wconf 77' lang='lat' dir='ltr'><strong>videtui-3</strong></span> <span class='ocrx_word' id='word_1_545' title='bbox 2939 4569 3081 4619; x_wconf 81' lang='lat' dir='ltr'><strong>nobis</strong></span> 
     </span>
    </p>
   </div>
   <div class='ocr_carea' id='block_1_5' title="bbox 3183 17 3188 727">
    <p class='ocr_par' dir='ltr' id='par_1_5' title="bbox 3183 17 3188 727">
     <span class='ocr_line' id='line_1_46' title="bbox 3183 17 3188 727; baseline 0 0"><span class='ocrx_word' id='word_1_546' title='bbox 3183 17 3188 727; x_wconf 95' lang='lat' dir='ltr'><strong> </strong></span> 
     </span>
    </p>
   </div>
  </div>
 </body>
</html>
