3267 5259
1164 459 1255 501 Iter
1280 457 1407 501 Pauli
1436 458 1575 499 maius
1602 458 1798 499 tertium.
2063 502 2070 511 ,
2593 444 2722 509 379

232 640 359 697 illos
387 644 553 698 actae
584 638 933 698 institutum
960 640 1339 715 exposuisset,
1372 658 1577 717 eosque
1606 640 1673 695 in
1699 642 1870 695 testes
1899 638 2258 697 assumsisset
2292 657 2530 696 suorum
2559 637 2720 695 labo·

232 764 377 813 rum,
418 744 865 820 perpessionum
911 748 970 802 et·
998 742 1395 813 lacrimarum,
1440 744 1677 801 taudem
1715 742 2072 817 significavit
2115 742 2344 800 etiamsi
2387 762 2506 801 non
2537 742 2712 818 plane

234 852 598 925 perspectum
628 849 890 920 haberet,
925 848 1029 927 qui
1058 848 1217 906 locus
1246 848 1484 905 futurus
1515 852 1680 917 esset,
1729 848 1832 905 ubi
1863 846 1976 905 sibi
2006 846 2347 922 patiendum
2376 847 2556 915 foret3
2595 866 2719 903 cer-

233 954 451 1011 tissime
484 958 683 1011 tamen
712 972 773 1011 se
794 954 943 1011 scire
962 952 1309 1027 gravissima
1331 971 1592 1030 quaeque
1614 970 1684 1009 ac
1705 953 2000 1011 dirissima
2019 952 2134 1011 sibi
2167 956 2254 1009 tot
2277 951 2396 1009 iam
2420 952 2720 1009 aerumnis

230 1058 445 1115 iactato
474 1058 717 1115 instare.
764 1057 869 1115 Nil
918 1062 1113 1114 tamen
1142 1076 1201 1114 se
1230 1062 1664 1115 remoraturum
1708 1056 1998 1131 professus
2043 1062 2130 1114 est
2145 1100 2160 1125 ,
2215 1057 2360 1134 quin
2413 1054 2716 1113 commisso

230 1162 341 1219 sibi
368 1180 617 1219 munere
648 1166 807 1219 totus
836 1161 1150 1218 insisteret.
1198 1160 1615 1218 Commendata
1643 1160 1852 1217 deinde
1897 1159 2018 1217 illis
2063 1159 2322 1219 Ecclesia
2365 1159 2476 1217 Dei
2506 1157 2542 1229 ¹,
2593 1166 2720 1234 post

230 1268 383 1323 fusas
432 1284 647 1341 preces,
694 1270 825 1341 post
868 1265 1173 1340 amplexus
1213 1270 1272 1322 et·
1315 1264 1525 1336 oscula,
1575 1284 2026 1343 supremumque
2069 1264 2202 1323 vale
2249 1265 2484 1322 tandem
2535 1262 2712 1338 profi-

230 1370 479 1429 ciscendi
512 1370 852 1427 necessitate
883 1368 1213 1445 compulsus
1259 1368 1565 1443 navigium
1612 1370 1943 1428 conscendit
1963 1366 2006 1427 ².
2055 1368 2280 1427 Ultimo
2325 1368 2714 1444 Jerosolymas

232 1477 297 1533 ad
330 1475 715 1533 Pentecosten
746 1475 1040 1533 rediturus
1071 1478 1228 1533 recto
1259 1493 1429 1532 cursu
1462 1473 1662 1544 Coum,
1698 1474 1792 1532 die
1821 1478 2048 1551 postero
2081 1474 2354 1532 Rhodum
2389 1493 2456 1531 ac
2485 1475 2716 1530 demum

234 1581 509 1637 Pataram
538 1579 813 1655 pervenit
830 1576 873 1637 ³.
922 1578 1085 1637 Hinc
1122 1577 1243 1636 alia
1270 1597 1579 1637 conscensa
1624 1579 1786 1650 navi,
1833 1597 1982 1655 quae
2025 1579 2088 1635 in
2127 1578 2503 1637 Phoeniciam
2551 1579 2717 1635 traii-

232 1686 435 1755 ciebat,
462 1683 730 1759 Cyprum
752 1681 949 1756 legens
973 1682 1197 1760 Tyrum
1218 1682 1468 1758 appulit.
1493 1682 1607 1739 Per
1628 1681 1962 1757 septiduum
1987 1684 2050 1739 in
2073 1701 2142 1739 ea
2163 1684 2308 1740 urbe
2331 1688 2718 1741 commoratus

232 1808 357 1847 cum
402 1788 713 1865 discipulis
758 1788 1229 1847 conversabatur.
1279 1786 1564 1849 Quamvis
1617 1791 1815 1845 autem
1867 1792 2203 1845 moneretur
2253 1789 2326 1845 ab
2379 1786 2479 1857 eis,
2533 1806 2608 1844 ne
2658 1806 2718 1843 se

230 1894 262 1949 J
266 1892 616 1970 erosolymas
655 1892 961 1963 conferret,
1010 1890 1253 1951 minime
1302 1895 1603 1951 obsecutus
1645 1898 1702 1949 et
1741 1892 1812 1950 ad
1851 1911 2082 1949 omnem
2130 1896 2406 1949 eventum
2453 1896 2710 1966 paratus,

231 1997 457 2057 solvens
478 1998 907 2057 Ptolemaidem
928 1998 1137 2055 deinde
1153 1997 1493 2055 Caesaream
1514 1998 1743 2057 delatus
1767 2000 1869 2055 est.
1900 1997 2018 2055 Hic
2042 1996 2310 2072 pluribus
2336 1997 2540 2053 diebus
2563 1996 2716 2071 apud

234 2102 578 2178 Philippum
608 2102 921 2161 diaconum
949 2102 1185 2159 mansit.
1236 2102 1519 2159 versante
1543 2102 1852 2161 Caesareae
1881 2122 1926 2159 s.
1952 2101 2139 2159 Paulo
2167 2102 2402 2174 Agabus
2434 2102 2719 2175 propheta

232 2213 417 2264 sumto
445 2205 685 2281 cingulo
710 2206 974 2282 Apostoli
996 2205 1111 2264 sibi
1134 2224 1343 2263 manus
1364 2210 1423 2263 et
1448 2206 1615 2281 pedes
1641 2206 1860 2277 vinxit,
1889 2211 2064 2284 atque
2087 2224 2154 2263 eo
2181 2206 2350 2263 modo
2381 2206 2436 2262 d.
2465 2204 2714 2262 Paulum

232 2311 291 2367 in
320 2310 567 2369 vincula
596 2330 633 2368 a
660 2310 899 2368 Judaeis
929 2310 1277 2368 tradendum
1308 2309 1625 2387 praedixit.
1675 2310 1788 2367 His
1817 2311 1962 2369 visis
1994 2310 2324 2388 auditisque
2369 2328 2564 2367 omnes
2613 2310 2716 2387 qui

233 2414 489 2485 aderant,
534 2414 590 2471 ei
634 2420 894 2473 auctores
937 2420 1107 2472 erant
1146 2434 1219 2471 ne
1256 2416 1373 2473 iter
1407 2420 1871 2493 prosequeretur.
1920 2414 2148 2477 Quibus
2186 2413 2430 2473 minime
2478 2414 2718 2471 territus

234 2518 559 2595 Apostolus,
607 2519 762 2597 quod
800 2538 907 2577 nec
960 2519 1285 2594 ignorabat,
1335 2540 1482 2598 quae
1534 2520 2010 2595 praemonebant,
2062 2524 2310 2578 mortem
2365 2519 2550 2595 ipsam
2608 2537 2714 2595 pro

232 2622 460 2681 Christo
506 2643 569 2681 se
611 2623 999 2681 libentissime
1044 2644 1349 2699 passurum
1398 2624 1688 2700 profefflus
1731 2630 1836 2682 est.
1885 2626 2012 2683 Iter
2056 2624 2300 2700 proinde
2346 2624 2719 2682 continuavit

232 2746 358 2784 cum
408 2727 641 2805 aliquot
684 2727 1161 2785 caesareensibus
1208 2733 1268 2785 et
1312 2728 1591 2787 Mnasone
1638 2729 1882 2805 Cyprio,
1931 2729 2152 2786 dudum
2203 2728 2324 2785 iam
2377 2728 2712 2798 christiano,

232 2832 379 2906 apud
409 2850 589 2911 quem
619 2830 1021 2889 diver-saturus
1053 2838 1195 2903 erat,
1230 2833 1467 2891 tandem
1496 2832 1533 2890 J
1535 2833 1886 2911 erosolymas
1917 2835 2211 2908 ingressus
2243 2839 2331 2890 est
2346 2830 2390 2891 ⁴.

432 3020 711 3087 Diqressio,
758 3020 817 3071 de
860 3018 980 3071 urbe
1021 3024 1067 3071 et
1109 3021 1449 3091 superstitione
1494 3022 1830 3091 sphesiomm.
1907 3019 2070 3070 Nulla
2115 3020 2273 3071 Asiae
2319 3020 2542 3070 Minoris
2589 3020 2714 3071 urbs

234 3106 393 3170 magis
417 3105 693 3155 celebrata
718 3110 835 3154 erat
858 3106 1151 3170 antiquitus
1190 3120 1349 3172 quam
1386 3106 1716 3172 Ephesus,
1754 3106 1949 3157 Joniae
1987 3108 2310 3173 metropolis.
2359 3108 2432 3157 Et
2471 3114 2714 3158 naturam

232 3190 503 3242 fautricem
541 3206 607 3241 ea
642 3190 857 3253 hahuit,
905 3196 959 3241 et
994 3191 1229 3241 humana
1273 3192 1535 3243 industria
1571 3200 1735 3260 atque
1773 3198 1886 3243 arte
1924 3195 2138 3244 exculta
2174 3195 2288 3244 fuit.
2352 3193 2484 3243 Cum
2524 3210 2712 3261 oppor-
2791 3232 2796 3237 .

232 3282 355 3329 tuno
388 3279 649 3344 imprimis
684 3276 805 3329 loco
832 3306 897 3315 ——
922 3278 979 3327 in
1016 3284 1249 3329 extremo
1277 3280 1437 3330 Asiae
1474 3280 1697 3331 Minoris
1731 3280 1887 3331 litore
1926 3308 1990 3317 —
2029 3283 2132 3330 sita
2168 3286 2337 3344 esset3
2375 3298 2471 3347 per
2508 3296 2622 3331 eam
2663 3286 2716 3329 et

232 3364 265 3413 ii
311 3365 407 3415 iter
450 3365 752 3427 faciebant,
800 3366 891 3430 qui
927 3382 992 3415 ex
1030 3364 1184 3431 Syria
1233 3373 1393 3433 atque
1438 3368 1681 3433 Aegypto
1726 3368 1782 3417 in
1830 3366 2110 3418 Graeciam
2147 3367 2518 3418 Macedoniam
2567 3366 2712 3417 adia-

232 3458 513 3519 centesque
560 3452 806 3518 regiones
854 3452 1209 3519 navigabant,
1262 3458 1316 3504 et
1360 3456 1447 3521 qui
1494 3470 1557 3504 ex
1592 3454 1724 3505 Asia
1769 3455 2136 3521 proconsulari
2173 3456 2396 3505 Romam
2441 3456 2712 3521 petebant,

232 3544 323 3587 aut
364 3538 489 3589 hinc
538 3554 603 3589 eo
652 3538 917 3590 redibant.
990 3540 1261 3606 Ephesum
1309 3542 1491 3606 itaque
1541 3544 1912 3595 commercium
1961 3558 2080 3592 cum
2127 3544 2395 3609 ingentem
2443 3542 2712 3593 hominum

234 3642 498 3677 numerum
538 3625 839 3701 alliciebat,
887 3632 999 3677 tum
1041 3643 1266 3694 magnas
1314 3628 1528 3679 divitias
1574 3629 1805 3679 advexit.
1865 3630 2046 3680 Veluti
2089 3630 2286 3696 insigni
2333 3636 2386 3680 et
2431 3630 2712 3696 principali

232 3714 503 3779 metropoli
542 3708 855 3780 ,,νεωκόρος“
891 3714 1009 3765 Act.
1048 3716 1127 3778 19,
1164 3716 1247 3765 35.
1296 3714 1493 3779 dictae,
1542 3716 1805 3782 integrum
1842 3722 1956 3767 erat
1991 3716 2454 3768 Asiarcharum
2505 3720 2594 3779 19,
2630 3718 2712 3767 31.

232 3802 263 3847 i.
301 3816 349 3849 e.
382 3800 787 3866 magistratuum
832 3801 1059 3867 principi
1104 3802 1224 3852 loco
1272 3802 1571 3853 habitorum
1617 3804 1871 3869 auspiciis
1917 3803 2070 3855 ludos
2118 3805 2364 3855 solennes
2403 3806 2712 3854 convocatis

232 3886 511 3936 foederatis
549 3886 724 3936 edere.
752 3914 819 3925 --
845 3885 927 3937 cf.
955 3886 1161 3951 Sibai-ii,
1188 3888 1312 3939 diss.
1340 3888 1405 3939 de
1430 3889 1698 3939 Asiarchis
1735 3890 1788 3939 in
1825 3890 1982 3940 Thes.
2010 3890 2082 3940 th.
2121 3908 2170 3957 p.
2198 3893 2314 3941 488.
2343 3907 2382 3941 s.
2427 3891 2710 3953 Han-duini,

232 3988 367 4022 num.
402 3974 563 4038 antiq.
598 3973 791 4023 illustr.
827 3972 927 4040 Op.
964 3974 1057 4024 sel.
1096 3992 1145 4040 p.
1186 3976 1301 4025 145.
1361 3973 1601 4038 Seldeni,
1643 3981 1749 4026 not.
1785 3976 1852 4025 ad
1887 3976 2146 4041 Eutychis
2186 3978 2312 4042 orig.
2348 3975 2498 4027 Alex.
2538 3995 2586 4042 p.
2629 3979 2710 4026 13.

231 4057 292 4107 G.
320 4058 597 4126 Coppland
621 4062 815 4127 Perry,
854 4060 919 4111 de
954 4060 1116 4112 rebus
1152 4062 1381 4128 politicis
1416 4060 1786 4127 Ephesiorum.
1827 4062 1970 4113 Gott.
2001 4066 2149 4114 1837.
2187 4064 2316 4113 Ern.
2345 4062 2501 4123 Guhl,
2531 4062 2708 4129 Ephe-

230 4312 349 4376 ipsa
380 4312 591 4378 Epheso
629 4312 763 4363 urbe
802 4312 1051 4363 adeunda
1088 4312 1299 4364 efficere
1336 4316 1611 4381 potuisset.
1653 4316 1732 4366 cf.
1771 4316 1840 4365 H.
1875 4316 2142 4379 Bouman,
2181 4316 2306 4367 diss.
2342 4317 2408 4367 de
2445 4318 2598 4368 Pauli
2641 4318 2710 4369 ad

230 4399 561 4463 presbyteros
598 4400 934 4466 Ephesiacos
972 4402 1213 4451 oratione
1259 4402 1621 4452 valedictoria.
1670 4402 1810 4453 Trai.
1848 4417 1894 4452 a.
1933 4403 2028 4453 Rh.
2068 4404 2216 4453 1829.
2253 4420 2304 4469 p.
2340 4405 2387 4454 8.
2425 4422 2465 4455 s.
2517 4407 2632 4455 166.
2669 4422 2710 4456 s.

436 4486 473 4550 ¹)
512 4488 685 4549 Quam
724 4488 887 4537 Pater
922 4488 1003 4537 sui
1042 4490 1240 4555 proprii
1278 4488 1401 4538 Filii
1440 4492 1700 4555 sanguine
1748 4506 1998 4556 sponsam
2045 4491 2146 4542 sibi
2193 4492 2453 4542 iunxerat.
2517 4492 2557 4559 2)
2594 4494 2711 4543 Act.

230 4572 311 4632 20,
354 4572 563 4623 17—38.
621 4574 663 4638 ³)
700 4573 905 4638 Lyciae
940 4575 1085 4635 urbs,
1125 4589 1264 4641 quae
1299 4574 1535 4641 Apollini
1573 4576 1802 4627 Patareo
1842 4576 1988 4642 apud
2023 4578 2300 4627 Horatium
2337 4578 2372 4627 l.
2407 4578 2505 4629 111.
2542 4579 2627 4629 od.
2661 4582 2710 4630 4.

230 4672 418 4708 nomen
453 4658 612 4709 dedit.
676 4658 719 4724 ⁴)
756 4660 875 4709 Act.
902 4662 985 4721 21,
1014 4663 1199 4710 1—16.
