3267 5259
546 372 673 439 518
1289 386 1403 427 Hist.
1434 386 1539 429 st.
1570 384 1658 429 div.
1691 385 1856 429 Period.
1887 386 1942 427 11.
1963 396 2058 439 cap.
2087 387 2286 427 alterum.

550 567 865 625 Canticum
898 567 1271 627 Canticorum
1310 568 1635 627 Salomonis
1659 566 1698 626 ¹.
1747 568 1968 627 'sextus
1999 569 2456 645 Apocalypticus
2485 568 2604 625 fere
2633 569 2818 627 talem
2857 569 3036 626 habet

547 692 799 743 sensum,
835 692 1011 751 quam
1042 673 1394 750 symbolicus
1414 670 1462 731 ².
1510 674 1778 732 Visiones
1807 676 1872 731 in
1901 675 2090 732 forma
2119 676 2500 732 drammatica
2543 674 2926 745 exhibentur,
2957 694 3036 730 ex

548 797 614 835 eo
645 784 840 835 autem
872 778 1115 837 minime
1144 782 1427 857 sequitur,
1462 781 1617 857 quod
1649 780 1914 837 dramma
1943 780 2236 855 poeticum
2265 778 2344 837 sit
2362 776 2404 837 ³.
2459 778 2594 854 Ipsa
2623 798 2768 837 vero
2797 778 3036 851 singula

546 882 811 959 symbola
840 882 1269 961 Apocalypseos
1312 890 1452 943 sunt
1495 882 1975 960 perfectissima&
2025 884 2244 941 Verum
2284 890 2352 942 ut
2393 882 2798 961 symbolorum
2841 883 3034 941 artifi-

546 986 703 1045 cium
750 987 911 1065 parit
956 988 1321 1059 varietatem,
1379 990 1467 1047 ita
1509 994 1568 1047 et
1600 991 2041 1058 obscuritatem3
2089 1008 2237 1067 quae
2287 994 2452 1047 tanta
2495 992 2600 1059 est,
2655 993 2724 1045 ut
2769 988 3036 1046 omnium

550 1092 943 1168 interpretum
984 1093 1306 1152 communis
1346 1112 1656 1151 consensus
1683 1094 1789 1163 sit3
1837 1114 1882 1151 s.
1917 1093 2270 1169 Scriptorem
2299 1094 2373 1151 iis
2407 1113 2577 1151 usum
2608 1095 2782 1151 rebus
2811 1101 2872 1150 et
2899 1112 3032 1150 sen-

553 1198 777 1269 tentiis,
813 1197 1027 1275 quibus
1057 1198 1224 1256 nulla
1254 1218 1555 1277 nunquam
1587 1198 1925 1257 difficiliora
1954 1198 2144 1256 literis
2173 1199 2336 1257 fuere
2367 1200 2659 1256 mandata.
2705 1198 2803 1269 ,Et
2833 1200 2898 1255 in
2925 1198 3038 1255 hoc

547 1302 785 1379 quidem
836 1302 1034 1373 Libro,
1086 1302 1173 1360 ait
1216 1324 1261 1361 s.
1310 1304 1682 1377 Augustinus
1708 1300 1748 1374 ⁵,
1803 1304 2042 1361 obscure
2088 1303 2278 1360 multa
2320 1304 2616 1375 dicunt-ur,
2665 1308 2734 1361 ut
2777 1307 3036 1361 mentem

548 1406 793 1481 legentis
842 1412 1171 1477 exerceant,
1218 1412 1277 1465 et
1322 1425 1507 1483 pauca
1536 1406 1599 1465 in
1632 1427 1698 1465 eo
1727 1414 1882 1478 sunt,
1933 1428 2008 1465 ex
2054 1426 2304 1485 quorum
2343 1407 2816 1465 manifestatione
2865 1408 3032 1465 inda-

547 1516 761 1585 gentur
791 1515 985 1569 cetera
1012 1530 1145 1569 cum
1178 1510 1403 1581 lab01·e;
1438 1513 1696 1569 maxime
1726 1512 1867 1589 quia
1895 1513 1979 1571 sic
2007 1513 2210 1569 eadem
2240 1511 2446 1571 multis
2475 1511 2661 1570 modis
2699 1514 2930 1589 repetit,
2965 1518 3036 1569 ut

548 1616 667 1674 alia
689 1621 863 1693 atque
888 1616 1007 1673 alia
1029 1617 1218 1673 dicere
1234 1617 1527 1688 videatur,
1548 1636 1681 1677 cum
1707 1616 1881 1675 aliter
1905 1622 2078 1695 atque
2101 1618 2246 1675 haec
2267 1618 2394 1693 ipsa
2414 1618 2605 1675 dicere
2628 1618 2970 1691 voetigetur‘
2987 1616 3031 1673 ὅ.

550 1722 711 1779 Haec
734 1721 837 1779 ubi
871 1726 1093 1779 attente
1124 1722 1579 1793 consideramus,
1614 1722 2002 1781 certissimum
2033 1722 2199 1781 nobis
2229 1728 2315 1780 est
2343 1723 2762 1799 Apocalypsim
2793 1723 3036 1779 univer-

546 1846 669 1883 sam
694 1828 751 1883 d.
776 1826 993 1883 Joanni
1024 1826 1201 1885 fuisse
1230 1832 1535 1897 ostensam,
1568 1846 1635 1885 ac
1665 1847 1770 1903 per
1799 1846 1934 1885 eum
1957 1826 2244 1885 Ecclesiae
2269 1828 2573 1895 traditam3
2607 1832 2676 1883 nt
2705 1828 3036 1884 maximum

548 1930 685 1988 inde
716 1934 945 2007 caperet
976 1930 1267 2003 solatium,
1304 1936 1392 1989 tot
1422 1950 1489 1989 ac
1524 1936 1717 1989 tantas
1748 1931 2176 2001 tribulationes,
2211 1950 2354 2009 quas
2383 1933 2691 2008 oportebat
2719 1938 2778 1989 et
2807 1940 3036 2006 oportet

547 2036 867 2093 secundum
890 2036 1121 2093 diversa
1152 2040 1483 2111 temporum
1511 2036 1832 2096 intervalla
1861 2037 2108 2113 perpeti,
2143 2035 2316 2094 illum
2347 2037 2582 2095 tandem
2611 2037 2841 2094 exitum
2865 2035 3036 2093 habi-

758 2314 797 2377 ¹)
838 2312 983 2363 Idem
1020 2312 1073 2361 S.
1114 2312 1360 2379 Spiritus,
1399 2314 1491 2379 qui
1528 2312 1627 2363 fuit
1663 2312 1786 2362 olim
1837 2312 2220 2379 Prophetarum
2267 2317 2440 2363 motor
2487 2320 2540 2364 et
2575 2312 2662 2363 hic
2709 2316 3036 2380 agnoscitur,

550 2402 643 2452 ubi
679 2406 794 2451 tota
828 2402 926 2463 vis,
966 2400 1302 2466 pulchritudo
1344 2406 1397 2449 et
1432 2402 1683 2450 maiestas
1721 2401 2062 2466 antiquarum
2087 2400 2495 2466 Prophetiarum
2531 2400 2861 2466 resplendet3
2899 2402 3040 2451 adeo

551 2493 610 2538 ut
636 2486 876 2539 Christus
914 2488 984 2537 sit
1018 2502 1213 2553 scopus
1251 2494 1303 2537 et
1342 2488 1521 2537 anima
1547 2488 1883 2553 Prophetiae,
1921 2490 1974 2539 in
2015 2503 2122 2553 qua
2159 2488 2376 2553 quidem
2412 2488 2706 2548 exhibetur,
2741 2494 2802 2537 ut
2835 2491 3035 2539 veritas

550 2574 674 2625 olim
726 2574 951 2641 figurata
986 2590 1081 2641 per
1116 2575 1315 2640 Legem
1366 2580 1419 2624 et
1454 2574 1768 2641 Prophetas.
1817 2576 1982 2641 Apoc.
2022 2577 2104 2637 22,
2143 2576 2192 2625 6.
2249 2574 2290 2639 2)
2333 2574 2632 2625 Nobiliores
2667 2576 2732 2625 V.
2757 2576 2822 2625 Τ.
2855 2581 3038 2642 partes

550 2668 603 2711 et
639 2662 901 2727 integrum
950 2677 1169 2727 prorsus
1207 2660 1488 2713 Canticum
1528 2662 1586 2711 C.
1626 2668 1686 2713 ut
1722 2678 1787 2712 ex
1825 2662 2226 2729 Apocalypseos
2273 2664 2410 2712 serie
2460 2662 2808 2727 colliguntur,
2861 2664 3034 2713 crudi—

552 2750 747 2798 tissime
786 2751 1031 2814 exposuit
1066 2749 1223 2809 idem,
1262 2764 1419 2814 quem
1456 2750 1559 2799 iam
1598 2748 1951 2811 laudavimus,
1991 2750 2054 2799 L.
2091 2750 2159 2799 ab
2199 2749 2437 2809 Alcasar‚
2477 2764 2562 2815 op.
2599 2749 2749 2799 Libri
2798 2751 3035 2815 quinque

548 2837 603 2884 in
642 2850 734 2885 eas
773 2836 888 2884 Vet.
928 2836 1071 2885 Test.
1110 2840 1289 2901 partes
1327 2850 1459 2901 quas
1498 2837 1716 2902 respicit
1751 2836 2121 2902 Apocalypsis.
2161 2836 2332 2901 Lugd.
2363 2838 2512 2885 1631.
2563 2836 2640 2885 Cf.
2679 2853 2725 2885 e.
2751 2836 3034 2899 Luthardt,

549 2921 635 2971 die
682 2922 889 2971 Offenb.
928 2921 1049 2971 Joh.
1089 2922 1273 2988 Leipz.
1313 2924 1465 2973 1861.
1502 2940 1552 2988 p.
1592 2926 1638 2973 8.
1677 2940 1719 2973 s.
1783 2922 1824 2987 ³)
1865 2923 1954 2973 Uti
2004 2923 2234 2973 docuere
2289 2922 2519 2983 Herder‚
2570 2916 2742 2989 Μαρὰν
2791 2918 2886 2973 ἀθά
2937 2924 3036 2975 das

548 3009 700 3059 Buch
736 3024 842 3059 von
879 3008 974 3059 der
1012 3009 1249 3059 Zukunft
1284 3010 1377 3061 des
1416 3010 1589 3061 Herrn
1628 3010 1724 3061 des
1761 3010 1824 3059 N.
1864 3011 1925 3059 T.
1965 3009 2156 3075 Siegel.
2195 3011 2332 3075 Riga
2371 3012 2519 3060 1779.
2558 3028 2610 3075 p.
2649 3012 2770 3059 242.
2797 3028 2840 3061 s.
2889 3011 2942 3061 J.
2968 3010 3036 3061 G.

548 3096 837 3158 Eichhorn,
877 3095 1075 3147 Comm.
1110 3097 1164 3145 in
1200 3097 1365 3162 Apoc.
1392 3096 1588 3147 Joann.
1618 3096 1762 3147 Gott.
1793 3099 1942 3147 1791.
1970 3096 2011 3159 1,
2043 3100 2122 3146 15.
2149 3111 2191 3146 s.
2241 3096 2304 3146 G.
2331 3097 2399 3145 H.
2427 3098 2486 3146 A.
2513 3096 2722 3159 Ewald,
2751 3096 2952 3147 Comm.
2977 3100 3035 3147 in

548 3182 713 3249 Apoc.
741 3198 888 3248 exeg.
916 3188 969 3233 et
995 3185 1109 3233 crit.
1134 3184 1283 3248 Lips.
1314 3184 1462 3233 1828.
1489 3201 1539 3250 p.
1571 3185 1652 3233 16.
1679 3198 1721 3233 s.
1779 3184 2024 3233 Formam
2075 3184 2472 3233 drammaticam
2519 3185 2574 3232 in
2623 3183 2677 3233 S.
2719 3182 2772 3234 S.
2811 3186 3034 3250 reperiri

551 3269 752 3332 damus,
792 3269 1029 3319 dramma
1064 3271 1289 3319 inveniri
1338 3284 1608 3335 negamus.
1663 3272 1726 3320 V.
1766 3270 1964 3321 Comm.
2005 3270 2070 3320 de
2109 3269 2160 3320 S.
2201 3270 2255 3319 S.
2293 3272 2357 3320 ei.
2395 3272 2611 3335 interpr.
2687 3272 2728 3335 ⁴)
2767 3272 3034 3323 Perfectio

549 3372 777 3422 namque
814 3356 1174 3422 symbolorum
1220 3358 1325 3407 sita
1358 3362 1438 3407 est
1474 3359 1527 3406 in
1565 3364 1694 3423 apta
1729 3359 2086 3423 proportione,
2133 3372 2272 3423 quae
2315 3360 2450 3407 inter
2485 3357 2784 3422 symbolum
2823 3374 2892 3409 ac
2925 3376 3036 3409 rem

548 3460 645 3510 per
678 3442 812 3493 illud
848 3442 1199 3509 significatam
1247 3446 1522 3508 reperitur.
1584 3445 1660 3493 Ac
1699 3446 1785 3493 vix
1822 3444 1969 3495 aliud
2007 3450 2110 3506 est,
2157 3444 2299 3510 quod
2335 3446 2412 3493 ita
2445 3445 2718 3509 ingenium
2756 3452 2948 3511 pascat
2983 3452 3040 3495 et

551 3530 804 3593 delectet,
852 3536 1013 3595 atque
1052 3532 1251 3597 optima
1284 3532 1423 3579 inter
1459 3545 1516 3580 se
1554 3532 1945 3581 convenientia.
1993 3532 2144 3581 Haec
2181 3531 2337 3581 facile
2375 3538 2598 3597 apparet
2633 3533 2688 3580 in
2725 3532 2830 3583 hoc
2868 3534 3036 3596 libr03

549 3620 605 3668 in
654 3634 759 3683 quo
810 3623 1066 3667 venustae
1121 3619 1571 3683 comparationes,
1628 3618 1920 3668 allusiones
1973 3626 2284 3684 pei-acutae,
2341 3618 2726 3685 pulcherrimae
2775 3622 3040 3686 imagines

550 3705 754 3755 electae
781 3710 932 3769 sunt;
959 3719 1096 3769 quae
1116 3706 1387 3771 proposito
1412 3705 1664 3770 mysterio
1690 3706 1866 3755 forent
1889 3708 2413 3771 congruentissimae.
2447 3707 2808 3769 Quamobrem
2833 3708 3036 3757 nullum

549 3793 603 3842 in
641 3808 703 3842 eo
740 3792 933 3857 legitur
969 3791 1293 3857 symbolum,
1341 3792 1481 3857 quod
1529 3791 1796 3841 excellens
1835 3809 1937 3843 non
1975 3794 2044 3841 sit
2085 3792 2156 3841 ad
2203 3808 2266 3842 ea
2304 3792 2646 3855 delineanda,
2687 3809 2830 3859 quae
2867 3796 3040 3845 voluit

550 3878 849 3945 significare
887 3878 1115 3945 Spiritus
1154 3878 1206 3929 S.
1270 3880 1309 3943 ⁵)
1346 3879 1430 3928 De
1468 3878 1579 3929 civ.
1618 3880 1720 3929 Dei
1753 3880 1868 3942 XX,
1899 3882 1978 3929 18.
2017 3880 2087 3941 ΙΙ,
2121 3882 2244 3929 401.
2303 3878 2344 3945 ⁸)
2383 3879 2488 3929 Sed
2525 3880 2658 3930 haec
2695 3888 2850 3931 tanta
2887 3884 3038 3932 Libri

550 3967 873 4029 obscuritas,
921 3973 974 4017 et
1016 3972 1097 4017 tot
1137 3970 1275 4015 retro
1318 3965 1549 4016 saeculis
1592 3983 1701 4017 non
1737 3968 1868 4017 satis
1912 3973 2166 4032 percepta
2208 3966 2518 4033 explicatio,
2567 3967 2696 4017 nihil
2745 3968 3037 4019 Christiani

554 4054 737 4120 populi
772 4054 1091 4104 institutioni
1123 4052 1366 4103 detraxit.
1410 4054 1491 4102 Ex
1522 4055 1681 4103 rebus
1713 4055 1852 4103 enim
1891 4069 2024 4120 quas
2049 4040 2136 4103 hic
2172 4055 2410 4104 continet
2432 4054 2611 4117 Liber,
2645 4070 2788 4120 quae
2813 4057 3036 4123 sing-ulis

550 4141 793 4191 fidelibus
842 4140 911 4190 ad
982 4141 1207 4191 salutem
1254 4147 1379 4190 sunt
1426 4142 1788 4203 necessariae,
1839 4156 1934 4191 eae
1975 4142 2032 4191 in
2081 4141 2200 4192 aliis
2251 4140 2300 4191 S.
2343 4142 2394 4191 S.
2441 4142 2686 4207 partibus
2731 4144 2866 4193 satis
2911 4150 3036 4193 sunt

550 4242 849 4294 expressae.
900 4228 1051 4289 Quae
1089 4233 1265 4278 autem
1303 4244 1387 4277 res
1424 4229 1638 4278 nonita
1671 4233 1797 4278 sunt
1830 4228 1898 4277 ad
1923 4230 2080 4278 unius
2118 4229 2378 4295 cuiusque
2413 4229 2638 4279 salutem
2677 4233 3033 4293 necessariae,

550 4330 683 4381 quas
720 4321 899 4365 tamen
936 4330 1267 4380 summopere
1304 4315 1640 4380 expediebat,
1675 4320 1735 4365 ut
1759 4315 2038 4365 Ecclesiae
2070 4316 2250 4365 abdite
2287 4316 2648 4379 traderentur3
2687 4318 2880 4383 ingens
2916 4325 3034 4367 orta

552 4408 631 4452 est
656 4402 871 4453 divinae
908 4402 1273 4468 providentiae
1311 4402 1607 4464 admiratio,
1647 4417 1784 4467 quae
1811 4402 2048 4452 decrevit
2081 4402 2459 4468 Apocalypsim
2483 4404 2537 4451 in
2565 4404 2743 4453 media
2765 4403 2868 4453 hac
2903 4403 3031 4453 cali-

550 4489 673 4554 gine
700 4504 903 4539 summa
928 4488 1159 4539 fidelium
1184 4490 1529 4539 veneratione
1555 4490 1853 4551 observari,
1893 4496 1946 4539 et
1969 4494 2050 4539 tot
2075 4490 2403 4540 saeculorum
2435 4492 2623 4541 seriem
2649 4492 2838 4541 statuit
2861 4491 3032 4541 donec

551 4575 939 4625 reconditorum
977 4576 1031 4625 in
1069 4576 1170 4625 hoc
1207 4577 1369 4626 Libro
1409 4576 1776 4641 mysteriorum
1815 4578 2045 4641 cognitio
2083 4575 2317 4641 patefiat.
