3267 5259
1172 448 1458 490 Chronotaxis
1485 447 1760 501 Evangelica.
2580 435 2707 486 LXI

205 647 366 705 quae
415 629 536 684 iam
577 627 812 685 saeculo
864 629 1114 686 secundo
1167 627 1462 686 exstitisse
1507 649 1610 688 nos
1656 630 1821 688 docet
1871 650 1917 686 s.
1949 629 1986 686 J
1988 631 2217 686 ustinus
2260 649 2379 686 non
2426 628 2706 688 videntur

205 731 449 808 penitus
480 751 598 790 esse
628 733 884 804 diversa,
917 733 1016 789 sed
1039 734 1233 808 potius
1255 733 1476 790 similia
1497 734 1783 791 censenda
1812 732 2011 791 su11t¹.
2060 733 2227 791 Certe
2258 752 2407 811 quae
2439 737 2505 791 in
2535 735 2703 792 Actis

203 836 398 896 Pilati
429 837 582 896 lecta
609 837 854 895 Veteres
885 837 1167 909 referunt,
1202 839 1374 895 hodie
1406 857 1619 912 magna
1653 857 1727 895 ex
1757 843 1924 914 parte
1948 838 2258 912 leguntur:
2292 839 2357 896 in
2380 839 2705 912 Evangelio

204 941 954 1012 Pseudo-Nicodemi3
987 943 1162 1016 gestis
1187 943 1396 1013 Pilati3
1431 943 1676 1018 epistola
1697 943 1909 1014 Pilati3
1943 944 2007 1000 in
2031 943 2073 1000 l.
2091 943 2133 1001 i.
2162 939 2405 1020 ἀνάφορα
2426 940 2703 1019 Πιλάτους

203 1044 515 1123 παράδοσις
557 1048 742 1106 Pilati
757 1044 804 1105 2.
866 1048 978 1104 Sed
1011 1053 1079 1105 ut
1107 1049 1180 1105 ad
1211 1067 1434 1106 annum
1465 1047 1681 1106 Christi
1728 1047 2111 1106 emortualem
2142 1052 2535 1106 revertamur:
2580 1068 2704 1106 am-

207 1153 464 1226 biguum
513 1153 878 1232 relinquitur
929 1173 1004 1210 ex
1057 1154 1168 1211 hac
1217 1153 1612 1231 qualicunque
1653 1153 1835 1211 Pilati
1889 1155 1959 1210 ad
2008 1152 2315 1210 Tiberium
2358 1154 2429 1210 de
2470 1153 2707 1210 Christo

207 1255 374 1314 facta
400 1257 705 1330 relatione,
740 1277 857 1336 quo
888 1277 1040 1316 anno
1072 1258 1338 1316 Christus
1369 1259 1629 1315 animam
1661 1278 1825 1315 suam
1856 1277 1961 1333 pro
1993 1259 2200 1316 ovibus
2230 1259 2351 1315 suis
2386 1260 2647 1334 posuerit
2660 1255 2701 1316 3.

207 1362 308 1418 Ad
353 1380 534 1440 quam
577 1363 1027 1437 ambiguitatem
1057 1363 1126 1419 de
1157 1367 1344 1420 morte
1375 1363 1431 1419 d.
1466 1361 1789 1421 salvatoris
1818 1362 2135 1420 tollendam
2168 1381 2301 1420 cum
2332 1381 2493 1421 mera
2520 1363 2703 1421 histo-

205 1468 338 1524 rica
387 1469 678 1544 praesidia
709 1487 827 1526 non
861 1468 1264 1527 satisfacerent
1306 1469 1749 1544 interpretibus,
1799 1469 1873 1525 ad
1912 1467 2325 1526 astronomicas
2365 1488 2424 1525 se
2460 1488 2703 1527 conver-

205 1577 422 1630 terunt
457 1573 730 1631 rationes.
795 1575 994 1652 Atque
1033 1592 1233 1630 eorum
1272 1573 1510 1651 quidem
1556 1573 1909 1649 opinionem,
1960 1574 2033 1631 ad
2073 1592 2199 1631 rem
2244 1577 2505 1631 nostram
2549 1573 2706 1630 nihil

205 1676 408 1734 facere
437 1682 708 1754 apparet3
757 1678 860 1755 qui
902 1678 1038 1736 solis
1067 1677 1330 1754 eclypsin
1361 1683 1697 1754 computare
1736 1678 1929 1735 conati
1958 1681 2114 1748 sunt,
2163 1697 2341 1755 quam
2378 1697 2513 1735 cum
2540 1678 2577 1734 J
2578 1697 2705 1736 esus

205 1781 378 1839 cruci
439 1786 589 1840 esset
644 1783 894 1855 affixus,
958 1783 1228 1840 accidisse
1288 1782 1624 1858 opinantur.
1714 1782 1899 1840 Nam
1958 1783 2317 1839 defectus
2374 1782 2567 1842 solis
2624 1782 2707 1840 in

205 1885 536 1945 Christi
579 1891 854 1958 morte,
906 1887 1256 1964 eclypsis
1299 1888 1831 1945 astronomica
1873 1906 2020 1944 non
2065 1886 2245 1944 fnit.

426 2041 504 2092 De
551 2041 666 2092 solis
701 2039 996 2092 admirabili
1031 2041 1317 2108 defectione,
1365 2057 1494 2108 quae
1537 2041 1671 2093 horis
1705 2041 1876 2092 mortis
1910 2041 2205 2092 Dominicae
2248 2041 2481 2110 contiqit,·
2525 2041 2705 2091 Evan-

205 2125 442 2190 gelistae
465 2125 653 2176 Matth.
679 2128 764 2189 27,
789 2127 874 2176 45.
911 2126 1076 2176 Marc.
1104 2129 1186 2190 15,
1212 2130 1295 2177 33.
1332 2127 1466 2177 Luc.
1491 2129 1576 2188 23,
1601 2128 1685 2176 45.
1724 2127 1825 2176 nisi
1864 2127 2143 2192 caliginem
2171 2129 2415 2194 aliquam·
2434 2128 2705 2178 insolitam

208 2211 348 2264 solis
373 2213 557 2263 lumen
580 2215 776 2265 texisse
811 2219 1046 2264 narrant.
1071 2215 1136 2264 V.
1161 2231 1214 2281 p.
1242 2216 1357 2266 149.
1385 2231 1426 2265 s.
1475 2215 1690 2264 Etenim
1716 2229 1783 2264 ne
1808 2210 2115 2276 ,,σκοτίζειν“
2141 2215 2368 2281 quidem,
2408 2231 2514 2283 quo
2539 2217 2704 2266 verbo

211 2317 258 2350 s.
282 2300 474 2351 Lucas
509 2315 638 2352 usus
677 2305 760 2352 est
794 2303 1061 2353 scribens:
1099 2299 1390 2367 „ecxottcon
1415 2295 1442 2350 ὁ
1480 2299 1673 2365 ἥλιος“,
1709 2302 1805 2352 sed
1842 2298 2071 2364 ἐκλείπεν,
2111 2302 2331 2353 Graecis
2368 2303 2589 2353 solenne
2625 2308 2708 2354 est

205 2387 345 2439 solis
393 2388 666 2454 lunaeque
715 2389 1027 2440 defectionis
1077 2389 1399 2440 indicandae
1443 2390 1679 2440 verbnm.
1738 2389 1989 2455 Eclypsis
2032 2407 2157 2440 vero
2196 2405 2355 2457 quam
2408 2389 2707 2455 Phlegon

201 2475 595 2528 Trallensis
631 2478 854 2540 notavit,
890 2476 994 2527 huc
1019 2493 1127 2528 non
1151 2477 1408 2544 pertinet3
1446 2477 1512 2527 de
1539 2477 1691 2527 cuius
1717 2492 1857 2527 anno
1885 2478 2193 2543 ceteroquin
2218 2482 2433 2543 propter
2459 2477 2705 2527 lectionis

203 2564 529 2614 varietatem
567 2579 680 2615 non
714 2569 940 2616 constat.
1003 2565 1083 2615 ef.
1121 2565 1194 2615 M.
1231 2565 1474 2627 Kerwal,
1521 2564 1588 2614 de
1626 2565 2003 2615 obscuratione
2042 2564 2171 2614 solis
2210 2565 2419 2616 Christo
2454 2566 2510 2613 in
2549 2580 2707 2615 cruce

202 2651 456 2716 patiente
491 2652 654 2703 facta.
692 2653 832 2702 Trai.
860 2667 894 2702 a
917 2652 1084 2702 Rhen.
1114 2655 1264 2703 1749.
1313 2653 1508 2714 Bouth,
1533 2651 1817 2717 Reliquiae
1842 2668 1884 2701 s.
1912 2651 2084 2702 Oxou.
2112 2651 2193 2702 ed.
2221 2667 2269 2702 a.
2300 2654 2449 2702 1846.
2488 2651 2559 2716 11,
2586 2654 2702 2702 298.

204 2737 376 2788 Illam
421 2739 551 2789 solis
588 2741 1014 2790 obscurationem
1053 2755 1193 2806 quac
1229 2739 1440 2790 Christo
1475 2741 1736 2790 moriente
1773 2740 1983 2802 accidit,
2035 2755 2145 2790 non
2180 2739 2345 2790 fuisse
2390 2739 2705 2804 naturalem,

205 2825 310 2876 sed
365 2826 742 2878 miraculosam
795 2828 1036 2892 sequitur
1087 2829 1196 2878 iam
1249 2844 1314 2877 ex
1367 2829 1484 2893 ipso
1539 2833 1864 2893 tempore.
1936 2829 2147 2894 Quippe
2195 2829 2402 2877 ratione
2454 2829 2705 2893 temporis

205 2913 407 2962 habita
457 2913 595 2964 haec
641 2913 772 2965 solis
821 2915 1128 2966 obscuratio
1183 2931 1292 2965 non
1345 2919 1557 2982 poterat
1605 2929 1723 2966 esse
1771 2915 2059 2980 naturalis;
2116 2916 2251 2981 quia·
2291 2915 2373 2964 sol
2419 2931 2705 2980 numquam

206 3000 478 3066 eclypsim
513 3002 713 3068 patitur
749 3003 852 3053 nisi
885 3003 940 3053 in
976 3002 1364 3066 Novilunio,
1404 3003 1618 3069 quando
1656 3007 1941 3069 utrumque
1976 3002 2238 3052 luminare
2276 3007 2356 3052 est
2382 3005 2615 3068 positum
2650 3004 2706 3052 in

207 3089 612 3153 coniunctione,
651 3094 707 3140 et
741 3105 808 3140 ea
841 3095 1059 3156 propter
1091 3089 1225 3140 luna
1262 3095 1344 3141 est
1386 3091 1677 3141 constituta
1710 3090 1884 3140 medio
1920 3089 2088 3140 veluti
2124 3089 2243 3140 loco
2277 3091 2417 3140 inter
2453 3089 2617 3140 solem
2656 3095 2710 3140 et

207 3173 435 3225 oculum
483 3178 824 3242 spectatoris,
872 3178 1214 3244 intercipiens
1262 3183 1316 3227 et
1359 3181 1605 3227 avertens
1650 3177 1827 3228 radios
1873 3177 2087 3227 luminis
2132 3191 2165 3227 a
2214 3183 2368 3227 terra.
2439 3178 2595 3242 Atqui
2642 3193 2706 3226 eo

205 3267 475 3328 tempore,
503 3279 609 3329 quo
636 3263 878 3315 Christus
905 3265 960 3314 in
986 3281 1144 3315 cruce
1175 3265 1497 3330 patiebatur,
1521 3265 1688 3316 fuisse
1726 3263 2173 3315 Plenilunium
2211 3281 2275 3315 ex
2302 3265 2551 3315 Historiis
2576 3265 2706 3315 Pas-

399 3513 438 3575 1)
479 3513 559 3562 Cf.
595 3513 831 3574 Baronii‚
865 3513 1058 3563 Annal.
1095 3513 1164 3563 ad
1201 3529 1248 3563 a.
1276 3515 1358 3563 34.
1395 3529 1445 3562 n.
1486 3515 1601 3562 124.
1636 3529 1677 3564 s.
1712 3529 1763 3578 p.
1804 3515 1919 3563 193.
1945 3529 1985 3563 s.
2021 3512 2321 3574 Tillemont,
2347 3513 2504 3564 Mem.
2528 3513 2571 3564 1.
2598 3497 2707 3566 not.

211 3617 313 3652 sur
347 3615 391 3650 s.
428 3600 610 3650 Pierre
643 3600 787 3650 XIX.
815 3600 897 3650 ed.
921 3601 1057 3650 Ven.
1087 3602 1236 3650 1732.
1263 3618 1313 3666 p.
1340 3603 1458 3650 516.
1499 3599 1721 3662 calmet,
1760 3599 1884 3650 diss.
1918 3600 1985 3650 de
2011 3601 2145 3651 actis
2170 3599 2343 3651 Pilati.
2370 3602 2438 3650 D.
2464 3602 2560 3664 111,
2588 3604 2705 3652 286.

211 3688 484 3751 Ruinarti,
532 3687 670 3737 Acta
713 3687 1022 3752 Martyrum.
1063 3688 1144 3739 ed.
1179 3689 1374 3739 Veron.
1416 3690 1567 3738 1731.
1603 3687 1771 3737 Lv11.
1809 3689 1927 3738 374.
1965 3689 2082 3738 390.
2130 3687 2453 3752 Casauboni,
2492 3692 2707 3740 exercit.

211 3775 363 3838 XVI,
393 3776 509 3824 154.
533 3791 584 3841 p.
614 3777 730 3826 770.
757 3789 798 3824 s.
847 3776 1093 3839 Possinii,
1131 3791 1214 3842 ep.
1247 3781 1364 3826 tert.
1403 3775 1472 3825 ad
1501 3777 1568 3825 D.
1595 3775 2036 3840 Papebrochium,
2074 3777 2379 3842 in-Propyl.
2418 3777 2531 3826 Act.
2571 3777 2623 3828 S.
2652 3775 2707 3828 S.

211 3863 367 3912 Maii.
391 3877 445 3912 n.
475 3864 556 3911 14.
581 3878 633 3928 p.
661 3865 744 3912 41.
797 3861 1051 3927 Mynster,
1089 3864 1155 3913 de
1179 3879 1335 3914 mom.
1361 3863 1541 3913 chron.
1567 3879 1620 3928 p.
1651 3864 1731 3912 17.
1784 3861 1843 3912 C.
1866 3863 2329 3927 Tischendorf,
2367 3864 2530 3914 Pilati
2566 3867 2711 3915 circa

215 3949 488 4000 Christum
525 3949 742 4011 iudicio,
782 3950 909 4016 quid
947 3950 1078 4000 lucis
1117 3951 1368 4002 afferatur
1405 3967 1470 4000 ex
1506 3949 1654 3999 Actis
1691 3950 1867 4000 Pilati.
1904 3950 2051 4016 Lips.
2093 3953 2242 4001 1855.
2278 3969 2330 4016 p.
2369 3953 2417 4001 6.
2490 3951 2531 4017 ²)
2569 3951 2709 4002 Illud

215 4043 459 4088 attamen
496 4037 961 4088 animadversione
999 4039 1216 4104 dignum
1255 4042 1364 4088 est:
1401 4037 1723 4102 Eusebium,
1762 4054 1919 4104 quem
1956 4040 2280 4088 recentiores
2318 4039 2712 4105 exscripserunt

215 4125 302 4175 vel
339 4127 397 4175 in
435 4125 814 4190 compendium
849 4126 1177 4192 redigebant,
1226 4126 1362 4175 Acta
1397 4125 1492 4174 illa
1527 4125 1689 4175 Pilati
1724 4140 2065 4192 nequaquam
2101 4126 2350 4189 recitare,
2390 4139 2711 4191 quamquam

217 4215 408 4264 summi
465 4212 537 4263 ad
585 4213 852 4263 Historias
907 4215 1183 4275 momenti,
1239 4228 1358 4262 cum
1413 4213 1650 4279 alioquin
1701 4212 1959 4264 eiusmodi
2007 4213 2208 4278 scripta
2255 4227 2363 4262 non
2410 4213 2709 4264 incuriosus

219 4306 551 4366 praetereat:
601 4299 683 4349 Cf.
721 4299 782 4350 B.
818 4300 1091 4364 menstra,
1142 4299 1209 4350 (lc
1254 4299 1490 4351 fontibus
1533 4317 1598 4350 ex
1636 4300 1829 4366 quibus
1866 4301 1934 4349 H.
1976 4301 2037 4350 E.
2077 4316 2163 4366 op.
2209 4299 2388 4349 hausit
2420 4299 2708 4351 Eusebius.

217 4389 356 4439 Trai.
397 4404 432 4439 a
469 4388 570 4438 Rh.
614 4389 766 4437 1833.
811 4403 864 4453 p.
904 4389 986 4438 15.
1023 4403 1066 4438 s.
1104 4389 1186 4437 93.
1225 4403 1266 4438 s.
1321 4387 1387 4436 E.
1425 4387 1474 4436 J.
1515 4387 1770 4449 Kimmel,
1816 4387 1883 4436 de
1918 4385 2111 4437 Rufino
2148 4387 2371 4437 Eusebii
2404 4388 2707 4454 interprete.

219 4477 386 4528 Gerae
429 4477 588 4528 1838.
627 4491 681 4541 p.
719 4477 803 4524 22.
834 4491 874 4525 s.
935 4473 1091 4524 Unde
1129 4477 1467 4524 coniecturae
1504 4474 1653 4524 locus
1693 4474 1847 4524 datur
1882 4476 1986 4524 iam
2026 4489 2089 4524 ex
2124 4473 2245 4538 illis,
2284 4490 2425 4540 quae
2459 4491 2557 4542 per
2592 4490 2711 4527 eam

213 4571 443 4616 aetatem
468 4563 791 4614 ferebantur
813 4562 960 4612 Actis
985 4561 1158 4626 Pilati,
1185 4562 1408 4613 Eusebii
1433 4561 1630 4612 iudicio
1658 4561 1807 4612 nulla
1832 4562 2065 4628 genuina
2086 4562 2269 4613 fuisse.
2314 4562 2357 4628 ³)
2382 4563 2447 4613 V.
2465 4563 2707 4626 Eusebii,

209 4653 346 4706 Hist.
383 4655 452 4706 Ε.
493 4653 540 4703 1.
581 4653 634 4701 9.
671 4667 724 4716 p.
763 4651 846 4700 27.
