3267 5259
1018 523 1025 529 ‚
1071 478 1312 518 Secundum
1342 478 1430 519 iter
1455 490 1489 520 s.
1509 477 1635 518 Pauli
1665 476 1897 519 missionis.
2604 466 2731 530 363

231 658 416 714 sitam
441 654 478 715 ¹.
527 656 962 732 Indignabatur
1007 662 1067 716 et
1095 658 1285 717 doluit
1315 659 1731 728 Athenienses,
1787 660 1852 715 in
1905 659 2166 715 maxima
2216 657 2525 716 literarum
2580 659 2725 731 luce,

233 762 371 819 veri
402 761 517 818 Dei
549 762 898 836 cognitionis
930 764 1070 821 adeo
1102 764 1272 821 rudes
1303 768 1362 820 et
1392 764 1646 821 hebetes,
1682 764 1852 820 Adiit
1882 782 2039 820 more
2070 782 2174 821 suo
2197 764 2458 838 primum
2480 764 2517 821 J
2518 764 2731 821 udaeos

233 867 448 924 bacin
486 867 730 925 civitate
775 868 1064 941 degentes,
1114 868 1300 945 iisque
1347 869 1717 939 monstravit,
1764 868 1802 925 J
1804 888 1968 926 esum
2013 868 2311 925 Christum
2356 888 2565 927 verum
2611 888 2731 926 esse

233 971 536 1028 Messium.
577 972 782 1049 Neque
812 972 912 1029 hic
939 974 1206 1031 substitit
1229 972 1541 1049 Apostolus
1571 974 1670 1030 sed
1700 992 1925 1030 memor
1955 972 2191 1031 divinae
2222 972 2493 1030 iussionis
2510 970 2551 1044 ²,
2587 992 2728 1047 gen-

237 1075 450 1133 tilibus
471 1072 495 1113 3
522 1076 914 1134 annunciavit
942 1076 1352 1151 Evangelium.
1400 1078 1478 1133 In
1517 1079 1610 1134 his
1642 1083 1811 1135 erant
1842 1076 2113 1135 nonnulli
2146 1077 2478 1153 philosophi
2508 1078 2727 1154 Epicu-

236 1200 475 1237 reorum
497 1178 522 1218 4
577 1188 635 1239 et
678 1181 1004 1239 Stoicorum
1026 1180 1066 1253 ⁵,
1124 1202 1372 1261 quorum
1426 1188 1568 1240 tunc
1619 1182 1897 1257 temporis
1948 1202 2125 1257 supra
2176 1182 2429 1259 reliquas
2474 1182 2731 1240 familias

235 1284 450 1359 ingens
481 1292 610 1343 erat
638 1286 833 1363 copia,
882 1287 1114 1362 placitis
1145 1289 1358 1345 addicti
1375 1308 1389 1359 ;
1436 1288 1537 1365 qui
1573 1288 1642 1345 de
1678 1307 1830 1345 nova
1859 1286 2229 1363 philosophia
2257 1286 2525 1362 Apostoli
2557 1288 2727 1344 inau-

238 1390 472 1447 dientes
523 1392 724 1449 statim
776 1390 1146 1462 advolabant,
1197 1412 1444 1470 eumque
1497 1394 1938 1470 quaestionibus
1990 1393 2061 1448 de
2112 1392 2235 1449 Deo
2287 1396 2462 1469 atque
2515 1392 2731 1449 mundo

238 1494 690 1552 sublimioribus
721 1496 974 1569 aggressi
1005 1501 1161 1555 sunt.
1205 1496 1464 1575 Cumque
1495 1516 1564 1555 ea
1593 1502 1743 1554 esset
1791 1497 1854 1554 in
1902 1498 2099 1555 verbis
2143 1501 2203 1554 et
2245 1497 2508 1555 sensibus
2555 1496 2730 1555 Pauli

235 1599 532 1671 maiestas,
567 1619 714 1678 quae
743 1602 1050 1658 hominum
1079 1602 1324 1675 ψυχικῶν
1347 1600 1685 1675 longissime
1716 1602 2018 1659 excederet
2048 1599 2523 1674 intelligentiam,
2556 1600 2731 1658 illum

238 1704 416 1761 cuius
445 1706 630 1762 oratio
659 1701 832 1780 λόγος
862 1711 987 1763 erat
1028 1710 1088 1763 et
1132 1702 1307 1781 σοφία,
1348 1706 1758 1764 conviciantur
1789 1701 2169 1781 σπερμόλογον
2205 1706 2687 1764 seminiverbium
2708 1702 2733 1741 ⁶

235 1807 622 1883 adpellantes.
670 1810 756 1867 At
784 1810 1062 1867 conviciis
1085 1829 1203 1868 non
1229 1812 1486 1868 contenti
1517 1809 1876 1868 cavillantur
1904 1811 2159 1885 insuper,
2196 1810 2348 1887 quod
2372 1811 2437 1866 in
2460 1811 2633 1866 rebus
2656 1810 2727 1866 ad

235 1912 396 1969 Deos
419 1932 732 1991 eorumque
756 1913 982 1972 cultum
1005 1914 1437 1991 pertinentibus
1461 1935 1496 1973 a
1511 1914 1865 1972 Graecorum
1890 1915 2185 1972 communi
2207 1933 2379 1972 sensu
2404 1918 2577 1991 atque
2600 1934 2729 1971 sen-

237 2016 434 2075 tentia
452 2016 645 2075 aliena
661 2023 720 2076 et
735 2019 1004 2077 inaudita
1019 2019 1343 2089 dictitaret;
1369 2020 1647 2097 quoniam
1661 2020 1698 2075 J
1700 2039 1860 2076 esum
1884 2014 2211 2075 ἀνεστεκότα
2233 2018 2673 2094 praedicaverat
2687 2016 2728 2077 ⁷.

237 2225 308 2275 de
349 2219 590 2293 ἀγνώστῳ
626 2224 722 2293 θεῷ
759 2224 884 2275 diss.
913 2225 1105 2291 singul.
1141 2226 1194 2275 J.
1220 2226 1284 2275 E.
1313 2224 1514 2290 Segeri,
1553 2227 1593 2275 1.
1631 2230 1685 2274 et
1718 2225 1785 2274 Π.
1812 2226 2049 2291 Regiom.
2078 2226 2228 2275 1710.
2258 2226 2337 2273 12.
2388 2224 2450 2274 F.
2474 2224 2729 2285 Fabricii,

237 2312 416 2377 Lugd.
453 2312 570 2362 Bat.
617 2314 766 2362 1713.
829 2312 892 2363 G.
939 2311 1165 2375 Olearii,
1215 2312 1338 2363 diss.
1383 2313 1453 2363 ad
1494 2313 1609 2362 Act.
1658 2315 1748 2376 17,
1797 2314 1877 2363 16.
1920 2313 1977 2361 in
2022 2312 2183 2362 Thes.
2219 2329 2271 2361 n.
2315 2328 2365 2379 p.
2403 2313 2519 2361 661.
2576 2310 2629 2361 J.
2666 2311 2730 2360 L.

237 2398 550 2461 Schlosser,
598 2400 664 2449 de
701 2398 820 2449 iisd.
853 2400 926 2450 ib.
964 2417 1012 2465 p.
1051 2401 1170 2450 669.
1225 2400 1550 2464 Niemeyeri,
1596 2401 1869 2465 interpret.
1915 2400 2169 2451 orationis
2215 2398 2473 2447 Paulinae
2512 2398 2731 2449 Athenis

235 2488 294 2535 in
335 2485 616 2552 Areopago
663 2486 894 2536 habitae.
943 2486 1068 2536 Hal.
1108 2488 1258 2537 1805.
1317 2486 1527 2548 Baden,
1567 2486 1691 2537 diss.
1730 2500 1855 2536 arae
1892 2486 2009 2535 Deo
2054 2487 2238 2552 ignoto
2285 2485 2493 2534 dicatae
2540 2498 2731 2534 causas

238 2588 310 2622 ex
361 2573 736 2638 antiquissima
779 2572 926 2639 relig.
971 2578 1166 2623 natura
1209 2574 1559 2639 probabiliter
1603 2588 1721 2623 esse
1768 2572 2103 2638 repetendas.
2155 2573 2331 2621 Havn.
2374 2572 2523 2621 1787.
2580 2570 2631 2621 J.
2667 2571 2729 2621 A.

241 2660 519 2726 Anspach,
559 2660 624 2709 de
663 2662 903 2710 oratione
939 2660 1094 2711 Pauli
1130 2660 1351 2711 Athenis
1388 2660 1589 2710 habita.
1639 2660 1811 2725 Lugd.
1849 2660 1967 2710 Bat.
2008 2661 2158 2710 1829.

461 2746 496 2811 ¹)
536 2744 844 2797 Κατείδωλον
865 2748 981 2797 Act.
1013 2749 1094 2811 17,
1124 2750 1205 2797 16.
1241 2748 1306 2797 In
1332 2762 1442 2813 qua
1465 2752 1580 2797 erat
1601 2748 1835 2797 maxima
1858 2752 2171 2809 statuarum,
2210 2747 2403 2812 quibus
2433 2746 2507 2795 dii
2533 2746 2737 2796 deaeve

237 2840 408 2900 atque
445 2834 633 2884 heroes
669 2834 1225 2900 repraesentabantur,
1265 2836 1435 2899 copia.
1497 2834 1538 2899 ²)
1565 2834 1681 2883 Act.
1708 2836 1755 2896 9,
1787 2835 1867 2883 15.
1932 2833 1973 2899 ³)
2000 2833 2066 2883 In
2087 2833 2303 2883 Eretria
2326 2834 2459 2895 fore,
2498 2838 2736 2899 tempore

237 2936 352 2987 quo
377 2921 590 2970 maximi
614 2920 804 2971 fierent
827 2935 1134 2983 concursus,
1168 2922 1470 2982 ementium,
1509 2920 1867 2983 vendentium,
1896 2920 2110 2986 aliaque
2138 2921 2251 2970 eius
2274 2922 2486 2985 generis
2520 2921 2739 2986 negotia

235 3008 607 3057 tractantium.
680 3007 718 3073 ⁴)
763 3007 1020 3073 Epicurei
1067 3009 1218 3057 iuxta
1267 3024 1387 3057 cum
1437 3007 1748 3072 Cyrenaicis
1798 3008 1993 3073 magis,
2041 3022 2203 3072 quam
2246 3006 2362 3057 ulla
2406 3006 2517 3057 alia
2559 3007 2736 3057 Philo·

235 3094 535 3159 sophorum
560 3094 763 3144 familia
784 3095 928 3145 vitae
951 3094 1108 3145 huius
1133 3094 1425 3145 commodis
1461 3095 1667 3155 intenti,
1706 3094 2043 3144 statuebant:
2078 3094 2225 3144 Deos
2252 3109 2286 3143 a
2309 3094 2469 3143 rebus
2494 3094 2737 3145 humanis

235 3186 478 3233 semotos
513 3182 672 3247 longe
707 3182 1100 3246 seiunctosque,
1139 3181 1432 3231 immortale
1481 3195 1673 3230 aevum
1712 3184 1767 3230 et
1806 3196 2009 3231 summe
2043 3180 2391 3247 tranquillum
2437 3196 2557 3231 cum
2602 3196 2737 3245 pace

236 3284 424 3334 agere,
463 3268 638 3317 cultus
674 3268 890 3318 humani
928 3269 1088 3333 plane
1133 3284 1238 3318 non
1285 3268 1522 3333 indigos,
1569 3270 1683 3317 irae
1728 3269 1948 3333 perinde
1994 3282 2059 3318 ac
2095 3269 2295 3318 favoris
2332 3274 2387 3318 et
2422 3267 2737 3317 clementiae

238 3360 519 3421 expertes,
575 3354 756 3404 mundi
811 3369 938 3403 vero
987 3354 1286 3404 machinam
1336 3370 1400 3404 ex
1455 3350 1674 3405 fortuito
1730 3356 2049 3405 confluxisse
2106 3360 2399 3405 atomorum
2457 3369 2736 3403 concursu.

237 3444 284 3507 ⁵)
315 3440 484 3491 Stoici
519 3441 758 3492 homines
783 3441 1017 3491 divinam
1043 3456 1160 3491 esse
1188 3443 1495 3507 progeniem
1533 3442 1827 3506 docebant3
1867 3448 2029 3507 atque
2066 3445 2347 3507 tantopere
2375 3442 2516 3492 vires
2542 3442 2736 3507 ingenii

239 3528 466 3578 humani
503 3528 848 3590 extollebant,
886 3534 948 3579 ut
972 3530 1230 3579 rationem
1253 3545 1350 3594 per
1374 3544 1432 3578 se
1457 3529 1626 3579 solam
1654 3533 1801 3579 recte
1820 3534 2199 3594 perpurgatam
2233 3528 2480 3578 vitiorum
2506 3529 2738 3577 omnium

238 3616 460 3664 unicam
495 3613 905 3665 emendatricem
941 3622 1216 3680 ponerent,
1256 3616 1446 3681 suique
1484 3616 1741 3681 sapientis
1780 3631 1901 3685 cum
1935 3616 2053 3681 ipso
2078 3614 2218 3665 Jove
2252 3615 2561 3665 beatitatem
2600 3630 2737 3665 com-

237 3715 440 3767 parare
467 3716 574 3751 non
597 3708 924 3751 vererentur.
986 3701 1028 3766 Β)
1055 3702 1222 3764 Quasi
1247 3707 1536 3752 sementem
1569 3702 1791 3763 faciens,
1829 3702 2023 3753 multos
2049 3708 2103 3752 et
2126 3702 2361 3767 prolixos
2388 3703 2501 3753 sine
2528 3700 2739 3751 delectu

241 3793 300 3837 et
337 3787 536 3837 iudicio
571 3794 632 3837 ut
667 3788 866 3849 solent,
906 3788 995 3853 qui
1032 3790 1236 3838 semina
1271 3802 1432 3838 manu
1470 3792 1753 3854 spargunt,
1792 3788 2016 3839 haberet
2050 3803 2338 3839 sermones.
2400 3788 2489 3837 Sic
2528 3788 2737 3849 Suidas,

241 3875 380 3923 Lex.
407 3888 450 3922 s.
487 3872 536 3923 h.
571 3890 621 3922 v.
658 3874 728 3937 11,
756 3876 874 3925 870.
913 3880 966 3924 et
1001 3874 1318 3939 Hesychius,
1357 3874 1486 3925 Lex.
1523 3892 1564 3925 s.
1593 3873 1643 3923 h.
1670 3892 1719 3923 v.
1759 3875 1831 3937 ΙΙ,
1868 3876 2035 3936 1246„
2073 3875 2165 3925 ubi
2202 3876 2295 3925 cfr.
2327 3875 2548 3934 Alberti,
2575 3891 2627 3923 n.
2660 3876 2738 3923 13.

242 3959 573 4023 Cotelerius‚
611 3976 840 4011 monum.
878 3960 1030 4011 Eccl.
1067 3977 1142 4027 gr.
1179 3961 1258 4024 11,
1299 3962 1417 4011 588.
1475 3960 1537 4011 G.
1575 3960 1645 4011 de
1680 3961 1855 4023 Neve,
1903 3961 1969 4010 de
2004 3962 2225 4027 Epicur.
2263 3966 2317 4011 et
2352 3960 2514 4011 Stoic.
2552 3962 2739 4011 intent.

241 4062 402 4097 conv.
429 4046 621 4095 Franc.
651 4048 801 4097 1708.
849 4046 973 4096 Huc
1009 4048 1240 4112 pertinet
1277 4047 1336 4096 P.
1373 4048 1567 4109 Zornii,
1607 4047 1732 4097 diss.
1773 4047 1839 4097 de
1876 4048 1977 4097 hoc
2012 4048 2417 4098 Atheniensium
2454 4062 2737 4097 sarcasmo.

241 4132 426 4183 Kilou.
465 4134 614 4183 1710.
663 4122 873 4195 Walch,
913 4134 1038 4184 diss.
1079 4134 1148 4183 ad
1181 4134 1297 4184 Act.
1339 4136 1419 4196 17,
1459 4135 1538 4185 18.
1575 4135 1698 4184 Jen.
1735 4125 1886 4185 1795.
1944 4133 2004 4183 C.
2042 4134 2103 4183 F.
2139 4135 2399 4196 Boerner,
2438 4133 2503 4183 de
2543 4134 2737 4199 disput.

241 4220 404 4270 Pauli
431 4235 552 4270 cum
577 4220 728 4285 Epic.
757 4224 809 4269 et
835 4220 996 4270 Stoic.
1034 4220 1154 4270 Jen.
1185 4221 1334 4272 1751.
1381 4220 1434 4271 J.
1459 4221 1521 4271 A.
1546 4221 1815 4287 Anspach‚
1854 4220 1921 4271 de
1948 4222 2187 4272 oratione
2212 4221 2367 4271 Pauli
2403 4236 2487 4287 ap.
2518 4220 2739 4271 Athenis

245 4308 436 4357 habita
471 4307 644 4372 Lug-d.
681 4307 801 4357 Bat.
842 4309 992 4358 1829.
1038 4324 1088 4372 p.
1122 4309 1204 4357 61.
1280 4306 1320 4371 ⁷)
1361 4306 1479 4357 Hoc
1516 4309 1657 4357 enim
1694 4312 1857 4375 caput
1893 4307 2164 4373 praeconii
2202 4307 2479 4373 apostolici
2517 4324 2738 4373 semper,

243 4400 306 4444 ut
343 4392 616 4445 Christum
652 4395 1022 4456 annunciaret,
1060 4394 1152 4459 qui
1185 4399 1424 4445 mortuus
1463 4400 1546 4444 est
1580 4400 1633 4444 et
1670 4396 1985 4459 resurrexit3
2030 4409 2152 4443 nam
2190 4396 2577 4445 resurrectione
2615 4411 2739 4446 con-

245 4496 401 4531 cessa
438 4484 620 4531 cetera
655 4495 884 4546 quoque,
925 4494 1064 4546 quae
1094 4480 1160 4530 de
1197 4480 1382 4530 divina
1417 4482 1532 4531 eius
1568 4487 1765 4531 natura
1799 4483 1995 4532 virtute
2032 4486 2087 4531 et
2122 4481 2373 4547 operibus
2410 4481 2739 4545 dicebantur,

245 4568 396 4619 nullo
444 4568 661 4632 negotio
710 4572 960 4632 poterant
1003 4567 1235 4632 probari.
1292 4568 1356 4617 V.
1395 4568 1458 4617 E.
1497 4567 1581 4617 W.
1615 4568 1879 4631 Kotthoff,
1916 4569 2043 4618 Vita
2086 4568 2220 4619 Jesu
2268 4568 2462 4619 Christi
2500 4583 2533 4617 a
2570 4568 2739 4619 Paulo

245 4654 510 4721 Apostolo
549 4654 882 4705 adumbrata.
931 4654 1094 4703 Hafn.
1125 4654 1274 4704 1852.
1311 4643 1362 4719 p]
1390 4656 1473 4703 49.
1523 4654 1592 4704 Η.
1621 4655 1681 4705 R.
1708 4656 1776 4705 D.
1804 4656 1867 4705 N.
1894 4655 1955 4705 Τ.
1993 4672 2045 4721 p.
2074 4656 2189 4707 158.
2216 4672 2257 4706 s.

1262 4936 1292 4955 U
