3267 5259
1006 437 1169 479 Christi
1194 448 1326 479 coena
1352 436 1549 487 legitime
1578 438 1812 489 paschalis.
2539 426 2664 491 237

221 616 350 671 enim
396 620 517 671 erat
566 616 939 689 praeparatio
990 630 1127 671 mm
1168 621 1229 673 et
1276 616 1504 674 sabbati
1550 621 1611 675 et
1655 617 1956 675 Paschatis
1973 662 1987 689 ,
2036 622 2211 694 atque
2259 617 2413 675 hanc
2463 623 2662 693 aperte

220 719 407 775 indicat
447 738 491 775 ει.
521 718 557 775 J
560 737 796 776 oannes.
836 724 933 791 13,
971 724 1071 777 29.
1132 720 1533 777 Falsissimum
1576 722 1736 779 enim
1774 725 1835 778 et
1863 722 1937 779 ab
1979 720 2116 787 aliis
2159 741 2234 779 ex
2263 721 2668 779 Hebraeorum

220 824 417 897 scriptis
452 823 775 881 refutatum
814 827 902 881 est
932 856 1015 865 --
1045 844 1105 881 v.
1138 824 1388 895 Movere,
1423 823 1465 881 l.
1498 843 1547 882 c.
1580 844 1638 901 p.
1676 829 1774 883 65.
1808 846 1854 883 s.
1887 858 1972 867 -
2003 826 2228 901 primae
2267 826 2384 883 diei
2429 845 2665 902 azymo-

220 946 325 983 rum
352 932 781 1004 ceterorumque
808 926 1091 985 festorum
1120 929 1481 987 Parasceven
1511 928 1737 986 nullam
1765 928 1965 987 fuisse.
2025 928 2134 987 Est
2161 934 2220 987 et
2248 927 2400 986 illud
2429 930 2668 1007 quidem

220 1037 347 1086 reete
371 1030 751 1101 observatum,
784 1031 1243 1105 Evangelistam‚
1290 1033 1343 1088 si
1372 1032 1732 1092 Parasceven
1769 1033 1998 1091 sabbati
2027 1032 2385 1091 incidentem
2413 1034 2480 1091 in
2509 1033 2666 1091 diem

220 1133 431 1191 Paschae
485 1133 891 1205 intellexisset,
940 1154 1057 1192 non
1118 1135 1295 1192 fuisse
1340 1136 1700 1211 scripturum
1745 1132 2080 1211 ,παρασκευὴ
2123 1136 2216 1192 τοῦ
2258 1134 2504 1211 ποία-χαις
2561 1138 2660 1193 sed

220 1255 335 1293 vero
362 1234 665 1313 παρασκευὴ
714 1234 773 1293 ἐν
814 1232 893 1312 τῷ
928 1237 1135 1313 πάσχα.
1192 1238 1309 1296 Ubi
1347 1244 1409 1296 et
1437 1239 1587 1297 illud
1617 1258 1736 1297 non
1777 1238 2264 1313 praetereundum
2303 1259 2348 1295 s.
2373 1239 2412 1296 J
2411 1258 2660 1297 oannem

222 1360 452 1411 narrare,
494 1342 851 1417 appetivisse
892 1343 1201 1400 sabbatum
1242 1343 1515 1418 inprimis
1560 1343 1826 1400 solenne:
1891 1346 2040 1413 ,erat
2082 1344 2241 1401 enim
2284 1362 2530 1417 magnus
2559 1341 2663 1400 ille

222 1444 323 1501 dies
356 1446 611 1503 sabbati!
661 1450 759 1516 19,
796 1448 899 1503 31.
958 1446 1077 1503 Hic
1116 1447 1293 1504 unius
1334 1447 1591 1504 Paschae
1631 1450 2088 1521 propugnatores
2127 1443 2352 1522 ,ἑμέραν
2383 1443 2662 1521 μεγάληνι

220 1548 413 1605 dictum
459 1548 699 1619 volunt,
756 1549 897 1627 quia
948 1550 1016 1607 in
1065 1551 1483 1608 hebdomadem
1530 1549 1861 1625 paschalem
1913 1550 2186 1607 incurrit.
2269 1549 2383 1607 Sed
2433 1549 2500 1608 in
2549 1570 2664 1629 quo

221 1670 445 1728 unquam
486 1652 869 1727 Evangelista
906 1654 1215 1711 sabbatum
1244 1654 1369 1727 hoc,
1402 1654 1710 1711 sabbatum
1747 1652 2004 1711 Paschae
2047 1651 2302 1711 dicitur?
2362 1652 2508 1711 Cum
2553 1654 2666 1712 ista

215 1756 659 1831 interpretatione
707 1776 895 1813 nexus
935 1761 995 1813 et
1032 1758 1213 1827 rati0,
1261 1776 1379 1834 qua
1418 1757 1601 1816 verba
1646 1762 1743 1826 19,
1781 1760 1882 1814 31.
1929 1756 2372 1830 coniunguntur
2407 1763 2661 1833 pugnat;

216 1856 265 1913 τὲ
302 1878 529 1933 magnus
571 1860 782 1918 referri
832 1861 1003 1917 debet
1041 1861 1115 1917 ad
1158 1861 1340 1931 diem,
1389 1861 1633 1917 minime
1680 1880 1820 1917 vero
1859 1860 1932 1917 ad
1972 1860 2298 1918 sabbatum.
2362 1860 2666 1919 consentit

216 1980 331 2019 vero
374 1962 480 2021 sibi
526 1965 747 2041 ubique
797 1984 841 2021 s.
875 1964 909 2020 J
910 1982 1127 2022 oannes
1142 2008 1159 2035 ,
1208 1984 1347 2022 nam
1390 1965 1543 2021 sicut
1586 1966 1762 2035 diem,
1817 1983 1935 2041 qua
1978 1965 2196 2022 occisus
2248 1969 2334 2021 est
2389 1965 2664 2023 Salvator

216 2065 535 2126 Parasceven
564 2068 823 2126 Paschae
852 2068 1141 2143 adpellat;
1184 2069 1269 2126 ita
1295 2072 1629 2145 sequentem
1661 2068 1886 2125 Pascha
1913 2068 1950 2125 J
1953 2069 2289 2125 udaeorum.
2351 2068 2662 2127 Praeterea

218 2170 335 2245 quid
376 2173 668 2247 Apostolis
714 2172 883 2231 venit
928 2173 994 2228 in
1046 2176 1303 2229 mentem
1346 2172 1630 2247 suspicari
1683 2176 1830 2229 teste
1871 2171 1908 2229 J
1909 2190 2096 2229 oanne
2147 2176 2243 2241 13,
2283 2177 2382 2229 29.
2429 2173 2662 2249 quando

218 2271 445 2333 Christus
486 2275 521 2331 J
524 2276 673 2333 udae
717 2275 1003 2349 proditori
1048 2276 1209 2333 dixit
1256 2276 1429 2353 ‚quod
1482 2276 1627 2333 facis
1669 2276 1764 2333 fac
1809 2276 2022 2345 citius‘‚
2070 2276 2146 2332 iis
2183 2275 2380 2333 verbis
2427 2278 2660 2334 iussisse

216 2375 519 2435 Dominum:
550 2384 620 2436 ut
650 2398 734 2449 ea,
768 2398 917 2457 quae
946 2398 1091 2454 opus
1119 2384 1289 2437 erant
1316 2380 1389 2437 ad
1420 2380 1653 2450 festum,
1687 2384 1919 2449 emeret,
1957 2380 2008 2435 si
2039 2379 2165 2436 iam
2195 2380 2318 2437 dies
2349 2379 2452 2437 ille
2480 2379 2662 2437 festus

213 2482 515 2552 adveneram
560 2483 665 2561 qui
711 2485 763 2541 si
806 2484 925 2541 iam
963 2484 1195 2541 iniisset
1211 2527 1225 2554 ‚
1272 2483 1463 2540 nihilo
1511 2484 1697 2557 magis
1736 2502 1913 2560 quam
1941 2484 2178 2540 sabbato
2195 2527 2210 2553 ‚
2255 2502 2442 2540 emere
2473 2503 2538 2541 eo
2567 2485 2662 2541 die

212 2584 405 2662 aliquid
450 2606 549 2661 per
590 2586 779 2660 legem
821 2585 1062 2645 liceret?
1122 2586 1373 2661 Insuper
1412 2586 1567 2643 diem
1598 2587 1944 2644 Parasceves
1983 2606 2110 2643 eam
2147 2586 2324 2643 fuisse
2355 2605 2460 2644 cur
2489 2590 2662 2645 toties

212 2688 535 2760 inculcatur,
586 2690 705 2746 nisi
746 2694 813 2747 ut
840 2690 1206 2763 significetur
1234 2689 1403 2747 illam
1434 2689 1590 2746 diem
1620 2688 1760 2746 XV.
1807 2689 1931 2747 eius
1962 2689 2310 2747 conditionis
2338 2690 2544 2761 fuisse,
2593 2696 2662 2749 ut

210 2792 359 2849 simul
384 2799 522 2851 esset
552 2794 675 2851 dies
708 2790 979 2869 ἐργασίμη
1010 2794 1309 2867 negotiosa
1336 2812 1455 2852 non
1484 2793 1633 2852 festa
1663 2797 1724 2851 et
1751 2793 2024 2851 solennis.
2087 2792 2282 2855 Quare
2311 2795 2490 2852 etiam
2519 2794 2660 2853 adeo

211 2895 519 2955 festinanter
560 2898 859 2955 sententia
901 2896 1111 2972 capitis
1151 2898 1217 2954 in
1256 2897 1577 2954 Dominum
1616 2896 1740 2953 lata
1777 2901 1863 2953 est
1903 2896 2094 2972 primo
2131 2897 2258 2972 ipso
2291 2898 2386 2955 die
2423 2917 2659 2975 azymo-

210 2998 352 3055 rum?
404 3000 557 3063 Quia
598 3000 780 3057 simul
822 3006 949 3058 erat
976 3001 1297 3059 Parasceve
1335 3000 1623 3068 Paschae;
1667 2999 1880 3058 Joann.
1920 3005 2015 3071 19,
2055 3005 2154 3057 14.
2217 3001 2268 3058 Ι.
2301 3020 2350 3058 e.
2381 3002 2662 3079 quoniam

209 3102 307 3159 dies
332 3104 427 3161 ille
454 3124 571 3162 non
600 3104 813 3175 festus,
861 3105 961 3161 sed
1001 3105 1189 3179 pridie
1232 3104 1351 3161 diei
1388 3104 1522 3161 festi
1552 3103 1700 3173 fuit,
1747 3122 1862 3180 quo
1893 3103 2038 3161 festo
2067 3104 2162 3161 die
2192 3105 2243 3161 si
2273 3104 2560 3162 iudicium
2589 3106 2660 3161 de

208 3224 285 3263 reo
325 3210 785 3277 constitueretur,
836 3208 1125 3265 tumultus
1170 3206 1339 3265 fieret
1375 3208 1439 3264 in
1482 3206 1714 3282 populo.
1776 3207 1991 3264 Matth.
2029 3212 2128 3277 26,
2157 3211 2223 3263 -5.
2285 3207 2349 3264 Si
2379 3208 2661 3265 adiuncta

210 3312 605 3385 perpendimus,
653 3312 833 3373 huius
877 3311 1109 3368 consilii
1156 3330 1271 3367 non
1302 3310 1422 3367 alia
1464 3314 1552 3367 est
1580 3329 1778 3381 causa,
1823 3329 2000 3386 quam
2041 3314 2250 3381 metus,
2291 3329 2364 3366 ne
2407 3311 2656 3385 populus

208 3412 555 3473 celebratione
584 3415 958 3484 iudiciorum,
992 3414 1353 3471 baiulatione
1376 3414 1581 3484 crucis,
1614 3413 1932 3471 mulierum
1957 3414 2474 3471 concomitantium
2505 3412 2654 3471 fietu

208 3516 577 3577 offenderetur.
671 3518 900 3575 Deinde
950 3518 1235 3594 quomodo
1296 3516 1632 3574 duumviris
1688 3517 1725 3574 J
1727 3518 1939 3591 osepho
1995 3535 2064 3575 ac
2113 3518 2168 3573 N
2173 3517 2430 3575 icodemo
2488 3517 2661 3575 licuit

207 3619 469 3679 sindonem
520 3628 581 3679 et
634 3626 897 3680 aromata
952 3640 1141 3678 emere
1201 3620 1393 3696 prima
1450 3622 1543 3677 die
1602 3639 1977 3696 azymorum3
2039 3640 2316 3697 quorsum
2375 3622 2658 3697 deponere

207 3722 263 3778 de
296 3744 449 3783 cruce
499 3727 881 3784 Dominicum
926 3744 1131 3801 corpus
1174 3744 1243 3783 ac
1284 3724 1527 3800 sepelire
1586 3728 1966 3782 maturarunt
2021 3725 2181 3781 omni
2241 3724 2654 3783 festinatione?

210 3834 409 3903 propter
434 3848 785 3905 parasceven
816 3829 853 3887 J
855 3831 1189 3900 udaeomm,
1232 3828 1337 3906 qui
1368 3829 1490 3886 dies
1518 3828 1810 3903 profestus
1837 3828 1972 3899 fuit,
2018 3828 2342 3886 destinatus
2383 3828 2656 3903 operibus

208 3932 470 3991 obeundis.
532 3934 907 3991 Verebantur
951 3934 1249 3991 enimvero
1292 3952 1367 3989 ne
1404 3935 1580 3991 initio
1618 3934 1753 3991 festi
1793 3939 1852 3992 et
1890 3936 2130 3993 sabbato
2169 3935 2499 4007 ingruente,
2545 3934 2655 3990 isto

208 4032 345 4110 fungi
372 4038 582 4108 officio,
618 4056 687 4095 ac
718 4039 875 4095 iusta
902 4038 1088 4095 facere
1127 4038 1596 4111 prohiberentur.
1651 4037 1862 4095 Joann.
1903 4043 1997 4108 19,
2034 4042 2133 4107 42,
2194 4038 2377 4095 Marc.
2419 4041 2514 4105 15,
2552 4042 2653 4093 42.

208 4135 321 4196 Luc.
352 4147 445 4213 23,
482 4146 583 4199 54.
646 4142 993 4198 omittimus
1032 4159 1181 4218 quae
1208 4140 1288 4197 'ea
1334 4146 1533 4211 nocte,
1574 4146 1635 4197 et
1663 4141 1772 4198 sub
1802 4160 2066 4199 auroram
2089 4184 2103 4211 ,
2155 4141 2410 4216 adeoque
2455 4145 2655 4215 coepto

210 4239 301 4297 iam
326 4244 484 4315 festo,
517 4247 675 4303 servi
706 4246 1090 4315 sacerdotum,
1125 4245 1379 4321 adeoque
1408 4244 1442 4300 J
1448 4244 1616 4302 udaei
1649 4244 1896 4318 egerint.
1953 4244 2354 4301 Substitutum
2384 4244 2562 4301 etiam
2594 4248 2654 4301 et

208 4343 255 4398 vi
274 4349 613 4424 compulsum
636 4367 760 4407 esse
783 4349 1081 4406 hominem
1099 4348 1481 4424 Cyrenaeum,
1508 4348 1806 4407 Simonem
1829 4348 2080 4417 nomine,
2111 4352 2385 4404 tacemus.
2417 4350 2516 4404 An
2541 4346 2653 4405 hoc

208 4464 313 4505 cum
348 4452 594 4511 Paschae
639 4452 955 4511 sanctitate
999 4454 1267 4527 componi
1312 4451 1538 4528 potest?
1618 4452 1782 4509 Haec
1825 4451 2022 4509 omnia
2071 4468 2210 4507 sane
2253 4452 2442 4508 vetita
2483 4455 2655 4508 erant

208 4551 425 4613 abbate.
498 4556 673 4614 Nihil
715 4554 879 4613 enim
922 4555 1143 4613 diversi
1180 4556 1433 4613 habebat
1470 4557 1699 4613 vacatio
1729 4574 1764 4611 a
1794 4554 2090 4613 laboribus
2125 4555 2220 4611 die
2251 4554 2397 4611 festo
2427 4574 2464 4611 a
2492 4553 2656 4611 feriis
