3267 5259
932 442 1153 485 Secundus
1179 442 1397 493 praeconii
1428 443 1635 485 coelestis
1665 454 1819 484 annus.
2545 428 2630 493 63

180 614 529 680 efferebatur
574 638 615 681 a
657 616 1155 703 vespillonibus,
1196 639 1233 681 e
1263 618 1535 682 mortuis
1576 616 1992 681 resuscitavit
2033 616 2354 701 matrique
2384 613 2630 679 incolu-

178 750 317 792 mem
352 730 625 793 restituit
650 734 691 793 ¹.
772 730 879 793 Ita
924 728 1047 812 ,ille
1094 730 1377 795 afferens
1422 728 1848 811 medicinam,
1898 751 2066 815 quae
2115 730 2631 813 corruptissimos

180 863 353 903 mores
380 850 687 907 sanatura
719 851 917 925 esset,
961 842 1290 907 miraculis
1337 841 1708 907 conciliavit
1737 842 2210 923 auctoritatem,
2243 842 2630 905 auctoritate

180 954 371 1017 meruit
421 952 649 1036 fidem,
712 954 849 1019 fide
917 956 1243 1020 contraxit
1284 953 1764 1019 multitudinem
1783 954 1850 1017 2.‘
1909 953 2093 1018 Inter
2143 952 2310 1017 haec
2355 953 2632 1017 Joannis

182 1064 240 1127 B.
278 1064 549 1151 discipuli
596 1069 917 1152 magistro
965 1090 1082 1131 suo
1130 1075 1496 1149 narrarunt,
1547 1088 1715 1153 qua-e
1748 1065 1981 1130 fierent
2035 1074 2100 1129 et
2146 1044 2518 1130 dicerentur
2549 1065 2630 1129 de

184 1177 327 1241 Jesu.
407 1178 717 1243 Creditur
762 1180 1093 1265 Baptistes
1138 1178 1428 1244 nonnihil
1480 1178 1764 1243 invidiae
1809 1180 1876 1242 in
1921 1180 2051 1243 suis
2097 1177 2632 1243 animadvertisse

187 1288 487 1376 discipulis,
520 1291 963 1376 quamobrem
1005 1302 1080 1356 ut
1116 1302 1342 1378 aptum
1372 1289 1603 1356 morbo
1634 1290 1996 1355 remedium
2027 1290 2386 1374 adhiberet,
2419 1290 2632 1355 simul-

189 1425 283 1486 que
322 1403 453 1467 illos
503 1406 569 1467 in
618 1404 755 1469 fide
779 1404 1061 1469 Messiae
1094 1405 1529 1487 confirmaret,
1563 1427 1650 1469 ex
1697 1426 1961 1469 carcere
1993 1402 2080 1467 ad
2112 1402 2437 1469 Christum
2469 1403 2634 1469 duos

188 1535 213 1577 e
248 1516 358 1579 suis
397 1516 797 1602 sequacibus
850 1519 1025 1581 misit
1070 1540 1220 1581 eum
1254 1520 1682 1603 quaesiturOS,
1729 1540 1812 1581 an
1857 1516 1964 1581 ille
2013 1525 2186 1581 esset
2227 1516 2478 1581 tamdiu
2523 1539 2633 1580 ex-

188 1638 467 1710 spectatus
512 1630 843 1694 Messias?
892 1628 1018 1709 Qui
1066 1652 1214 1695 cum
1262 1629 1346 1693 ad
1399 1630 1629 1694 Jesum
1674 1638 2016 1712 venerunt,
2065 1628 2638 1715 deprehenderunt

186 1740 357 1823 ipsum
395 1740 841 1827 Evangelium
885 1744 1390 1807 annunciantem
1432 1752 1628 1827 atque
1669 1743 1886 1806 varios
1932 1752 2237 1827 aegrotos
2277 1753 2634 1807 curantem.

187 1850 267 1913 Ad
301 1856 773 1937 quaestionem:
809 1865 881 1919 tu
914 1878 983 1919 es
1016 1857 1126 1940 qui
1158 1864 1469 1919 venturus
1503 1854 1621 1919 es?
1667 1854 1824 1918 nihil
1869 1853 2045 1918 aliud
2089 1854 2445 1940 respondit,
2494 1856 2636 1938 nisi,

187 1988 239 2026 se
270 1978 473 2050 optare
518 1976 593 2031 ut
645 1970 913 2049 reversi,
948 1990 1116 2053 quae
1151 1967 1355 2032 oculis
1404 1976 1469 2031 et
1507 1966 1773 2031 auribus
1808 1968 2242 2052 excepissent,
2275 1976 2632 2031 narrarent.

189 2076 345 2142 Caeci
385 2080 745 2163 intuentur,
794 2078 1011 2144 claudi
1054 2080 1387 2163 incedunt,
1433 2079 1676 2165 leprosi
1722 2080 2134 2163 mundantur,
2183 2080 2391 2144 surdis
2422 2090 2636 2165 pates-

190 2202 309 2253 cunt
348 2184 563 2276 aures,
625 2194 765 2256 vita
810 2192 1017 2257 functi
1078 2192 1163 2257 ad
1220 2196 1423 2258 vitam
1468 2202 1880 2274 revocantur,
1940 2215 2265 2279 pauperes
2313 2192 2636 2277 evangeli-

186 2313 389 2386 zantur,
433 2316 499 2369 et
542 2305 805 2388 beatuS,
856 2307 965 2391 qui
1008 2306 1076 2369 in
1120 2328 1227 2370 me
1274 2330 1405 2371 non
1452 2306 1647 2369 fuerit
1693 2303 2072 2369 scandalum
2118 2328 2351 2391 passus
2369 2309 2411 2368 ³.
2459 2305 2635 2369 Abe-

188 2415 405 2481 untibus
432 2441 633 2504 porro
666 2418 945 2483 Joannis
976 2417 1327 2504 discipulis,
1358 2441 1441 2482 ne
1477 2441 1698 2482 coram
1728 2420 1884 2503 ipsis
1914 2417 2242 2482 laudando
2273 2419 2638 2503 Baptistam

186 2525 343 2592 Jesus
364 2540 841 2594 assentatorem
866 2553 1061 2616 agere
1087 2530 1438 2613 videretur,
1464 2530 1691 2612 turbiS,
1723 2529 1992 2595 huiusce
2022 2530 2367 2615 legationis
2399 2542 2638 2615 myste-

186 2640 319 2703 rium
340 2644 595 2727 ignaris,
620 2666 865 2727 magna
891 2652 955 2707 et
978 2644 1248 2707 mirifica
1270 2653 1584 2730 tantoque
1615 2645 1756 2706 viro
1785 2642 2162 2727 dignissima
2207 2642 2388 2706 dixit.
2434 2641 2642 2707 Multa

189 2772 407 2837 quoque
438 2758 503 2818 in
534 2754 931 2819 Pharisaeos
976 2754 1231 2819 locutus
1279 2766 1379 2820 est
1421 2756 1750 2820 Joannem
1785 2766 1849 2819 et
1896 2756 2222 2821 Christum
2253 2757 2639 2838 reiicientcs,

186 2863 370 2931 addita
408 2867 597 2931 simul
646 2866 1157 2953 exprobratione
1206 2878 1435 2933 contra
1491 2870 1786 2933 civitates
1833 2868 2244 2951 Chorozaim,
2286 2868 2640 2932 Bethsaida

188 2991 237 3037 et
275 2978 745 3064 Capharnaum,
794 2979 970 3065 apud
1004 3002 1166 3065 quas
1215 2982 1479 3065 egregia
1510 2990 1802 3066 patratus
1851 2990 2041 3063 esset,
2075 2982 2573 3065 impoenitentes
2597 2984 2640 3044 ⁴.

190 3086 403 3155 Christo
446 3092 627 3177 apud
680 3090 1015 3157 Simonem
1068 3092 1538 3157 Pharisaeum⁵
1585 3116 1852 3157 mensae
1909 3091 2364 3175 accumbente,
2412 3093 2643 3157 mulier

192 3202 473 3282 quaedam
549 3206 1029 3290 peccatricis
1098 3207 1359 3269 nomine
1427 3214 1585 3271 nota
1614 3209 1671 3288 ⁶,
1746 3206 2024 3270 convivii
2088 3207 2642 3291 opportunitatem

188 3326 347 3377 nacta
378 3315 459 3379 ad
494 3316 823 3381 Christum
851 3318 1148 3399 accessit,
1185 3319 1451 3404 eiusque
1484 3316 1764 3403 pedibus
1794 3316 2214 3403 provolvitur,
2251 3339 2413 3402 quos
2435 3315 2642 3402 lacry—

192 3426 287 3487 mis
318 3430 501 3513 rigat,
542 3429 793 3516 capillis
831 3428 1130 3514 detergit,
1174 3429 1359 3494 labiis
1385 3430 1820 3494 deosculatur.
1863 3429 1943 3493 Id
1965 3430 2352 3494 Pharisaeus
2377 3431 2644 3493 intuitus

192 3540 365 3603 secius
410 3540 493 3604 de
531 3542 695 3606 Jesu
728 3544 967 3605 sentire
1012 3544 1259 3627 coepit;
1312 3542 1489 3627 quod
1523 3544 1832 3607 feminam
1867 3565 2064 3627 quam
2107 3544 2398 3628 corporis
2439 3542 2644 3628 pudo-

190 3648 373 3734 risque
406 3653 751 3739 prodigam
782 3664 1077 3735 noverat,
1132 3653 1456 3740 colloquio
1500 3654 1903 3739 dignaretur3
1951 3658 2253 3739 ignorare
2295 3666 2648 3741 propterea

192 3758 485 3829 Christum
524 3768 817 3853 putavit,
862 3789 1185 3852 quaenam
1220 3776 1393 3831 esset
1423 3766 1533 3830 illa
1562 3768 1811 3831 mulier.
1881 3767 2180 3831 Hominis
2213 3770 2646 3831 temeritatem

192 3880 491 3960 prnposito
523 3878 864 3944 creditoris
898 3880 1201 3966 exemplo
1228 3881 1272 3945 J
1276 3903 1423 3944 esus
1455 3883 1689 3964 arguit,
1745 3882 1855 3965 qui
1887 3878 2288 3945 debitoribus
2320 3877 2644 3964 inaequali

194 4006 319 4050 aere
374 3990 697 4056 obstrictis
750 4014 1072 4056 summam
1116 3994 1488 4058 remisisset.
1558 3992 1802 4057 Annon
1844 4016 2002 4077 erga
2047 4016 2194 4056 eum
2241 3992 2646 4077 propensior,

376 4182 415 4246 ¹)
452 4184 577 4235 Luc.
608 4187 653 4247 7,
688 4185 907 4234 11-17,
944 4184 987 4249 ²)
1016 4184 1069 4233 S.
1095 4184 1425 4251 Augustinus
1460 4186 1527 4235 de
1560 4185 1675 4235 util.
1703 4202 1774 4235 cr.
1803 4185 1944 4247 XIV,
1978 4202 2028 4235 n.
2058 4188 2138 4235 33.
2165 4203 2217 4250 p.
2245 4186 2326 4234 66.
2380 4185 2420 4249 ³)
2456 4184 2556 4233 His
2590 4200 2649 4234 se

196 4278 349 4315 τεἰἰιιιι
372 4268 615 4321 Messium
651 4286 771 4321 esse
806 4270 1205 4334 demonstravit,
1240 4288 1360 4321 cum
1396 4273 1575 4321 omnia
1608 4286 1746 4337 quae
1782 4272 1846 4321 de
1882 4272 2091 4322 Christo
2120 4271 2291 4321 Isaias
2325 4272 2650 4321 vaticinatus

197 4350 343 4402 fuerat
366 4356 447 4414 35,
478 4361 525 4407 5.
551 4360 634 4419 61,
662 4361 729 4420 1.,
755 4358 999 4407 veritatis
1024 4358 1269 4408 effectum
1296 4359 1611 4409 obtinerent.
1650 4359 1693 4423 ⁴)
1737 4359 1890 4408 Haec
1914 4359 2084 4408 fusius
2112 4364 2362 4407 enarrata
2385 4338 2650 4407 habentur

197 4433 359 4488 March.
383 4456 431 4490 c.
456 4446 532 4493 11.
556 4461 609 4509 p.
637 4446 672 4493 i.
694 4444 831 4493 Luc.
870 4444 918 4503 7,
957 4445 1037 4493 18.
1062 4461 1105 4498 s.
1145 4447 1225 4507 10,
1264 4448 1345 4495 13.
1380 4461 1423 4495 s.
1450 4444 1530 4495 cf.
1558 4462 1603 4495 e.
1628 4446 1682 4495 J.
1707 4445 1891 4507 thll,
1928 4446 2094 4510 eclog.
2134 4444 2262 4495 Obs.
2287 4444 2330 4495 Ι.
2365 4448 2415 4507 3,
2452 4447 2534 4495 36.
2584 4446 2648 4494 V.

198 4521 299 4573 Not·
322 4542 489 4593 geogr.
514 4547 563 4595 p.
588 4532 701 4579 XL.
728 4530 825 4579 lx.
885 4530 927 4593 ⁵)
963 4530 1029 4579 In
1061 4532 1193 4581 urbe
1218 4533 1411 4581 Naim?
1470 4531 1512 4595 θ)
1538 4532 1714 4580 Maria
1741 4530 2088 4596 Magdalena‚
2123 4548 2275 4581 soror
2304 4532 2516 4581 Lazari.
2565 4530 2650 4581 De

200 4624 291 4673 qua
310 4614 475 4677 pecul.
498 4616 714 4682 disquis.
750 4617 811 4666 in
848 4619 1077 4682 append.
1114 4618 1183 4668 ad
1222 4618 1312 4667 alt.
1350 4618 1401 4667 h.
1439 4618 1640 4667 Hister.
1680 4622 1844 4683 caput
1876 4619 2156 4668 tractaturi
2191 4632 2389 4669 sumus.
