3267 5259
1285 454 1329 493 s,
1358 450 1473 495 ratri
1504 384 1728 504 opi-ione.
2605 438 2686 505 47
2692 437 2732 505 3

258 624 481 691 vivum
540 626 861 692 accedant
904 626 1277 711 credentes,
1322 626 1635 693 honorem
1681 628 2278 714 reportare31icut
2323 650 2358 691 e
2405 628 2729 693 contrario

258 739 571 807 damnum
613 739 709 823 hi,
774 742 885 828 qui
948 762 1065 826 per
1116 740 1315 807 fidem
1362 740 1443 806 ad
1488 741 1557 805 id
1602 740 1972 807 aedificium
2025 741 2373 805 convenire
2418 739 2666 805 nollent
2691 743 2728 807 ¹.

260 852 612 921 Generalia
640 854 893 920 virtutis
924 862 1279 941 praecepta
1296 855 1341 937 ²,
1385 853 1700 920 honestae
1730 855 1899 920 inter
1927 862 2156 939 gentes
2197 854 2729 936 conversationis,

258 964 719 1033 adcommodat
758 988 954 1053 porro
985 989 1035 1035 s.
1072 966 1305 1033 Petrus
1336 966 1421 1032 ad
1450 969 1666 1032 varias
1694 969 1869 1032 vitae
1907 966 2228 1033 humanae
2263 965 2666 1033 conditiones
2683 968 2726 1029 ³.

258 1077 425 1145 Tum
472 1080 765 1165 sequitur
803 1078 1161 1145 cohortatio
1192 1080 1277 1144 ad
1306 1079 1690 1166 religionem
1724 1079 2136 1146 christianam
2171 1102 2388 1145 coram
2431 1078 2729 1144 omnibus

254 1191 575 1279 intrepide
600 1192 1053 1279 profitendam.
1087 1192 1483 1259 Corroborat
1506 1192 1806 1280 exemplo
1830 1195 2150 1283 passionis
2167 1192 2250 1258 D.
2269 1192 2348 1259 N.
2368 1192 2430 1258 J.
2451 1191 2725 1257 Christi*

254 1304 641 1370 innocentes
708 1304 933 1371 fideles
999 1308 1519 1393 persecutionem
1586 1328 1816 1393 passos
1839 1310 1882 1370 ⁵.
1957 1306 2281 1394 Loquitur
2347 1304 2428 1370 de
2498 1303 2724 1388 salute,

258 1438 454 1503 quam
500 1439 619 1504 per
660 1417 1057 1505 baptismum
1100 1420 1447 1506 recipimus
1490 1421 1557 1484 in
1603 1417 2082 1485 similitudinem
2131 1428 2384 1501 eorum,
2433 1420 2542 1507 qui
2575 1439 2729 1483 arca

254 1530 440 1597 Noae
487 1533 723 1597 servati
770 1542 938 1616 sunt,
986 1542 1183 1619 atque
1232 1532 1311 1596 de
1359 1532 1846 1618 praedicatione
1878 1532 2039 1599 Jesu
2071 1532 2306 1600 Christi
2353 1533 2418 1599 in
2465 1530 2660 1597 limbo
2683 1533 2726 1596 ⁶.

254 1644 464 1730 Urget
511 1644 747 1711 Christi
791 1647 1107 1731 sanguine
1151 1645 1509 1729 redemtos,
1570 1656 2051 1734 renovatosque
2096 1646 2454 1733 baptismo,
2500 1654 2572 1709 ut
2617 1645 2726 1730 qui

253 1780 396 1823 sese
444 1768 641 1825 antea
687 1759 855 1824 vitiis
876 1762 898 1803 ⁷
955 1757 1293 1842 dederunt,
1352 1780 1431 1823 ea
1476 1758 1787 1846 deinceps
1833 1758 2176 1845 diligenter
2221 1767 2517 1823 caveant.
2585 1757 2728 1823 Erit

254 1872 517 1959 quando
563 1870 749 1937 Deus
796 1870 877 1935 de
922 1874 1211 1958 peccatis
1255 1882 1511 1958 repetat
1553 1895 1799 1959 poenas
1845 1874 1910 1936 in
1955 1874 2172 1939 futuro
2220 1872 2490 1955 iudicio,
2547 1870 2727 1961 quod

252 1983 407 2049 inde
456 1986 891 2071 cognoscitur3
941 1987 1247 2072 quoniam
1294 1985 1628 2053 Christusss
1671 1996 1940 2074 propter
1993 1986 2159 2053 hanc
2205 1988 2412 2074 ipsam
2460 2007 2724 2050 causam

250 2096 458 2163 voluit
502 2097 586 2163 ad
637 2099 883 2165 inferos
937 2099 1338 2165 descendere
1360 2102 1401 2165 ⁹.
1466 2101 1738 2185 Ingruet
1799 2110 2128 2165 extremus
2182 2103 2354 2165 vitae
2415 2100 2580 2182 finis,
2640 2098 2724 2163 ad

252 2232 451 2299 quem
516 2233 636 2277 nos
697 2222 961 2301 paratos
1026 2235 1169 2278 esse
1239 2222 1494 2299 oportet
1516 2216 1583 2279 ¹⁰.
1662 2212 2105 2280 Subliciuntur
2169 2236 2392 2280 rursus
2460 2212 2725 2299 egregia

247 2494 368 2529 cum
404 2478 776 2540 fundamento;
822 2481 877 2528 in
915 2494 1019 2545 quo
1056 2478 1300 2529 aedificio
1337 2481 1547 2545 ipsimet
1582 2478 1916 2531 coaedificati
1951 2479 2180 2546 quodam
2221 2480 2510 2545 fungantur
2545 2478 2722 2529 officio

247 2566 569 2627 sacerdotis,
616 2564 943 2631 offerantque
979 2568 1073 2616 uni
1109 2568 1227 2617 Deo
1264 2567 1590 2633 gratissimas
1633 2568 1834 2617 hostias
1880 2582 1978 2633 per
2021 2567 2256 2617 eiusdem
2305 2569 2390 2617 cui
2437 2566 2724 2617 cohaerent

246 2651 544 2703 Salvator-is
568 2654 773 2703 merita.
820 2654 938 2704 Vox
974 2650 1277 2718 ,,αὖξηθῆ’τε“
1306 2657 1354 2717 2,
1381 2657 1429 2704 2.
1460 2670 1646 2705 ansam
1682 2654 1862 2704 dedit
1885 2655 2184 2719 integrae
2209 2653 2496 2720 allegoriae
2523 2653 2720 2703 ducen-

246 2740 365 2791 dae.
404 2741 647 2806 Namque
682 2756 779 2807 per
819 2740 957 2791 hanc
993 2743 1163 2806 ipsam
1200 2756 1242 2791 s.
1279 2742 1468 2791 Petrus
1508 2741 1744 2791 defertur
1777 2741 1846 2791 ad
1881 2742 2254 2807 cogitationem
2299 2738 2542 2802 aedificii,
2579 2742 2721 2791 iacto

244 2827 593 2877 fundamento
618 2828 779 2879 altius
806 2828 1131 2879 exstruendi.
1176 2829 1499 2893 Agnoscitur
1521 2829 1575 2877 in
1608 2828 1712 2877 hac
1738 2829 1879 2879 omni
1913 2830 1960 2891 2,
1988 2831 2174 2878 4—10.
2209 2828 2438 2893 imagine
2463 2826 2722 2877 fervidum

244 2914 515 2980 ingenium
538 2915 699 2977 Petri,
738 2931 801 2965 ex
828 2930 937 2965 una
959 2915 1083 2966 idea
1118 2918 1295 2966 statim
1320 2916 1479 2966 aliam
1506 2915 1772 2981 quandam
1811 2916 2176 2981 concipientis.
2223 2914 2449 2965 Additur
2486 2916 2534 2976 2,
2567 2915 2720 2964 6-8.

244 3002 421 3053 Isaiae
448 3004 532 3065 26,
561 3006 641 3053 16.
680 3018 897 3069 asperso
933 3003 1021 3053 Ps.
1058 3005 1173 3067 118,
1199 3006 1309 3067 22.;
1347 3004 1450 3053 loci
1486 3003 1724 3053 unanimi
1760 3002 2088 3053 Judaeorum
2123 3017 2386 3053 consensu
2420 3002 2486 3052 de
2523 3002 2722 3052 Messia

245 3090 515 3157 explicare
552 3090 695 3140 soliti
731 3092 1113 3156 interpretatiO.

456 3176 493 3243 ¹)
530 3176 737 3243 Elogiis
782 3192 923 3243 quae
973 3177 1095 3227 olim
1142 3177 1209 3227 de
1252 3177 1477 3227 Judaeis
1523 3179 1876 3243 pronunciata
1925 3184 2077 3227 erant
2121 3176 2290 3227 Exod.
2331 3178 2419 3240 19,
2455 3179 2500 3226 5.
2559 3176 2720 3225 Deut.

242 3266 293 3325 4,
327 3265 415 3313 20.
455 3264 503 3325 7,
538 3266 587 3313 6.
628 3266 709 3327 10,
746 3266 827 3314 15.
875 3264 963 3314 Ps.
1000 3266 1115 3327 134,
1150 3267 1201 3314 4.
1248 3264 1372 3314 Isai.
1397 3266 1481 3327 62,
1510 3266 1589 3315 12.
1642 3264 1816 3316 Oscae
1847 3267 1895 3327 2,
1931 3267 2013 3314 23.
2047 3266 2116 3327 4.,
2153 3268 2308 3313 ornat
2343 3270 2398 3313 et
2431 3262 2721 3329 amplificat

244 3351 653 3417 descriptionem
690 3351 961 3417 dignitatis
1000 3350 1434 3402 Christianorum.
1496 3350 1536 3417 ²)
1575 3354 1623 3414 2,
1663 3356 1742 3402 11.
1779 3354 1858 3401 12.
1922 3350 1962 3418 ³)
1999 3350 2348 3402 Commendat
2382 3351 2722 3401 vehementer

242 3440 291 3500 2,
332 3440 554 3489 13-18.
602 3438 959 3489 obedientiam
1004 3438 1259 3489 adversus
1305 3440 1670 3503 magistratus,
1727 3440 1879 3489 cuius
1925 3444 2006 3489 est
2054 3440 2350 3505 praemiare
2400 3453 2464 3489 ac
2509 3439 2719 3503 punire.

241 3525 431 3575 Tradit
466 3528 517 3589 2,
546 3526 765 3576 18—26.
803 3524 981 3575 officia
1014 3542 1305 3589 servorum,
1343 3542 1475 3591 quos
1515 3526 1825 3577 exhortatur
1850 3526 1918 3576 ad
1946 3528 2258 3593 obsequium
2297 3525 2522 3577 dominis
2551 3512 2718 3575 'etiam

242 3612 475 3679 obliquis
518 3613 923 3679 praestandum3
970 3620 1025 3663 et
1059 3620 1119 3663 ut
1155 3614 1467 3663 afflictiones
1515 3614 1583 3664 ad
1626 3615 1974 3663 imitationem
2021 3613 2216 3663 Christi
2259 3614 2449 3663 ferant.
2511 3613 2717 3662 Uxores

240 3702 367 3750 viris
403 3700 783 3765 subiiciantur3
823 3702 923 3750 viri
961 3716 1065 3767 quo
1096 3702 1322 3759 scientia
1356 3703 1529 3766 magis
1564 3702 1750 3751 valent
1772 3707 1826 3751 et
1849 3703 2182 3763 auctoritate,
2221 3700 2510 3766 prudenter
2533 3701 2720 3749 vivant

238 3802 358 3838 cum
402 3788 685 3850 uxoribus,
734 3804 909 3854 neque
954 3792 1215 3855 potestate
1265 3803 1364 3838 sua
1410 3791 1467 3839 in
1508 3789 1757 3838 mulieres
1805 3788 2109 3839 abutantur.
2157 3792 2206 3850 3,
2247 3791 2397 3838 1-7,
2454 3788 2612 3839 Redit
2647 3786 2716 3837 ad

238 3890 399 3925 uuum
446 3876 616 3925 mutui
664 3877 859 3926 amoris
906 3876 1228 3938 mandatum,
1278 3876 1347 3925 ad
1397 3876 1539 3942 quod
1588 3876 1820 3925 omnium
1868 3874 2144 3941 hucusque
2192 3880 2714 3927 commemoratorum

240 3962 535 4014 officiorum
570 3964 825 4013 ambitum
868 3968 1101 4013 revocat.
1140 3965 1189 4026 3,
1225 3964 1273 4013 8.
1309 3966 1358 4013 9.
1418 3963 1748 4013 Testimonio
1785 3962 1986 4013 Psalmi
2023 3964 2105 4025 33,
2146 3966 2226 4013 13.
2270 3963 2713 4023 maledicentiam,

238 4066 376 4116 quae
412 4052 559 4100 vitae
596 4054 847 4101 aeternae
884 4050 1085 4101 aditum
1119 4051 1442 4111 intercludit,
1482 4051 1753 4101 vitandam
1789 4066 1908 4101 esse
1943 4049 2116 4121 docet.
2154 4053 2202 4112 3,
2233 4053 2312 4101 10.
2362 4050 2550 4101 Statim
2585 4066 2713 4101 vero

238 4139 589 4189 commatibus
628 4139 973 4204 sequentibus
1010 4141 1059 4201 3,
1097 4142 1317 4189 11—14.
1356 4138 1613 4188 relabitur
1649 4138 1718 4188 ad
1755 4138 2004 4203 generale
2048 4139 2257 4189 virtutis
2302 4138 2532 4188 studium
2574 4152 2712 4187 com-

236 4225 609 4276 mendandum.
680 4224 723 4291 ⁸)
760 4227 843 4275 De
880 4238 987 4293 qua
1022 4226 1178 4277 toties
1216 4240 1280 4276 ac
1316 4230 1467 4277 tanto
1505 4226 1668 4275 animi
1705 4225 1900 4275 affectu
1935 4225 2196 4292 loquitur3
2239 4226 2518 4277 nominans
2556 4226 2714 4275 etiam

236 4316 283 4374 5,
312 4316 358 4362 1.
397 4328 457 4364 se
492 4317 682 4363 testem
718 4313 1025 4378 passionum
1062 4314 1191 4363 eius.
1254 4312 1295 4379 ⁵)
1333 4316 1381 4375 3,
1412 4315 1629 4364 15—18.
1694 4312 1734 4377 θ)
1775 4316 1824 4375 3,
1859 4316 2078 4364 19-20,
2115 4314 2177 4363 V.
2205 4331 2254 4380 p.
2283 4314 2398 4363 162.
2424 4327 2466 4362 s.
2515 4312 2711 4362 Volen-

236 4400 375 4450 tibus
412 4402 555 4450 intra
588 4400 890 4450 Ecclesiam
924 4414 1139 4451 manere
1186 4401 1342 4467 eique
1389 4400 1607 4451 obedire
1644 4400 2040 4465 satagentibus,
2089 4400 2233 4450 salus
2271 4404 2325 4449 et
2359 4398 2712 4451 sanctificatio

236 4488 485 4553 obtingit3
512 4487 607 4537 sed
634 4492 783 4537 extra
805 4486 951 4537 illam
976 4488 1293 4549 constitutis,
1319 4486 1406 4537 vel
1432 4488 1545 4559 eius
1568 4487 1824 4537 mandata
1846 4504 1954 4538 non
1981 4487 2410 4553 exsequentibus,
2435 4486 2708 4537 damnatio

237 4579 289 4623 ct
330 4574 575 4640 perditio.
622 4575 681 4636 3,
718 4576 801 4623 21.
838 4576 919 4623 22.
994 4574 1035 4640 ⁷)
1075 4574 1309 4635 Quorum
1354 4574 1613 4624 nonnulla
1661 4574 1824 4640 paulo
1871 4576 2040 4639 magis
2089 4579 2312 4624 externa
2355 4575 2710 4640 gravioraque

236 4668 489 4713 recenset.
566 4660 609 4726 Β)
650 4659 749 4709 Cui
786 4662 1065 4711 commissa
1102 4666 1184 4711 est
1218 4661 1485 4711 iudicandi
1523 4666 1776 4729 potestas.
1851 4661 1893 4725 ⁹)
1933 4664 1983 4726 4,
2023 4663 2170 4715 1-6,
2251 4663 2310 4727 ¹⁰)
2348 4664 2397 4727 4,
2438 4663 2485 4713 7.
