3267 5259
1076 471 1293 517 Ecclesiae
1319 473 1435 516 inter
1460 474 1643 515 adversa
1673 472 1808 525 vigor.
2543 457 2669 525 48],

200 658 552 733 praedicatio
578 657 1025 733 imperatoribus
1040 656 1284 713 Claudio
1302 660 1361 712 et
1375 655 1627 713 Nerone.
1657 655 1911 712 Istorum
1937 652 2102 711 aulae
2125 652 2360 729 quantis
2383 672 2672 729 quamque

200 763 519 821 infamibus
571 763 737 821 vitiis
788 762 1116 832 sorderent,
1176 758 1409 818 Tacitus
1462 759 1715 835 locuples
1770 759 1931 816 testis
1977 762 2080 814 est.
2141 757 2409 815 Nefanda
2457 757 2672 815 saeculi

200 868 369 925 istius
401 867 654 925 crimina
684 866 915 944 publice
946 864 1219 923 insectari
1250 884 1370 922 non
1401 864 1751 922 dubitarunt
1795 863 2097 932 Horatius,
2148 861 2469 933 Iuvenalis,
2511 862 2672 920 Mar-

201 972 375 1043 tialis,
434 972 775 1040 Petronius;
830 991 893 1029 eo
946 971 1097 1049 quod
1152 968 1381 1046 publice
1434 968 1539 1026 illa
1587 972 1922 1043 perpetrare
1975 985 2142 1023 nemo
2193 967 2420 1024 veritus
2471 966 2670 1024 fuerit.

198 1077 461 1134 Eandem
518 1081 847 1153 temporum
904 1074 1341 1151 improbitatem
1401 1072 1755 1131 confirmant
1811 1072 1876 1129 in
1934 1070 2052 1129 suis
2113 1070 2282 1128 libris
2340 1070 2668 1141 Suetonius,

200 1180 499 1238 Historiae
551 1184 848 1255 Augustae
893 1182 1227 1255 scriptoreS,
1283 1180 1597 1256 Pati-esque
1643 1177 1958 1246 Ecclesiae3
2014 1178 2188 1233 verbo
2211 1220 2224 1245 ,
2275 1180 2556 1254 quotquot
2603 1178 2674 1233 de

202 1286 460 1343 moribus
490 1286 613 1343 eius
644 1285 851 1343 aetatis
894 1303 1218 1342 sermonem
1246 1282 1475 1340 faciunt
1496 1280 1531 1340 ¹.
1582 1282 1786 1360 Neque
1829 1280 2016 1355 magis
2048 1280 2273 1351 efferre,
2307 1300 2366 1337 se
2397 1300 2673 1359 suamque

200 1390 537 1448 hominibus
568 1390 834 1447 divinam
878 1388 1051 1465 plane
1080 1390 1205 1447 vim
1244 1406 1311 1446 ac
1339 1388 1625 1445 virtutem
1658 1388 1902 1462 probare
1933 1385 2060 1442 Lex
2107 1385 2419 1459 Evangelii
2461 1387 2670 1462 potuit,

202 1514 379 1572 quam
430 1514 561 1551 cum
604 1496 673 1552 de
715 1495 937 1551 duabus
980 1494 1093 1551 sibi
1139 1494 1396 1550 maxime
1439 1492 1718 1568 oppositis
1757 1490 2105 1549 adversariis
2148 1490 2313 1548 vicit.
2369 1491 2678 1565 Pugnabat

206 1600 363 1655 enim
409 1618 540 1655 cum
588 1598 964 1674 simplicitate
1008 1596 1145 1654 fidei
1192 1595 1509 1671 multiplex
1553 1595 1800 1653 scientia
1830 1600 1890 1652 et
1918 1596 2130 1653 ment-is
2170 1594 2344 1652 elatio
2355 1617 2369 1665 3
2421 1597 2675 1653 eiusdem

201 1722 371 1779 porro
403 1723 633 1760 morum
672 1704 1005 1777 integritati
1046 1720 1273 1758 summa
1314 1700 1528 1759 saeculi
1572 1698 1922 1775 perversitas
1969 1699 2388 1757 adversabatur
2404 1696 2446 1758 ².
2503 1700 2677 1759 Nihil

208 1807 543 1865 mirabilius
574 1807 873 1881 religionis
902 1808 939 1864 J
941 1826 1041 1863 esu
1072 1806 1291 1863 Christi
1325 1808 1396 1864 ab
1422 1805 1716 1881 Apostolis
1748 1823 2059 1881 eorumque
2091 1804 2392 1879 discipulis
2421 1809 2482 1863 et
2509 1806 2676 1863 sociis

204 1930 304 1986 per
334 1916 525 1969 totum
560 1915 849 1969 terrarum
880 1914 1079 1970 orbem
1111 1912 1277 1968 brevi
1310 1929 1597 1967 annorum
1638 1910 1824 1985 spatio
1865 1908 2308 1985 propagatione3
2356 1928 2503 1987 quae
2541 1929 2676 1968 sane

208 2016 738 2074 luculentissimum
785 2036 891 2091 pro
923 2017 1045 2073 eius
1076 2016 1325 2074 veritate
1356 2020 1768 2089 argumentum
1797 2014 2115 2084 ministrat,
2159 2032 2398 2092 eamque
2441 2018 2613 2073 unice
2643 2036 2678 2073 a

202 2121 321 2179 Deo
352 2142 473 2178 esse
504 2122 807 2179 evidenter
836 2122 1215 2179 demonstrat.
1250 2120 1713 2177 Testatissimum
1745 2122 1830 2177 est
1861 2119 2093 2175 divinos
2125 2118 2262 2175 istos
2293 2120 2468 2191 viros,
2505 2126 2676 2179 antea

208 2227 376 2283 rudes
408 2226 549 2283 adeo
580 2230 638 2283 et
667 2225 983 2301 imperitos,
1028 2230 1097 2282 ut
1136 2246 1207 2281 ne
1248 2224 1516 2297 Magistri
1562 2225 1797 2302 quidem
1845 2224 2168 2281 doctrinam
2216 2232 2673 2301 assequerentur,

202 2328 656 2407 imbecillesque:
682 2349 874 2387 coram
896 2332 1245 2405 prodeuntes
1262 2329 1654 2404 Evangelium
1681 2331 1932 2403 regibus,
1960 2328 2416 2402 magistratibus,
2447 2332 2676 2407 populis

206 2434 400 2509 palam
430 2453 545 2491 non
571 2435 696 2490 sine
717 2436 942 2507 ingenti
970 2436 1168 2492 fructu
1185 2455 1363 2513 quam
1378 2433 1726 2491 zelosissime
1749 2434 2156 2502 annunciassm
2187 2436 2380 2507 minis,
2404 2436 2674 2509 vinculis,

205 2540 581 2609 cruciatibus,
616 2540 743 2613 ipsa
772 2538 1022 2616 denique
1054 2546 1239 2597 morte
1271 2540 1750 2615 insuperhabitis.
1805 2540 2138 2614 Optandum
2183 2544 2379 2597 autem
2423 2544 2679 2599 maxime

204 2650 366 2714 esset,
404 2650 473 2701 ut
502 2641 728 2700 labores
759 2648 817 2699 et
846 2645 1182 2715 certamina,
1216 2620 1495 2722 signaque
1520 2644 1744 2715 divina,
1779 2642 1991 2721 quibus
2017 2643 2277 2719 Apostoli
2303 2645 2461 2701 inter
2483 2665 2678 2703 omnes

202 2747 566 2805 calamitates
620 2752 679 2804 et
731 2747 979 2806 iniurias
1035 2750 1424 2808 convertendo
1476 2738 1551 2806 ad'
1599 2748 1774 2805 fidem
1829 2748 2045 2805 mundo
2089 2749 2180 2804 usi
2224 2756 2364 2805 sunt
2407 2750 2679 2808 Veterum

203 2852 417 2930 aliquis
449 2852 804 2911 tradidisset.
840 2854 1061 2911 Verum
1091 2873 1158 2911 ea
1182 2856 1251 2912 de
1274 2874 1353 2925 re,
1387 2854 1437 2910 si
1468 2853 1742 2911 historias
1773 2872 1918 2931 quae
1943 2852 2243 2928 Principes
2268 2854 2681 2928 Apostolorum

202 2959 478 3028 attinent,
514 2958 829 3028 demamus,
866 2959 1005 3016 adeo
1036 2961 1135 3037 qui
1178 2964 1491 3034 supersunt
1539 2958 1680 3015 libri
1720 2978 1920 3015 eorum
1963 2962 2185 3027 tacent3
2234 2964 2302 3015 ut
2342 2959 2499 3016 haud
2539 2960 2680 3017 satis

202 3061 427 3140 liqueat
456 3081 755 3139 quousque
785 3064 1180 3137 pervenerint,
1231 3069 1291 3120 et
1320 3082 1601 3141 quasnam
1645 3061 1928 3120 Ecclesias
1974 3068 2204 3138 praeter
2251 3061 2383 3121 illas
2431 3084 2680 3142 quarum

202 3167 263 3223 in
310 3168 371 3225 S.
424 3168 484 3224 S.
540 3172 737 3224 exstat
785 3168 1004 3225 mentio
1056 3167 1475 3227 fundaverint?
1534 3168 1688 3243 Ipsis
1740 3174 1996 3224 ceterum
2045 3168 2337 3242 Apostolis
2393 3170 2680 3247 martyrio

202 3446 490 3509 primorum
526 3443 736 3494 illorum
774 3445 1191 3496 Christianorum
1228 3446 1578 3510 perfectione,
1619 3444 1685 3493 de
1723 3446 1986 3507 oratione,
2027 3447 2396 3510 mysteriorum
2433 3448 2676 3515 frequen-

200 3533 421 3595 tatione,
461 3532 755 3581 animorum
792 3533 1179 3595 coniunctione,
1217 3533 1477 3582 bonorum
1502 3532 1872 3597 temporalium
1906 3534 2289 3595 communione,
2327 3534 2521 3599 gaudio
2546 3538 2678 3585 inte-

202 3620 341 3681 riori,
378 3617 643 3668 modestia
678 3624 731 3668 et-
767 3634 945 3669 amore
984 3618 1179 3670 Sacrae
1215 3621 1451 3685 Paginae
1488 3624 1765 3669 testantur.
1828 3619 1905 3669 Cf.
1944 3619 1979 3669 l.
2017 3620 2316 3685 Disciplina
2351 3623 2536 3687 populi
2572 3624 2678 3672 Dei

202 3706 253 3754 in
288 3707 355 3755 N.
382 3706 446 3755 T.
474 3706 663 3755 Vienu.
692 3708 842 3756 1739.
878 3723 930 3771 p.
957 3710 1004 3755 2.
1032 3722 1073 3758 s.

410 3793 451 3855 ¹)
492 3792 570 3841 Cf.
604 3792 675 3842 M.
712 3792 1245 3859 Schueckenburger,
1294 3794 1666 3859 Vorlesungen
1713 3794 1844 3843 iiber
1889 3795 2430 3845 Neutestamentliche
2475 3796 2676 3861 Zeitge-

203 3880 456 3929 schichte.
522 3879 745 3929 Franks.
805 3883 953 3931 1862.
1000 3898 1049 3947 p.
1094 3884 1177 3933 28.
1220 3897 1260 3931 s.
1334 3882 1582 3932 Profecto
1639 3897 1746 3931 non
1805 3882 1918 3929 sine
1979 3883 2369 3946 sapientissimo
2431 3887 2678 3932 aeternae

202 3967 581 4017 Providentiae
628 3969 850 4019 consilio
898 3969 1117 4031 accidit,
1164 3974 1225 4019 ut
1272 3970 1531 4019 eiusmodi
1574 3969 1899 4019 monimenta
1941 3969 2142 4033 scripta
2178 3968 2242 4017 de
2282 3968 2438 4018 rebus
2476 3968 2679 4018 sacculi

202 4055 350 4118 primi
406 4056 849 4120 sequentiumque
902 4057 1165 4120 proxime,
1222 4054 1293 4105 ad
1346 4061 1555 4106 nostras
1607 4070 1796 4104 manus
1849 4056 2214 4119 pervenerint,
2273 4072 2376 4120 quo
2433 4056 2674 4105 nimirum

203 4141 557 4203 disceremus,
604 4148 805 4207 quanta
841 4159 906 4191 ex
944 4142 1139 4207 abysso
1186 4144 1541 4208 corruptionis
1576 4143 1644 4192 D.
1680 4142 1744 4191 N.
1777 4140 1828 4191 J.
1867 4141 1926 4190 C.
1963 4140 2250 4191 humanum
2295 4158 2462 4207 genus
2505 4142 2678 4193 salva-

201 4230 355 4278 verit.
394 4229 619 4279 Accedit
656 4230 797 4294 quod
836 4229 1021 4294 religio
1058 4229 1347 4280 christiana
1382 4232 1436 4279 in
1475 4231 1591 4295 ipso
1630 4230 1792 4279 Orbis
1829 4234 1988 4293 atque
2025 4228 2186 4279 Urbis
2230 4229 2522 4279 meditullio
2569 4233 2678 4279 tum

202 4318 453 4381 temporis
482 4322 599 4365 orta
622 4316 781 4366 fuerit
806 4322 859 4365 et
883 4316 1133 4379 stabilita,
1172 4332 1290 4367 eum
1316 4317 1505 4366 literae
1528 4318 1754 4367 maxime
1780 4317 2056 4380 florerent;
2090 4317 2466 4381 saeculumque
2496 4331 2677 4381 agere-

203 4408 303 4464 tur,
354 4418 459 4469 que
499 4402 703 4453 nullum
752 4409 914 4453 antea
960 4405 1008 4455 si
1052 4406 1383 4469 ingeniorum
1428 4405 1810 4469 praestantiam
1859 4404 2194 4454 attendamus
2232 4404 2369 4454 foret
2403 4404 2678 4455 illustrius.

204 4488 245 4551 ²)
283 4489 619 4555 Quamquam
656 4504 763 4539 non
801 4490 907 4539 sint
944 4490 1360 4541 dissimulandae
1399 4490 1663 4557 quaedam
1699 4492 1908 4539 animae
1944 4490 2111 4553 dotes,
2150 4506 2215 4540 ac
2251 4489 2414 4540 veluti
2453 4491 2681 4542 stamina

204 4577 377 4627 bonae
412 4578 625 4639 mentis,
665 4576 858 4641 quibus
896 4578 1139 4629 instructi
1176 4578 1401 4643 gentiles
1438 4576 1778 4643 suscipiendo
1804 4579 1989 4627 semini
2014 4579 2176 4629 Verbi
2202 4580 2303 4629 Dei
2339 4578 2484 4627 haud
2519 4577 2678 4643 plane

200 4664 369 4729 inepti
404 4668 575 4715 erant.
610 4664 676 4712 L.
715 4665 952 4728 epimetr.
988 4664 1169 4715 Proth.
1208 4681 1258 4715 n.

304 4756 505 4805 Danko.
538 4756 659 4797 nist.
688 4754 982 4798 Revelationis
1008 4757 1196 4800 divinae.
1226 4758 1281 4799 11.
2269 4756 2332 4805 31
