3267 5259
588 390 719 455 472
1325 402 1438 445 nist.
1470 403 1575 445 Rev.
1604 402 1696 445 div.
1725 401 1896 445 Period.
1925 401 1983 445 11.
2003 412 2100 453 cap.
2128 402 2332 443 alterum.

588 577 901 645 adversus
962 576 1243 644 cultores
1301 578 1501 664 Legis
1554 576 1833 662 Veteris,
1895 599 2171 664 quorum
2229 578 2516 644 rationes
2571 577 2917 665 prudenter
2975 585 3035 641 et

590 700 1009 780 attemperate
1054 690 1438 757 refutantur.
1501 691 1795 757 Hebraei
1839 692 1956 757 has
2009 691 2228 757 literas
2286 691 2676 778 apostolicas
2737 713 2866 755 non
2907 693 3032 755 sine

478 890 485 905 ι
588 805 806 871 fructu
833 816 1297 892 perceperunt3
1332 814 1585 871 constat
1617 808 1970 889 enimvero,
2004 808 2300 893 quamvis
2323 806 2391 870 in
2421 816 2779 870 extremam
2803 814 3032 889 egesta-

588 928 722 984 tem
778 917 1257 1005 redigerentur,
1316 919 1716 1006 diversisque
1775 918 2334 1008 persecutionibus
2392 918 2879 1001 divexarentur,
2931 940 3034 981 eos

589 1032 656 1095 in
701 1030 829 1097 fide
877 1042 1071 1118 atque
1119 1033 1523 1119 professione
1572 1033 1921 1098 christiana
1967 1042 2340 1099 constantes
2383 1033 2760 1119 perstitisse.

1198 1332 1238 1409 ἓ
1282 1332 1385 1397 95.
1432 1328 1688 1394 Prima
1733 1353 1782 1394 s.
1830 1329 2048 1395 Petri
2097 1328 2455 1415 epistola.

799 1518 1101 1584 Instituta
1154 1520 1283 1585 iam
1328 1542 1370 1585 a
1423 1520 1726 1607 Principe
1745 1570 1752 1575 .
1773 1520 2240 1608 Apostolorum
2297 1546 2346 1587 s.
2393 1521 2691 1587 Romana
2743 1520 3038 1603 Ecclesia,

594 1641 845 1697 tantum
895 1629 1122 1716 abfuit,
1168 1642 1241 1697 ut
1284 1632 1567 1719 reliquas
1612 1644 1809 1699 antea
1853 1633 1972 1699 abs
2017 1656 2088 1699 se
2133 1636 2514 1700 constitutas
2557 1634 2942 1720 neglexerit:
2982 1644 3044 1697 ut

596 1768 707 1810 eas
751 1748 880 1810 imo
928 1745 1259 1811 luculenta
1304 1748 1654 1832 scriptione
1699 1750 2040 1814 curaverit.
2088 1748 2310 1813 Priore
2343 1751 2517 1813 enim
2550 1748 2824 1834 epistola
2851 1768 2960 1811 sua
2987 1746 3042 1810 id

596 1860 755 1945 egit,
802 1868 873 1923 ut
915 1858 1142 1925 fideles
1188 1883 1308 1946 per
1349 1860 1575 1925 Asiam
1632 1862 1950 1927 minorem
2007 1860 2370 1949 dispersos,
2417 1884 2500 1925 ex
2545 1859 2865 1926 Hebraeis
2910 1883 3043 1925 con-

595 1994 821 2037 versos
844 1975 883 2055 ¹,
944 1994 1076 2038 non
1136 1974 1348 2038 minus
1410 1996 1603 2060 quam
1653 1996 1737 2038 ex
1784 1974 2086 2058 ethnicis,
2146 1977 2210 2038 in
2257 1974 2663 2061 professione
2723 1984 3046 2059 susceptae

598 2084 983 2151 christianae
1029 2086 1357 2171 religionis
1405 2088 1763 2152 confirmet.
1809 2087 2131 2153 Hortatur
2173 2087 2256 2153 ad
2287 2086 2484 2153 fidem
2518 2090 2653 2152 vita
2685 2098 2752 2152 et
2781 2086 3048 2152 moribus

600 2197 1066 2282 exornandam,
1114 2202 1203 2265 ita
1248 2200 1361 2265 fiet
1404 2211 1476 2265 ut
1522 2199 1873 2267 coelestem
1918 2200 2409 2285 haereditatem,
2456 2201 2541 2266 ad
2589 2224 2785 2288 quam
2829 2202 3050 2283 vocat-i,

598 2320 765 2394 sunt,
814 2323 1296 2399 consequantur
1314 2315 1357 2377 ².
1426 2314 1797 2405 Praemissa
1851 2314 2236 2380 salutatione
2289 2314 2540 2379 solenni
2561 2318 2603 2397 ³,
2650 2316 2890 2400 gratias
2935 2316 3056 2399 agit

596 2424 765 2507 Deo,
814 2425 988 2511 quod
1034 2425 1260 2491 fideles
1305 2430 1718 2512 regeneravit
1749 2428 1832 2493 ad
1872 2451 2055 2515 spem
2099 2430 2318 2494 vivam
2362 2451 2483 2515 per
2526 2430 3052 2493 resurrectionem

600 2536 863 2622 Christi,
923 2538 1009 2603 ad
1063 2538 1530 2605 haereditatem
1594 2540 2198 2607 immarcescibilem
2261 2552 2410 2629 post
2465 2551 2740 2606 mortem
2785 2541 3053 2605 futuram

599 2652 705 2735 iis,
754 2652 861 2737 qui
907 2652 973 2715 in
1018 2652 1146 2717 fide
1192 2664 1619 2739 perseverent
1639 2658 1683 2719 4.
1743 2653 2008 2720 Plenius
2054 2654 2292 2721 deinde
2341 2656 2530 2720 effert
2573 2656 3053 2736 institutionem,

604 2786 734 2849 qua
788 2766 1189 2849 regeneratis
1249 2766 1419 2831 vitae
1483 2768 1646 2831 ratio
1709 2778 1936 2833 sancta
1993 2767 2470 2853 praescribitur.
2542 2767 2852 2833 Consistit
2906 2766 3053 2831 haec

598 2876 665 2938 in
713 2874 1117 2962 depositione
1166 2881 1373 2945 omnis
1418 2879 1722 2944 malitiae.
1773 2878 1916 2945 Sint
1948 2880 2275 2945 christiani
2307 2882 2474 2945 sicut
2515 2880 2798 2945 infantes
2845 2900 3056 2944 recens

602 2990 733 3051 nati
778 2990 1025 3054 innoxii
1066 3000 1263 3077 atque
1309 2991 1460 3077 doli,
1506 2992 1948 3072 simulationis,
1995 2992 2300 3077 invidiae,
2347 2994 2767 3058 detractionis
2811 3014 3056 3079 prorsus

602 3103 802 3166 nescii
826 3106 868 3167 ⁵.
915 3103 1199 3191 Propter
1242 3104 1369 3170 hoc
1414 3104 1716 3189 docente,
1751 3104 2090 3192 Scriptura
2136 3108 2246 3192 qui
2293 3106 2378 3171 ad
2417 3105 2746 3171 Christum
2789 3104 3052 3191 lapidem

813 3388 849 3453 ¹)
888 3386 969 3438 Cf.
993 3388 1081 3438 Fr.
1106 3388 1167 3438 L.
1196 3388 1539 3455 Steinmeyer‚
1578 3390 1712 3455 disq.
1755 3391 1809 3439 in
1846 3388 1897 3439 d.
1922 3388 2020 3455 Ap.
2046 3390 2187 3438 Petri
2214 3404 2295 3454 ep.
2329 3390 2490 3454 prior.
2525 3390 2871 3454 prooemium.
2903 3388 3054 3438 Bonn.

605 3474 754 3524 1854.
781 3491 831 3540 p.
862 3478 906 3525 1.
955 3475 1052 3526 Th.
1080 3474 1279 3539 Schott,
1320 3477 1412 3526 der
1446 3482 1587 3527 erste
1612 3476 1764 3527 Brief
1795 3476 1941 3526 Petri
1976 3475 2087 3526 Erl.
2117 3477 2265 3527 1861.
2303 3492 2352 3539 p.
2379 3478 2497 3526 326.
2523 3492 2566 3527 s.
2619 3475 2662 3540 2)
2699 3478 3054 3542 Argumentum

600 3561 757 3611 huius
794 3564 1051 3629 epistolae
1088 3564 1291 3613 varium
1329 3570 1409 3614 est
1444 3566 1787 3630 mixtumque,
1833 3579 1942 3614 non
1979 3562 2200 3629 simplex
2235 3578 2496 3627 unumve3
2533 3579 2680 3613 nunc
2723 3564 3055 3629 dogmaticum

602 3664 745 3698 nunc
779 3651 1189 3714 paraeneticum.
1252 3650 1291 3715 ³)
1332 3654 1379 3712 1,
1410 3654 1453 3700 1.
1482 3654 1529 3700 2.
1591 3651 1633 3715 ⁴)
1671 3650 1756 3700 Ea
1792 3650 2004 3716 quidem
2039 3650 2203 3714 salus,
2241 3650 2328 3699 cui
2365 3655 2418 3699 et
2451 3650 2758 3715 Prophetae
2795 3656 2848 3700 et
2883 3648 3052 3713 Angeli

605 3736 787 3787 oculos
825 3735 1149 3799 adiecerunt,
1185 3739 1290 3787 iam
1328 3739 1382 3787 in
1419 3738 1676 3787 lectorum
1711 3752 1902 3788 manus
1937 3739 2100 3787 venit.
2157 3739 2278 3800 Quo
2325 3742 2482 3803 pacto
2521 3736 2822 3803 Prophetae
2859 3734 3054 3786 oracula

604 3822 785 3873 divina
833 3823 899 3873 de
949 3822 1157 3875 Christo
1210 3840 1434 3890 passuro
1472 3829 1766 3890 posteaque
1821 3824 1890 3873 ad
1937 3824 2159 3889 gloriam
2209 3823 2481 3874 evehendo
2535 3824 2740 3887 edocti,
2795 3840 2900 3874 non
2945 3823 3054 3877 sibi·

604 3911 839 3976 metipsis
876 3910 971 3960 sed
1014 3912 1166 3961 nobis
1193 3926 1259 3961 ea
1280 3912 1579 3963 ministrare
1608 3913 1738 3961 iussi
1765 3916 1904 3962 sunt.
1940 3914 1986 3973 1,
2015 3914 2201 3961 3—12.
2249 3910 2312 3959 V.
2339 3908 2687 3977 Steinmeyer,
2713 3912 2748 3961 l.
2775 3928 2820 3961 c.
2847 3928 2896 3976 p.
2920 3912 2996 3959 39.
3017 3922 3054 3956 s.

604 3998 781 4058 Quare
816 4003 997 4048 monet
1030 3998 1281 4061 lectores,
1330 4004 1391 4047 ut
1426 4000 1514 4063 qui
1553 3999 1812 4063 sanguine
1861 3998 2055 4049 Christi
2097 3998 2317 4048 redemti
2363 4002 2544 4049 essent
2587 4004 2698 4047 tum
2744 3998 3052 4047 sanctitatem

602 4085 722 4147 Dei,
761 4090 871 4135 tum
911 4082 1105 4135 Christi
1151 4084 1447 4150 exemplum
1493 4085 1848 4149 imitarentur3
1899 4090 1956 4135 ut
1992 4084 2145 4141 decet
2189 4084 2454 4147 homines,
2499 4084 2662 4150 plane
2709 4084 2852 4134 aliud
2887 4086 3050 4132 nactos

604 4173 900 4237 ingenium3
939 4170 1081 4222 haud
1109 4173 1319 4237 quidem
1346 4171 1577 4221 naturali
1610 4170 1766 4221 modo
1791 4171 2062 4233 nascendi,
2090 4172 2184 4222 sed
2207 4172 2325 4221 Deo
2354 4176 2678 4236 procurante
2708 4188 2804 4238 per
2825 4170 3048 4225 Verbum,

605 4260 746 4325 quod
782 4260 937 4309 nobis
974 4261 1329 4310 annunciatur
1366 4264 1419 4309 et
1459 4260 1878 4325 regenerationis
1925 4264 2140 4309 nostrae
2177 4272 2342 4309 causa
2377 4262 2462 4309 est
2503 4258 2856 4309 secundum
2897 4255 3047 4305 Divi-

604 4349 873 4397 nitatem
912 4346 1251 4413 principalis;
1290 4346 1582 4399 secundum
1606 4346 1660 4395 H
1670 4348 2093 4396 umanitatem
2118 4348 2523 4397 instrumentum
2549 4346 2868 4411 primarium,
2893 4340 3050 4410 quoad

603 4436 845 4484 meritum
870 4441 924 4484 et
947 4433 1298 4485 efficientiam.
1346 4435 1431 4484 Ita
1454 4434 1731 4499 Didymus,
1769 4432 1914 4499 apud
1945 4432 2008 4483 N.
2038 4430 2302 4482 Serarium
2339 4432 2391 4481 S.
2416 4432 2452 4483 J
2457 4469 2486 4495 .,
2515 4432 2717 4483 Comm.
2740 4433 2798 4482 in
2821 4446 2950 4482 omn.
2973 4444 3046 4493 ep.

606 4536 721 4571 can.
748 4522 889 4587 Mog.
918 4524 1065 4573 1612.
1103 4539 1154 4587 p.
1182 4524 1264 4573 27.
1337 4523 1378 4585 ⁵)
1416 4520 1718 4587 Exponitur
1742 4522 1934 4570 eximia
1957 4518 2376 4569 Christianorum
2401 4519 2650 4585 dignitas,
2689 4520 2969 4570 consistens
3000 4517 3046 4563 in

607 4623 765 4674 quam
792 4609 1034 4672 maxima,
1066 4624 1203 4673 qnae
1228 4609 1339 4658 fieri
1366 4612 1556 4674 potest,
1584 4609 1780 4659 unione
1806 4624 1924 4660 cum
1949 4608 2016 4659 D.
2043 4608 2106 4659 N.
2131 4607 2183 4659 J.
2213 4606 2287 4671 C„
2325 4605 2490 4657 veluti
2517 4624 2558 4657 s.
2593 4604 2817 4658 aedificii
2842 4604 3044 4673 partium
