3267 5259
1047 433 1091 475 S.
1114 432 1236 475 Pauli
1264 432 1479 485 epistolae
1506 434 1638 475 Roma
1665 432 1808 475 datae.
2542 419 2667 487 451

192 622 403 657 monem
438 606 644 658 literae.
704 608 915 675 Regnat
958 609 1014 658 in
1050 608 1153 659 hac
1198 609 1428 675 epistola
1462 608 1736 661 familiaris
1779 610 2036 660 orationis
2072 609 2452 675 perspicuitas3
2499 608 2673 660 elucet

192 695 375 746 suavis
400 700 659 761 grataque
687 695 1023 761 simplicitas3
1057 697 1383 764 conspicitur
1404 711 1592 762 purum
1619 695 1904 762 nobileque
1929 696 2194 746 scribendi
2219 711 2410 763 genus3
2449 711 2673 747 amoena

192 797 350 847 porro
389 783 446 832 in
483 782 659 833 verbis
694 782 1161 850 locutionibusque
1197 784 1444 846 varietas,
1484 797 1644 849 quam
1681 783 1964 849 singularis
1999 784 2142 834 nitor
2177 782 2533 848 commendat3
2572 798 2672 834 nec

192 870 347 919 abest
383 870 791 936 argumentandi
827 872 1062 937 gravitas
1099 887 1219 921 cum
1254 870 1524 921 hilaritate
1562 870 1864 921 coniuncta.
1911 872 1994 921 De
2031 871 2300 937 elegantia
2335 870 2581 921 dictionis
2620 874 2674 920 et

191 957 245 1003 vi
283 957 547 1007 sermonis
594 957 780 1008 harum
825 957 1099 1009 literarum
1153 958 1514 1024 disputarunt:
1562 957 1804 1022 Gentilis,
1841 974 2026 1009 comm.
2061 974 2114 1023 p.
2139 960 2188 1009 2.
2214 972 2256 1008 s.
2307 956 2366 1007 Ο.
2399 956 2670 1019 Klotzsch,

192 1042 259 1093 de
297 1046 585 1095 occasione
633 1050 687 1095 et
732 1044 915 1095 indole
952 1062 1034 1112 ep.
1085 1045 1155 1095 ad
1199 1044 1416 1096 Philem.
1448 1047 1594 1095 1792.
1646 1044 1746 1095 Th.
1773 1045 1895 1095 Chr.
1921 1044 2132 1107 Harles,
2170 1044 2236 1094 de
2284 1050 2474 1095 ornatu
2511 1050 2672 1111 atque

193 1130 421 1182 artificio
460 1147 543 1197 ep.
583 1132 650 1182 ad
688 1131 909 1183 Philem.
953 1132 1153 1199 prolus.
1192 1148 1383 1184 recusa
1418 1134 1473 1182 in
1511 1148 1693 1199 opusc.
1720 1150 1772 1199 p.
1801 1134 1846 1183 7.
1874 1147 1916 1183 s.
1965 1133 2032 1182 D.
2058 1133 2127 1182 Η.
2152 1131 2470 1197 Wildschut,
2517 1131 2583 1182 de
2619 1132 2670 1181 vi

194 1217 439 1269 dictionis
479 1224 535 1268 et
570 1219 827 1270 sermonis
865 1220 1135 1286 elegantia
1168 1222 1224 1270 in
1262 1219 1489 1286 epistola
1512 1219 1667 1269 Pauli
1693 1218 1762 1269 ad
1785 1219 2149 1270 Philemonem
2187 1219 2504 1285 conspicuis.
2529 1219 2670 1269 Trai.

194 1304 263 1354 ad
298 1304 471 1356 Rhen.
512 1307 665 1357 1809.
702 1324 754 1373 p.
788 1309 873 1358 87.
910 1324 952 1359 s.
999 1308 1069 1357 Η.
1094 1308 1392 1373 Niemeyer,
1431 1308 1487 1356 in
1525 1323 1608 1373 ep.
1646 1306 1802 1357 Pauli
1840 1307 1909 1357 ad
1943 1306 2322 1357 Philemonem.
2359 1304 2482 1355 Hal.
2523 1306 2672 1356 1802.

192 1392 255 1441 R.
292 1392 645 1459 Hagenbach‚
684 1394 841 1444 Pauli
876 1394 945 1445 ad
981 1394 1345 1445 Philemonem
1382 1411 1467 1460 ep.
1502 1395 1722 1461 interpr.
1747 1394 1871 1444 Bas.
1901 1395 2051 1445 1829.
2101 1392 2172 1443 Μ.
2197 1392 2387 1456 Rothe,
2424 1392 2579 1443 Pauli
2604 1392 2672 1442 ad

194 1478 419 1530 Philem.
458 1482 613 1547 epist.
650 1481 867 1547 interpr.
905 1480 1027 1533 hist.
1066 1498 1215 1548 exeg.
1250 1482 1425 1532 Brem.
1466 1483 1616 1533 1844.
1654 1481 1870 1547 aliique.
1935 1482 2184 1535 Utilitates
2223 1481 2472 1551 plurimas
2517 1481 2675 1533 maxi-

192 1586 398 1638 masque
432 1568 590 1619 huius
641 1568 900 1634 epistolae
950 1571 1168 1636 exponit
1214 1585 1341 1621 vere
1388 1584 1585 1621 aureus
1634 1568 1823 1621 doctor
1869 1566 1921 1619 S.
1959 1567 2200 1619 Joannes
2249 1566 2674 1632 chrysostomus,

197 1660 387 1707 contra
423 1672 517 1707 eos
555 1657 647 1722 qui
683 1656 823 1706 hanc
859 1656 1141 1723 epistolam
1187 1657 1455 1723 superfluo
1506 1657 1766 1708 adiectam
1813 1660 2094 1723 putarunt3
2145 1653 2359 1721 quando
2398 1659 2450 1704 et
2485 1670 2581 1721 pro
2618 1668 2676 1703 re

196 1742 333 1793 adeo
372 1757 544 1808 parva
579 1748 633 1793 et
666 1760 763 1809 pro
799 1760 905 1795 uno
944 1744 1156 1795 homine
1193 1746 1395 1811 scripta
1430 1749 1525 1795 est.
1553 1773 1618 1782 —
1644 1743 1968 1811 Argumento
2003 1758 2218 1794 suarum
2241 1743 2296 1793 in
2323 1756 2438 1793 eam
2474 1740 2676 1791 homili-

196 1844 347 1880 arum
384 1829 481 1892 XI,
510 1832 625 1881 773.
652 1847 693 1882 s.
720 1858 785 1868 -—
812 1831 890 1881 Ac
936 1832 1107 1897 primo
1147 1833 1361 1899 quidem
1416 1832 1656 1898 exemplo
1706 1848 1747 1883 s.
1785 1831 1958 1894 Pauli,
2008 1830 2096 1897 qui
2133 1834 2284 1881 tanta
2321 1828 2678 1879 sollicitudine

196 1916 407 1982 fugitivi
430 1932 649 1968 causam
675 1918 800 1985 egit,
839 1918 1088 1971 discimus
1120 1920 1221 1970 ait=
1260 1919 1588 1986 diligentiam
1613 1919 1760 1970 circa
1795 1920 1974 1969 omnia
2010 1924 2064 1969 et
2098 1932 2280 1969 omnes
2306 1915 2676 1968 adhibendam.

196 2003 447 2055 Secundo
486 2004 631 2071 quod
668 2004 733 2055 de
770 2004 983 2069 nullius,
1023 2007 1360 2073 quantumvis
1398 2006 1466 2057 ad
1503 2010 1795 2057 extremum
1841 2005 2112 2071 nequitiae
2162 2004 2452 2067 devenerit,
2502 2002 2676 2053 salute

197 2090 587 2157 desperandum
636 2092 721 2141 sit.
769 2093 950 2143 Tertio
1000 2108 1181 2144 servos
1231 2078 1440 2143 etiamsi
1488 2092 1558 2143 ad
1613 2092 1881 2143 Christum
1933 2096 2340 2153 convertantur,
2395 2106 2504 2141 non
2559 2105 2676 2141 esse

194 2179 379 2228 invitis
413 2177 556 2229 heris
594 2178 941 2243 auferendos3
968 2193 1135 2245 quare
1161 2184 1216 2231 et
1236 2179 1543 2245 Apostolus,
1582 2180 1676 2245 qui
1710 2180 1788 2231 ita
1812 2178 2106 2230 Philemoni
2145 2177 2461 2243 confidebat,
2490 2177 2676 2229 Onesi-

196 2280 337 2315 mum
374 2264 478 2315 sibi
504 2265 836 2317 commodum
862 2266 929 2316 ad
954 2266 1299 2317 ministerium
1324 2267 1439 2316 sine
1462 2266 1680 2316 Domini
1715 2281 1983 2317 consensu
2017 2265 2191 2316 noluit
2213 2266 2457 2316 retinere.
2505 2266 2680 2316 Docet

196 2368 293 2404 nos
332 2351 565 2418 denique
612 2352 681 2402 ad
718 2368 875 2419 quam
922 2354 1127 2403 minuta
1162 2354 1433 2404 demiserit
1466 2370 1525 2404 se
1562 2353 1863 2419 apostolica
1897 2352 2211 2416 sublimitas,
2247 2352 2406 2403 modo
2445 2353 2678 2419 exigeret

197 2441 420 2503 caritas3
460 2444 515 2489 et
551 2454 709 2505 quam
746 2440 1003 2506 spirituali
1043 2441 1280 2491 oratione
1307 2455 1393 2491 res
1419 2441 1577 2491 etiam
1610 2440 1765 2491 huius
1799 2440 2000 2491 saeculi
2031 2441 2341 2491 tractaverit
2372 2439 2677 2506 Apostolus.

196 2528 309 2579 Nec
345 2527 551 2579 minore
588 2543 764 2578 amore
801 2543 897 2595 pro
944 2526 1047 2577 hac
1090 2528 1318 2594 epistola
1361 2527 1597 2594 loquitur
1643 2528 2015 2579 disertissimus
2060 2528 2371 2577 Latinorum
2415 2528 2676 2592 interpres

195 2614 248 2664 S.
286 2614 667 2679 Hieronymus,
696 2642 761 2652 —
785 2615 961 2667 Praef.
997 2616 1053 2665 in
1090 2632 1275 2665 comm.
1315 2631 1397 2681 ep.
1436 2615 1507 2665 ad
1540 2614 1765 2666 Philem.
1801 2614 1921 2677 VII,
1958 2616 2076 2665 742.
2112 2631 2154 2665 s.
2189 2642 2256 2650 --
2282 2614 2538 2665 adversus
2583 2629 2675 2665 eos

199 2702 322 2767 „qui
350 2702 542 2751 nolunt
565 2702 703 2751 inter
737 2701 991 2768 epistolas
1015 2702 1171 2753 Pauli
1192 2718 1308 2753 eam
1342 2703 1632 2769 recipere“,
1670 2702 1703 2751 i.
1731 2718 1775 2753 e.
1801 2700 2098 2752 haereticos
2122 2703 2212 2768 qui
2238 2700 2464 2752 Paulina
2499 2702 2678 2752 omnia

194 2793 527 2854 spernerent.
567 2816 632 2825 —
666 2788 869 2839 Eorum
906 2794 1202 2840 commenta
1252 2791 1457 2841 recoxit
1500 2795 1682 2840 nostra
1716 2794 1894 2840 aetate
1929 2789 2092 2852 Baur,
2128 2788 2330 2839 Paulus
2365 2806 2417 2855 p.
2455 2791 2572 2839 476.
2608 2816 2675 2827 —

197 2874 452 2925 Ceterum
490 2874 559 2924 ab
598 2876 967 2942 antiquissima
999 2876 1250 2929 Ecclesia
1295 2892 1405 2928 non
1451 2878 1624 2927 minus
1673 2876 1786 2927 sine
1833 2876 1947 2926 ulla
1997 2876 2350 2927 haesitatione
2394 2878 2680 2930 autloentica

193 2970 241 3015 et
272 2964 532 3033 inspirata
565 2962 749 3013 habita
785 2968 881 3025 est,
920 2979 1079 3029 quam
1116 2964 1357 3031 reliquae
1378 2964 1617 3031 Apostoli
1655 2962 1858 3014 literae.
1895 2964 2306 3015 Transtulerunt
2339 2979 2458 3015 eam
2480 2964 2678 3015 vetusti

194 3051 543 3115 interpretes;
582 3056 637 3101 et
670 3066 705 3100 a
748 3051 929 3116 primis
976 3051 1103 3101 inde
1150 3052 1477 3119 temporibus
1524 3053 1581 3102 in
1628 3052 1740 3101 suis
1787 3052 2122 3103 monimentis
2177 3051 2475 3118 allegarunt
2521 3050 2678 3102 huius

196 3136 457 3202 epistolae
496 3136 641 3187 dicta
677 3153 717 3187 s.
754 3137 941 3189 Patres
979 3143 1033 3188 et
1068 3136 1365 3205 Scriptores
1402 3137 1768 3189 ecclesiastici.
1808 3136 1888 3187 cf.
1917 3136 1968 3187 S.
1995 3138 2204 3205 Ignatii,
2240 3138 2307 3188 ad
2331 3138 2529 3206 Ephes.
2555 3154 2601 3193 c.
2627 3140 2676 3188 2.

195 3238 245 3289 p.
274 3225 393 3273 15⁷.
433 3222 505 3273 ad
528 3224 708 3290 Magn.
736 3240 781 3273 c.
810 3226 890 3275 12.
926 3240 977 3290 p.
1008 3227 1123 3275 187.
1174 3223 1304 3275 Can.
1343 3224 1640 3288 Muratorii,
1665 3224 1843 3291 Antiq.
1881 3224 1980 3288 111,
2021 3226 2139 3275 863.
2188 3225 2516 3288 Tertulliani,
2557 3224 2676 3275 adv.

196 3310 361 3361 Marc.
388 3310 456 3373 V,
483 3312 603 3361 421.
641 3328 693 3377 p.
720 3313 838 3362 316.
886 3311 1149 3378 Origenis,
1187 3313 1243 3363 in
1267 3312 1463 3363 Jerem.
1500 3312 1640 3363 hom.
1678 3312 1824 3373 XIX,
1859 3314 1908 3362 2.
1953 3311 2034 3363 ed.
2071 3313 2276 3363 Lomm.
2301 3312 2416 3374 XV,
2445 3314 2562 3362 359.
2622 3310 2676 3362 S.

200 3397 508 3464 Epiphanii,
548 3397 695 3448 haer.
732 3400 816 3462 42,
842 3401 890 3450 9.
914 3416 968 3465 p.
994 3401 1113 3450 310.
1162 3399 1216 3449 S.
1244 3398 1444 3465 cyrilli,
1472 3399 1636 3463 Hier„
1664 3398 1868 3449 catech.
1893 3398 1986 3461 IV,
2021 3400 2104 3449 36.
2137 3416 2190 3465 p.
2216 3401 2299 3449 69.
2349 3398 2520 3451 Catal.
2545 3398 2596 3450 J.
2623 3398 2675 3450 S.

194 3485 491 3547 Assemani,
512 3486 573 3535 in
596 3484 735 3536 Bibl.
761 3486 965 3536 Orient.
988 3486 1141 3537 Rom.
1167 3488 1321 3537 1726.
1344 3486 1441 3549 ΙΙΙ,
1468 3490 1519 3539 8.
1544 3486 1599 3537 S.
1626 3486 1871 3553 Gregorii
1893 3486 2043 3550 Naz„
2068 3500 2228 3537 carm.
2253 3486 2296 3537 1.
2315 3484 2390 3537 th.
2417 3488 2496 3538 12.
2523 3503 2574 3537 v.
2593 3488 2678 3537 35.

198 3572 279 3623 ed.
304 3573 507 3639 Migne.
534 3572 633 3637 111,
660 3574 777 3623 473.
803 3573 895 3624 lib.
920 3572 993 3623 11.
1018 3572 1203 3625 histor.
1227 3573 1349 3624 vn.
1373 3590 1424 3625 ν.
1449 3576 1569 3625 306.
1592 3591 1648 3641 p.
1676 3576 1828 3629 1597.
