3267 5259
920 447 1213 497 seue-1031„
1240 449 1287 488 s,
1308 446 1526 489 Matthaei
1555 449 1605 489 et
1629 449 1676 489 s.
1695 448 1852 489 num.
2505 436 2624 501 191

168 627 507 685 concordiam
551 626 729 685 aliter
786 628 932 685 iniri
976 645 1097 686 non
1148 646 1337 701 posse,
1385 644 1563 704 quam
1614 626 1667 683 si
1712 626 2042 684 Gainanum
2090 646 2208 685 non
2259 625 2480 701 γνήσιον
2530 628 2628 687 sed

166 726 530 801 ὑπεβελιμαῖον
560 751 679 789 esse
710 732 1017 790 fateamur.
1079 730 1165 789 Ut
1192 731 1415 806 copiose
1446 735 1506 787 et
1534 730 1832 804 eleganter
1861 732 2366 789 demonstrarunt:
2410 730 2626 791 Corne-

166 834 265 891 lius
307 854 341 891 a
380 834 603 911 Lapide
642 855 673 893 e
716 836 776 894 S.
807 836 884 907 J„
919 836 991 893 ad
1023 854 1073 893 c.
1113 840 1210 893 11.
1245 835 1391 893 Gen.
1423 855 1483 894 v.
1524 840 1621 892 12.
1670 835 1887 893 Comm.
1922 854 1980 911 p.
2032 839 2174 893 145.
2234 835 2302 893 B.
2334 836 2624 909 Pererius‚

167 956 347 997 comm.
391 944 449 997 et
496 940 645 1016 disp.
690 942 753 997 in
790 940 937 999 Gen.
970 941 1060 997 ed.
1106 940 1295 1013 Lugd.
1349 944 1535 997 1693.
1585 940 1627 997 l.
1675 938 1851 997 XVI.
1899 938 2047 1014 disp.
2101 944 2200 996 11.
2263 938 2350 1011 11,
2389 944 2530 997 536.
2567 945 2625 998 8.

166 1042 223 1101 F.
250 1042 539 1115 Poesiuus,
573 1044 922 1103 Diallactico
967 1044 1258 1119 Theogen.
1301 1043 1335 1100 I
1364 1062 1415 1102 c.
1452 1048 1642 1103 2—9.
1689 1064 1746 1119 p.
1797 1048 1941 1101 395.
1975 1064 2020 1099 s.
2082 1044 2183 1101 Fr.
2217 1042 2623 1119 spanhemius,

165 1147 282 1204 dub.
324 1166 411 1205 ev.
460 1147 529 1219 I,
585 1152 727 1207 138.
760 1169 805 1207 s.
866 1150 935 1207 P.
983 1150 1053 1207 de
1096 1150 1329 1220 Marca,
1378 1150 1448 1205 de
1490 1154 1720 1205 stemm.
1753 1147 1890 1206 Chr.
1925 1167 1981 1222 p.
2018 1152 2118 1205 43.
2151 1168 2198 1205 e.
2260 1146 2322 1206 C.
2355 1148 2628 1205 Andrian

164 1250 213 1308 S.
240 1250 269 1307 J
278 1296 307 1321 .‚
338 1250 589 1311 Dissert.
622 1252 829 1311 Select.
862 1255 1002 1312 hist.
1036 1254 1369 1327 chronolog.
1405 1252 1674 1311 biblicae.
1710 1252 1991 1310 Viennae.
2031 1257 2216 1310 1753.
2250 1254 2478 1311 dissert.
2504 1252 2624 1310 IX.

165 1374 211 1427 p.
244 1360 373 1411 171.
404 1375 450 1411 s.
512 1356 910 1416 Arbitrantur
940 1357 1266 1415 Cainanum
1297 1376 1415 1415 non
1444 1356 1631 1415 solum
1661 1358 1729 1413 in
1756 1356 2086 1415 versionem
2128 1376 2398 1431 graecam
2429 1356 2502 1415 V.
2535 1356 2622 1429 Τ.,

164 1454 245 1514 sed
273 1466 325 1515 et
354 1462 417 1517 in
450 1459 845 1535 Evangelium
873 1482 919 1519 s.
952 1462 1145 1519 Lucae
1176 1460 1507 1537 irrepsisse;
1554 1462 1809 1539 adeoque
1839 1466 2086 1540 utroque
2131 1461 2254 1521 loco
2285 1482 2626 1537 expungen-

164 1562 283 1618 dum·
311 1582 454 1621 esse:
486 1566 631 1641 quia
658 1568 710 1622 si
742 1566 1052 1625 translatio
1082 1567 1156 1623 ab
1186 1564 1465 1639 originali
1496 1566 1782 1635 dissentit,
1813 1566 1867 1621 ei
1899 1566 2090 1640 potius
2119 1564 2356 1639 linguae
2388 1566 2626 1623 creden-

166 1667 285 1722 dum
310 1672 421 1737 est,
456 1669 613 1725 unde
645 1669 711 1726 in
741 1668 919 1727 aliam
950 1688 1055 1745 per
1098 1668 1647 1745 interpretationem
1691 1669 1848 1726 facta
1876 1674 1963 1726 est
1991 1669 2316 1727 translatiO.
2377 1670 2457 1727 Et
2486 1690 2628 1728 vero

161 1770 211 1825 id
234 1772 298 1827 ab
321 1771 437 1829 illis
460 1791 581 1829 non
604 1778 823 1831 temere
855 1774 973 1830 dici
1004 1773 1192 1831 multa
1222 1774 1588 1849 persuadent.
1628 1779 1656 1831 1
1670 1818 1684 1831 .
1716 1772 1882 1835 Quod
1905 1793 2022 1831 non
2055 1774 2270 1831 habeat
2299 1774 2627 1832 Cainanum

167 1880 337 1931 textus
376 1874 782 1934 Samaritanus
803 1923 816 1949 ,
866 1877 1031 1935 cuius
1077 1896 1223 1953 pene
1267 1876 1443 1935 unius
1495 1896 1802 1935 consensus
1851 1896 1984 1935 cum
2037 1878 2309 1935 hebraico
2361 1877 2627 1935 sufficere

165 1986 325 2053 posset
360 1986 567 2039 contra
608 1980 809 2039 LXX.
872 1982 1007 2039 Non
1050 1981 1272 2040 habent
1315 1982 1577 2039 Romana
1622 1982 1820 2039 Biblia
1863 2000 2071 2055 graeca
2109 1980 2313 2039 LXX.
2345 1988 2623 2052 correcta,

166 2090 317 2155 prout
352 2104 561 2161 nempe
603 2084 763 2143 Sixti
794 2085 867 2141 V.
902 2085 1063 2143 iussu
1106 2090 1167 2143 et
1210 2105 1351 2143 cura
1395 2085 1724 2143 cardinalis
1769 2085 2031 2143 Caraffae
2077 2086 2293 2143 Romae
2338 2085 2624 2161 prodiere.

166 2186 469 2247 Desiderari
500 2190 685 2247 etiam
712 2188 845 2265 „⁶:03
874 2188 1108 2245 καϊνάνι(
1133 2190 1199 2247 in
1222 2190 1502 2247 Versione
1526 2190 1914 2247 Pentateuchi
1937 2189 2210 2265 Vulgata,
2236 2189 2622 2261 Samaritana,

166 2290 478 2364 Chaldaica,
514 2293 795 2370 Syriaca,
830 2293 1063 2351 Persica
1103 2298 1164 2350 et
1192 2294 1561 2351 Armeniaca.
1625 2295 1874 2351 Addunt
1919 2300 1976 2351 2.
2023 2294 2096 2351 ad
2127 2294 2624 2352 confirmationem

164 2414 279 2452 suae
324 2398 620 2473 opinionis
670 2398 1083 2455 auctoritatem
1133 2397 1435 2457 Veterum.
1519 2397 1617 2456 Ita
1667 2398 1840 2455 Philo
1858 2442 1872 2469 ,
1920 2398 1992 2454 de
2043 2400 2382 2473 posteritate
2434 2398 2621 2469 Caini,

162 2498 335 2573 Mang.
366 2502 415 2573 Ι,
453 2506 603 2559 259.
650 2506 711 2559 et
737 2501 1046 2577 Josephus,
1093 2502 1301 2579 Antiq.
1336 2501 1389 2561 Ι.
1427 2507 1505 2573 6.,
1542 2506 1598 2560 5.
1647 2501 1700 2573 Ι,
1738 2506 1858 2573 26.,
1907 2520 2048 2580 quos
2093 2521 2359 2576 graecam
2403 2502 2624 2561 versio-

162 2622 276 2661 nem
304 2604 363 2663 in
390 2606 525 2665 aliis
557 2605 725 2684 sequi
757 2605 951 2681 palam
981 2610 1094 2676 est,
1142 2606 1321 2663 huius
1352 2606 1578 2665 Cainan
1606 2624 1726 2663 non
1769 2606 2193 2676 meminerunt,
2243 2606 2382 2664 licet
2424 2625 2626 2663 eorum

161 2714 389 2783 tempore
409 2755 423 2780 ,
471 2716 533 2769 et
564 2710 686 2767 iam
729 2715 905 2767 antea
933 2710 996 2767 in
1029 2710 1249 2783 graecis
1280 2709 1492 2767 Bibliis
1537 2709 1722 2767 lectus
1751 2708 1929 2766 fuisse
1963 2709 2256 2768 videatur.
2317 2710 2620 2783 Eusebius,

161 2812 247 2888 qui
286 2816 495 2889 optime
541 2816 705 2873 inter
747 2834 949 2872 veram
993 2818 1053 2871 et
1094 2814 1305 2871 falsam
1358 2813 1750 2871 recensionem
1794 2814 2109 2871 discrimen
2159 2833 2322 2871 nosse
2375 2820 2622 2890 poterat,

162 2933 275 2972 oum
322 2920 385 2975 in
435 2918 639 2993 priore
683 2918 959 2976 chronici
1010 2918 1103 2975 sui
1146 2917 1301 2975 libro
1346 2917 1830 2975 Patriarcharum
1874 2937 2056 2975 annos
2101 2938 2132 2975 e
2179 2918 2402 2994 triplici
2453 2924 2626 2977 textu

160 3020 399 3091 hebraeo,
432 3041 642 3096 graeco
672 3027 730 3079 et
759 3024 1114 3079 samaritano
1144 3021 1532 3091 enumeravit,
1568 3021 1633 3079 in
1664 3020 1827 3079 nullo
1852 3026 2048 3079 tamen
2073 3041 2274 3080 eorum
2296 3023 2624 3081 Cainanum

160 3122 503 3201 interposuit.
580 3125 801 3183 Verum
846 3131 907 3184 et
949 3131 1085 3183 ante
1129 3126 1449 3183 Eusebium
1493 3125 1688 3183 Julius
1735 3124 2050 3183 Africanus
2093 3125 2301 3183 omisso
2345 3126 2621 3198 Cainann,

159 3230 569 3304 Arphaxadum
628 3230 939 3288 centesimo
1001 3230 1296 3287 tricesimo
1369 3230 1577 3307 quinto
1643 3232 1855 3287 aetatis
1908 3248 2062 3287 anno
2113 3229 2308 3287 Salem
2358 3232 2624 3304 genuisse

158 3334 339 3391 tradit.
396 3334 649 3393 Accedit
680 3340 737 3392 3.
770 3334 1093 3392 multorum
1122 3355 1167 3391 s.
1199 3335 1265 3392 P.
1301 3338 1359 3391 et
1389 3334 1448 3391 S.
1482 3353 1531 3391 e.
1564 3334 1932 3407 suffragium,
1967 3334 2069 3411 qui
2100 3353 2310 3407 magno
2346 3352 2626 3391 consensu

159 3436 341 3495 docent
391 3458 427 3496 a
478 3440 609 3497 Noe
660 3458 841 3516 usque
892 3440 966 3497 ad
1018 3439 1425 3497 Abrahamum
1484 3437 1680 3495 decem
1738 3437 2138 3512 generationes
2197 3436 2621 3497 interfluxisse.

158 3538 398 3600 Totidem
442 3548 709 3601 recenset
748 3543 1027 3617 Origenes
1047 3588 1061 3615 ,
1097 3542 1315 3600 Comm.
1348 3542 1415 3599 in
1443 3542 1673 3615 Evang.
1704 3541 1947 3599 Joannis
1979 3545 2022 3599 t.
2055 3540 2205 3600 XX.
2245 3546 2302 3599 3.
2335 3544 2424 3599 ed.
2456 3542 2620 3600 Lom.

159 3644 235 3713 11,
272 3652 402 3705 198.
446 3646 647 3704 Julius
677 3646 1011 3717 AfricanuS,
1048 3647 1114 3703 in
1142 3645 1429 3703 Chronico
1459 3645 1578 3703 IX.
1612 3646 1766 3721 apud
1797 3645 2013 3716 Bouth,
2046 3645 2238 3724 Reliq.
2271 3666 2317 3703 s.
2351 3646 2438 3717 ΙΙ,
2477 3650 2622 3705 244.

160 3748 267 3805 Nec
292 3749 459 3809 aliter
490 3750 553 3808 S.
586 3748 991 3826 Epiphanius,
1039 3751 1201 3808 haer.
1239 3755 1347 3821 55,
1387 3754 1443 3808 6.
1491 3748 1542 3819 Ι,
1580 3753 1724 3807 473.
1767 3749 1922 3807 clare
1952 3754 2229 3807 testatus:
2277 3750 2624 3826 ‚Arphaxad

159 3870 293 3910 anno
320 3854 641 3913 CXXXV.
686 3853 893 3928 genuit
933 3854 1107 3912 Sale.‘
1166 3854 1385 3911 Eodem
1430 3854 1689 3929 pertinet
1731 3855 1884 3932 quod
1913 3855 2070 3911 idem
2114 3875 2158 3912 s.
2185 3854 2379 3924 Pater,
2413 3853 2518 3911 lib.
2553 3854 2624 3910 de

162 3958 311 4028 pond.
342 3966 400 4017 et
428 3980 613 4017 mens.
646 3980 707 4017 n.
743 3964 843 4016 22.
892 3958 979 4029 ΙΙ,
1020 3963 1160 4017 179.
1195 3959 1465 4015 observet
1507 3959 1806 4017 numerari
1853 3959 1926 4015 ab
1972 3960 2198 4016 Adamo
2242 3960 2315 4015 ad
2344 3957 2625 4023 «Iacobum

160 4059 259 4117 duo
296 4070 352 4121 et
392 4064 615 4137 viginti
669 4064 889 4139 eapita3
945 4068 1135 4120 essent
1184 4064 1342 4119 enim
1394 4063 1612 4135 viginti
1666 4064 1811 4133 tria,
1859 4063 1910 4119 si
1962 4062 2188 4120 Cainan
2245 4062 2622 4119 insereretur.

162 4161 211 4219 S.
251 4165 645 4245 Hieronymus
700 4168 905 4225 itidem
964 4166 1005 4224 1.
1060 4172 1280 4245 quaest.
1332 4167 1498 4223 hebr.
1554 4168 1619 4223 in
1668 4166 1873 4223 Genes.
1930 4186 1986 4241 p.
2045 4170 2188 4223 322.
2243 4164 2346 4222 ubi
2399 4163 2624 4221 collatis

164 4272 359 4337 graecis
409 4278 469 4329 et
520 4272 811 4329 hebraicis
864 4271 1281 4345 originalibus,
1338 4271 1526 4327 sicubi
1578 4270 1866 4328 differunt
1916 4268 2114 4327 sedulo
2167 4272 2362 4339 notat,
2418 4268 2626 4329 scribit

164 4372 485 4447 simpliciter
509 4376 839 4451 Arphaxad
884 4376 1149 4449 genuisse
1194 4374 1404 4433 Salem.
1465 4375 1579 4431 His
1624 4374 1953 4431 rationibus
1998 4374 2234 4431 adducti
2279 4373 2622 4443 Bochartus,

164 4473 376 4551 Phaleg,
422 4498 481 4555 p.
518 4486 621 4537 90.
680 4480 999 4551 Calmetus,
1050 4499 1253 4537 comm.
1286 4480 1353 4537 in
1382 4478 1589 4535 Genes.
1622 4498 1680 4555 p.
1723 4483 1864 4535 168.
1923 4477 2000 4535 D.
2032 4478 2338 4549 PetaviuS‚
2386 4478 2624 4535 Ration.

164 4576 403 4655 Tempor.
424 4582 571 4641 IL1.
590 4583 683 4641 ΙΙ.
700 4602 749 4639 c.
770 4583 811 4640 l.
831 4603 885 4658 p.
908 4588 1009 4641 55.
1058 4583 1289 4641 Natalis
1311 4582 1509 4655 Alex„
1537 4583 1601 4639 in
1625 4602 1735 4639 sec.
1762 4582 1967 4640 Mundi
1993 4588 2105 4639 aet.
2131 4583 2238 4640 dis.
2265 4602 2322 4660 q.
2348 4583 2430 4641 H.
2459 4583 2530 4639 V.
2555 4582 2626 4641 T.
