3267 5259
1041 423 1093 465 n.
1120 422 1303 465 Jmni·
1328 423 1381 464 A.
1408 423 1603 465 extrem
1628 422 1722 463 nt·
1749 422 1796 463 ot
1823 420 1998 473 script..
2637 406 2764 470 507

276 599 539 663 probatur
574 600 927 663 argumentis:
966 612 1015 649 a.
1040 600 1125 649 Ex
1150 598 1493 649 cohaerentia
1526 615 1577 649 v.
1606 601 1653 648 7.
1691 614 1810 649 cum
1851 596 2290 649 antecedentibus
2319 603 2373 647 et
2397 595 2767 661 consequenti-

279 684 396 735 bus.
434 685 767 735 Receusione
792 688 1089 752 argumenti
1114 687 1357 752 superius
1384 686 1511 737 data
1533 686 1908 747 intelleximus,
1947 684 2051 735 dici
2089 685 2174 735 vel
2211 684 2374 735 scribi
2411 683 2479 733 ab
2507 682 2766 749 Apostolo

278 773 486 823 nullum
536 775 804 839 potuisse:
856 779 951 824 aut
984 776 1154 839 magis
1190 766 1386 824 subtile
1424 773 1800 838 theologicum,
1839 778 1933 822 aut
1966 774 2136 837 magis
2173 771 2545 837 dogmaticum,
2584 770 2766 829 autin

278 866 511 925 utroque
540 875 735 925 genere
760 862 929 925 magis
951 866 1274 921 accuratum,
1303 866 1395 911 aut
1420 876 1601 910 secum
1626 861 1856 925 denique
1881 860 2048 925 magis
2075 858 2365 909 cohaerens
2391 856 2766 907 testimonium.

280 948 378 996 Vel
408 948 543 997 haec
567 962 677 997 una
700 948 968 998 sententia
992 962 1041 996 v.
1068 950 1115 997 8.
1146 944 1253 1008 „ivri
1286 950 1371 1011 τῆς
1406 950 1529 1015 γῆς“
1568 952 1809 1009 testatur,
1849 964 1896 997 v.
1925 949 1971 997 7.
1992 946 2352 1008 'praecessisse
2385 958 2620 1006 comma3
2659 959 2766 1009 quo

281 1034 433 1084 allati
472 1035 579 1085 sint
614 1040 839 1100 oportet,
878 1035 971 1099 qui
994 1035 1349 1084 testimonium
1376 1034 1507 1084 dant
1528 1036 1584 1083 in
1610 1034 1778 1084 coelo.
1817 1033 2066 1099 Alioquin
2093 1032 2260 1082 istud:
2301 1032 2389 1091 „in
2413 1034 2586 1081 terra“
2627 1036 2770 1080 esset

282 1120 529 1185 frigidm
564 1126 619 1170 et
652 1120 975 1183 redundans,
1013 1136 1187 1186 neque
1226 1122 1471 1187 prudenti
1510 1122 1758 1187 scriptori
1784 1135 1850 1170 ea
1872 1121 2040 1170 verba
2063 1120 2118 1169 in
2155 1124 2380 1169 mentem
2417 1119 2677 1167 venirent.
2716 1117 2768 1167 b.

282 1207 439 1257 Licet
474 1206 746 1272 aliquibus
792 1208 1017 1258 vetustis
1064 1208 1454 1273 exemplaribus
1495 1210 1704 1273 graecis
1741 1206 1894 1257 MSS.
1931 1208 2266 1257 librariorum
2303 1204 2645 1270 negligentia,
2681 1203 2769 1253 vel

284 1294 581 1343 scribarum
606 1296 811 1344 incuria
836 1294 1091 1343 exciderit
1114 1295 1459 1345 celeberrima
1484 1294 1579 1345 illa
1604 1294 1884 1361 periocha3
1923 1300 2208 1344 occurrunt
2231 1292 2570 1342 nihilominus
2601 1290 2769 1354 MSS„

288 1396 427 1446 quae
452 1380 627 1431 locum
654 1381 739 1430 vel
766 1382 821 1431 in
848 1386 993 1431 textu
1020 1398 1333 1444 connexum,
1372 1382 1458 1432 vel
1482 1384 1710 1447 margini
1737 1382 2061 1447 adscriptum
2087 1380 2328 1431 afferunt.
2365 1380 2429 1429 E.
2455 1395 2505 1443 g.
2544 1377 2770 1428 Codices

288 1467 478 1533 quibus
497 1467 560 1518 L.
582 1468 753 1531 Valla,
780 1468 1028 1518 Editores
1053 1468 1473 1535 complutenses,
1500 1469 1560 1517 R.
1589 1468 1892 1533 Stephanus
1917 1470 2000 1519 usi
2027 1472 2164 1517 sunt.
2191 1467 2342 1517 Adde
2362 1464 2513 1517 MSS.
2534 1466 2767 1515 Brittan-

286 1556 478 1617 nicum‚
524 1557 675 1604 cuius
713 1557 1033 1606 auctoritate
1069 1562 1339 1621 permotus
1377 1558 1635 1607 Erasmus
1673 1570 1880 1606 comma
1916 1556 2018 1605 hoc
2056 1555 2137 1603 ed.
2167 1556 2316 1605 1522.
2355 1554 2594 1603 inseruit.
2631 1552 2768 1602 Item

286 1639 435 1690 MSS.
462 1641 795 1691 Dublinense
832 1648 885 1695 et
922 1642 1283 1693 Berolinense.
1323 1644 1511 1693 Patres
1538 1643 1732 1693 Graeci
1771 1642 1996 1692 Concilii
2032 1641 2414 1692 Lateranensis
2440 1640 2531 1689 IV.
2571 1639 2770 1689 decret.

290 1728 360 1777 H.
396 1728 463 1777 de
489 1744 588 1778 err.
616 1728 739 1778 abb.
764 1728 953 1779 Joach.
981 1744 1065 1795 ap.
1093 1730 1260 1780 Hard.
1286 1731 1405 1791 VII,
1436 1733 1515 1780 17.
1552 1730 1816 1780 indicant:
1857 1726 1903 1779 ἐν
1938 1726 2038 1779 τισὶ
2072 1724 2270 1787 κώδεξιν
2305 1732 2610 1789 contextum
2645 1743 2695 1776 v.
2723 1728 2772 1776 7.

288 1817 565 1866 exstitisse.
592 1816 814 1865 Accedit
832 1817 1061 1882 denique
1089 1818 1302 1867 codices
1327 1833 1549 1883 graecos
1575 1820 1825 1884 antiquos
1844 1818 1902 1867 in
1921 1817 2114 1883 quibus
2141 1815 2439 1866 catholicae
2467 1816 2620 1880 epist.
2645 1830 2767 1865 con·

288 1904 539 1965 tinentur,
572 1904 856 1969 pauciores
890 1902 1089 1953 habere
1114 1920 1197 1970 ep.
1225 1904 1273 1954 d.
1300 1904 1544 1955 Joannis.
1584 1904 1740 1955 Unde
1767 1905 1980 1954 axioma
2011 1920 2083 1953 cr.
2108 1904 2162 1951 in
2187 1901 2333 1953 nullo
2367 1901 2551 1951 codice
2577 1916 2770 1966 graeco

288 1990 509 2055 reperiri
528 1989 859 2040 limitandum
886 2006 1004 2041 esse
1028 1992 1283 2056 sequitur.
1310 2008 1355 2041 c.
1384 1992 1604 2058 Semper
1628 1991 1886 2057 singulari
1905 1990 2150 2040 Numinis
2169 1988 2505 2055 providentia
2527 2002 2769 2053 perman-

288 2078 357 2126 sit
378 2078 589 2141 integra
610 2078 665 2125 in
690 2076 1052 2142 compluribus
1080 2080 1549 2143 praestantissimis
1574 2078 1910 2129 versionibus
1935 2078 2142 2127 Latinis
2167 2077 2328 2127 etiam
2351 2090 2474 2125 mss.
2529 2074 2774 2125 Confecit

286 2163 341 2213 id
386 2163 740 2213 eruditissime
788 2164 847 2213 C.
883 2166 947 2215 N.
982 2165 1317 2226 Wisemann,
1364 2167 1654 2231 scriptione
1700 2166 1829 2214 Two
1865 2166 2076 2215 Letters
2115 2178 2184 2213 on
2220 2178 2367 2213 some
2403 2168 2550 2228 parts
2587 2162 2648 2213 of
2679 2162 2772 2213 the

289 2256 633 2315 controversy
658 2252 983 2317 concerning
1018 2252 1059 2301 Ι.
1084 2251 1245 2302 John.
1272 2254 1335 2313 V,
1364 2255 1409 2302 7.
1448 2253 1597 2303 Rom.
1628 2254 1780 2303 1835.
1816 2269 1868 2318 p.
1896 2255 1945 2303 9.
1973 2270 2014 2303 s.
2051 2251 2334 2317 Reperitur
2358 2250 2410 2301 d.
2445 2252 2502 2299 in
2537 2250 2771 2315 antiquis

287 2337 537 2389 Patribus
572 2344 627 2387 et
650 2338 1024 2405 Scriptoribus.
1070 2356 1116 2389 e.
1154 2339 1359 2389 Invicto
1393 2340 1623 2406 probant
1647 2340 1851 2389 illustre
1877 2340 1982 2389 hoc
2017 2339 2372 2391 testimonium
2409 2337 2627 2387 saeculo
2665 2337 2770 2387 111.

288 2424 481 2475 lectum
514 2426 706 2475 fuisse:
733 2426 1109 2489 Tertullianus,
1150 2427 1271 2477 adv.
1302 2428 1563 2477 Praxeam
1588 2444 1640 2475 n.
1667 2428 1750 2477 25.
1784 2427 1874 2489 IV,
1903 2428 2019 2477 282.
2047 2424 2100 2475 S.
2128 2425 2446 2491 Cyprianus,
2479 2424 2544 2473 de
2568 2425 2774 2475 unitate

288 2511 567 2561 Ecclesiae
592 2528 645 2561 n.
672 2514 719 2562 6.
748 2529 798 2578 p.
828 2514 943 2563 121.
978 2512 1349 2564 Cassiodorius
1375 2530 1585 2579 quoque
1610 2514 1738 2579 legit
1762 2516 1816 2564 in
1843 2512 2300 2579 complexionibus
2338 2513 2465 2561 suis.
2502 2512 2604 2561 Est
2639 2510 2773 2561 haec

290 2597 545 2665 periocha
580 2604 725 2649 certe
750 2601 804 2649 in
832 2600 1163 2665 expositione
1200 2600 1325 2650 fidei
1361 2600 1659 2651 catholicae
1696 2601 1767 2650 ab
1803 2601 2050 2665 Eugenio
2079 2598 2486 2665 Carthaginensi
2525 2600 2776 2664 episcopo

293 2686 491 2737 tradita
527 2686 839 2737 Hunnerico
876 2688 988 2753 regi
1023 2688 1389 2737 Vandalorum
1426 2703 1474 2737 a.
1511 2689 1648 2750 484.,
1688 2704 1752 2737 ex
1790 2703 2056 2737 consensu
2093 2689 2328 2737 omnium
2359 2686 2590 2748 Africae,
2627 2686 2776 2735 Mau-

290 2775 548 2836 retaniae,
586 2772 865 2823 Sardiniae
903 2780 958 2823 et
980 2774 1229 2825 Corsicae
1262 2776 1651 2840 episcoporum,
1687 2780 1750 2825 ut
1775 2774 1988 2841 quidem
2022 2774 2186 2824 refert
2211 2773 2538 2837 Gennadius,
2577 2773 2644 2823 de
2680 2774 2778 2823 vir.

290 2859 363 2909 in.
391 2876 437 2909 c.
464 2861 547 2910 97.
573 2876 625 2925 p.
652 2862 737 2910 44.
784 2861 1112 2924 Harduinus,
1153 2862 1315 2912 Cone.
1342 2863 1411 2923 11,
1439 2864 1557 2912 863.
1594 2862 1666 2911 At
1689 2878 1798 2911 non
1823 2867 1904 2912 est
1929 2862 2096 2911 citata
2129 2862 2391 2911 obiiciunt
2427 2860 2722 2911 adversarii
2747 2875 2782 2911 a

290 2963 333 2997 s.
361 2947 631 3009 Patribus,
671 2948 762 3013 qui
800 2954 987 2999 contra
1021 2950 1247 2998 Arianos
1286 2948 1657 3015 disputarunt?
1715 2950 1890 2999 Huius
1927 2948 2122 2999 silentii
2161 2962 2328 2999 causa
2363 2948 2476 3009 fuit,
2513 2948 2602 2997 vel
2635 2949 2780 2998 viros

294 3034 390 3083 hos
428 3034 500 3083 ad
535 3048 725 3084 manus
760 3034 1013 3085 habuisse
1052 3036 1281 3098 codices,
1320 3038 1410 3102 qui
1448 3051 1515 3087 ea
1549 3037 1806 3102 pericopa
1842 3036 2114 3097 carebant,
2152 3064 2218 3072 —
2255 3051 2364 3085 non
2401 3049 2520 3084 raro
2559 3035 2779 3097 librarii,

292 3122 385 3171 ubi
422 3121 611 3171 eadem
637 3122 803 3171 verba
828 3124 965 3171 utin
992 3125 1257 3187 praesenti
1298 3128 1445 3173 textu
1472 3124 1555 3173 bis
1581 3128 1876 3185 recurrunt,
1915 3122 2192 3173 brevitatis
2223 3138 2348 3188 ergo
2385 3122 2550 3173 semel
2575 3127 2782 3173 tantum

292 3208 717 3274 adscripserunt3
745 3236 811 3244 —
837 3209 925 3258 vel
962 3224 1083 3259 cum
1120 3216 1339 3275 possent
1374 3210 1589 3260 aliunde
1628 3226 1836 3261 errores
1875 3211 2168 3271 confutare,
2208 3210 2274 3259 de
2308 3209 2412 3259 loci
2451 3210 2779 3260 controversi

294 3296 349 3344 vi
386 3295 711 3345 contendere
746 3296 1049 3346 noluerunt.
1088 3295 1280 3347 Nullus
1317 3301 1495 3346 tamen
1532 3312 1573 3347 s.
1611 3298 1672 3347 P.
1697 3299 1757 3347 P.
1797 3297 1864 3347 de
1901 3296 2020 3346 loco
2057 3297 2173 3357 hoc,
2209 3302 2466 3361 tanquam
2503 3297 2779 3362 supposito

294 3387 515 3447 questus
566 3386 663 3432 est.
712 3382 961 3447 Denique
1012 3398 1057 3432 e.
1096 3383 1435 3433 determinari
1472 3400 1579 3433 non
1615 3390 1794 3449 potest
1832 3399 1937 3450 quo
1974 3383 2209 3445 saeculo,
2249 3400 2354 3448 quo
2392 3388 2628 3443 auctore,
2675 3398 2780 3448 quo

292 3468 411 3519 loco
466 3470 635 3519 verba
678 3469 777 3519 illa
824 3471 1024 3535 scripta
1069 3471 1208 3519 sint?
1263 3476 1317 3519 et
1360 3485 1469 3535 qua
1522 3470 1776 3537 deinceps
1831 3472 2151 3521 auctoritate
2205 3472 2458 3535 recepta?
2513 3469 2622 3519 Cur
2674 3486 2780 3519 non

294 3556 533 3605 unanimi
586 3555 867 3605 Ecclesiae
923 3572 1187 3607 consensu
1244 3558 1445 3606 reiecta
1495 3557 1680 3607 fuere?
1740 3557 2038 3607 Concilium
2086 3556 2452 3607 Tridentinum
2509 3572 2638 3607 sess.
2689 3556 2780 3605 IV.

296 3657 477 3693 omnes
504 3642 571 3692 U.
598 3643 658 3691 T.
686 3642 749 3691 L.
775 3643 838 3692 L.
878 3659 1015 3692 cum
1054 3644 1351 3693 omnibus
1389 3646 1527 3695 suis
1566 3645 1895 3709 partibus,
1945 3650 2104 3709 prout
2137 3645 2192 3693 in
2221 3643 2470 3693 Ecclesia
2505 3642 2784 3692 Catholica

296 3728 399 3793 legi
437 3736 847 3792 consueverunt,
887 3737 939 3779 et
972 3732 1025 3779 in
1054 3730 1287 3795 Vulgata
1324 3730 1555 3780 editione
1592 3730 1872 3791 habentur,
1911 3744 2092 3779 sacros
2131 3736 2186 3779 et
2221 3731 2508 3779 canonicos
2547 3730 2781 3794 agnovit.

296 3816 429 3865 Cum
464 3831 594 3865 vero
634 3822 687 3865 et
722 3816 875 3865 locus
924 3817 1010 3865 hic
1047 3818 1103 3865 in
1140 3816 1373 3882 Vulgata
1420 3818 1699 3879 habeatur,
1737 3824 1792 3866 et
1827 3817 1866 3866 1.
1905 3817 2102 3867 Joann.
2141 3818 2188 3877 5,
2229 3818 2275 3865 7.
2313 3818 2363 3866 8.
2402 3822 2606 3882 partem
2656 3832 2780 3865 eon·

294 3904 497 3963 stimat,
536 3908 835 3953 ceterorum
872 3904 1041 3952 instar
1078 3909 1333 3969 tanquam
1384 3904 1724 3953 authenticus
1771 3909 1854 3953 est
1897 3903 2256 3969 excipiendus.
2314 3901 2550 3966 Singulis
2597 3908 2784 3953 contra

296 3985 543 4038 αὖθεντίαν
568 3989 723 4039 huius
750 3990 875 4039 dicti
912 3990 1237 4055 argumentis
1274 3990 1441 4039 multa
1470 3990 1580 4039 alia
1605 3996 1948 4056 opponuntur
1977 3989 2208 4039 nondum
2247 3988 2547 4051 confutata3
2585 3990 2780 4055 quibus

298 4077 533 4141 suspicio
584 4073 768 4135 νοθείας
823 4076 1034 4141 plenius
1080 4078 1315 4126 amoveri
1366 4082 1555 4142 potest.
1604 4079 1994 4127 Praestiterunt
2038 4076 2138 4125 hoc
2188 4075 2412 4138 Calmet,
2451 4076 2578 4126 diss.
2615 4077 2680 4126 N.
2719 4078 2782 4127 T.

296 4180 347 4228 p.
372 4165 493 4213 497.
546 4162 879 4227 Goldhagen,
906 4163 1035 4214 Intr.
1062 4180 1112 4229 p.
1140 4166 1257 4213 480.
1285 4179 1327 4215 s.
1376 4165 1507 4229 Aeg.
1535 4166 1801 4226 Hunnius,
1829 4166 1982 4230 epist.
2009 4178 2128 4213 can.
2155 4163 2350 4213 Joann.
2375 4164 2476 4213 Ev.
2503 4168 2559 4213 et
2582 4163 2681 4229 Ap.
2707 4164 2782 4214 ill.

297 4250 493 4301 Franc.
532 4252 683 4300 1588.
718 4267 769 4315 p.
806 4252 923 4299 225.
958 4268 1000 4299 s.
1040 4250 1380 4314 Harduinus‚
1418 4253 1473 4299 in
1510 4250 1660 4301 calce
1700 4250 1900 4300 Comm.
1926 4251 1990 4300 N.
2017 4251 2078 4300 T.
2105 4267 2157 4315 p.
2184 4251 2302 4300 800.
2328 4264 2370 4299 s.
2399 4249 2460 4300 G.
2487 4251 2678 4313 Titius,
2717 4251 2784 4302 de

297 4336 585 4401 prudentia
620 4337 675 4387 in
714 4338 847 4401 disq.
887 4337 1032 4387 auth.
1073 4337 1122 4387 d.
1149 4338 1347 4387 Joann.
1374 4337 1417 4386 1.
1445 4340 1493 4399 5,
1524 4340 1569 4388 7.
1598 4339 1696 4387 obs
1753 4339 1895 4387 Witt.
1928 4340 2078 4388 1766.
2105 4337 2380 4399 Mosheim,
2419 4337 2486 4387 de
2522 4337 2692 4387 tribus
2729 4340 2784 4388 in

296 4432 439 4473 terra
464 4423 708 4473 testibus.
731 4423 955 4474 Helmst.
985 4426 1135 4474 1725.
1180 4424 1339 4485 Wolf,
1366 4426 1421 4473 in
1448 4424 1571 4473 Cur.
1598 4442 1646 4490 p.
1678 4428 1794 4475 299.
1838 4425 1888 4474 J.
1910 4425 1972 4474 A.
1997 4424 2217 4490 Bengel,
2239 4424 2542 4489 Apparatus
2569 4426 2786 4475 criticus

298 4512 365 4561 ad
390 4512 455 4560 N.
483 4512 545 4560 T.
574 4510 656 4560 ed.
684 4510 751 4559 11.
780 4526 825 4559 c.
850 4512 1015 4561 Burk.
1042 4512 1178 4561 Tub.
1209 4513 1359 4561 1763.
1390 4528 1439 4577 p.
1468 4514 1585 4561 452.
1639 4512 1700 4560 G.
1729 4511 1787 4561 C.
1813 4512 2015 4576 Mayer,
2043 4512 2242 4562 Comm.
2271 4516 2320 4560 ii.
2349 4511 2397 4561 d.
2423 4512 2514 4561 Br.
2539 4512 2588 4562 d.
2615 4512 2784 4578 Apos-

296 4598 395 4649 tels
421 4597 721 4648 Johannes.
748 4598 922 4648 wien.
954 4600 1103 4649 1861.
1132 4615 1185 4664 p.
1216 4600 1330 4649 188.
1354 4614 1397 4649 s.
