3267 5259
583 426 713 493 250
1338 440 1529 483 Dedecus
1558 441 1926 493 oloqui-itionum
1951 441 2303 492 theologicarum.

585 622 707 689 eieb,
750 621 1076 693 Archiiloyie
1119 624 1217 677 der
1264 623 1682 694 Leidensqesch.
1719 640 1782 692 p.
1819 626 1944 677 134.
1987 630 2155 693 atque
2185 624 2429 695 Langen,
2471 624 2526 679 d.
2569 624 2604 677 l.
2641 624 2886 679 Lebemt.
2915 624 2966 677 J.
2985 642 3036 691 p.

584 728 713 779 310.
739 743 783 781 ε.
842 724 1100 783 Pictores
1129 745 1355 804 quoque
1388 732 1447 783 et
1476 726 1793 802 sculptores
1823 745 1860 785 a
1888 728 2076 784 forma
2113 726 2228 784 ista
2258 746 2374 785 non
2404 728 2702 785 recedunt.
2765 727 2838 784 In
2865 727 3039 801 priscis

584 828 906 905 lapidibus,
952 830 1165 907 quibus
1214 830 1425 887 merito
1468 830 1609 887 fides
1628 875 1642 901 ,
1692 830 2157 907 quadrilaterum
2198 832 2554 907 conspicitur
2597 831 2828 904 lignum
2861 831 3038 889 crucis.

584 934 659 990 In
702 934 983 1005 nummiS,
1032 954 1278 1012 quorum
1326 940 1495 1011 typos
1536 934 1694 991 dedit
1742 934 1799 992 J.
1833 934 2104 1009 Lipsius,
2152 935 2224 991 de
2267 954 2434 993 cruce
2475 934 2600 1005 111,
2659 940 2754 993 16.
2800 955 2855 1010 p.
2899 939 3038 1004 676„

582 1057 811 1116 quoque
858 1038 1233 1115 plurifariam
1278 1040 1366 1096 ita
1415 1045 1675 1114 apparet.
1753 1037 2112 1100 Quadratum
2165 1040 2412 1097 formam
2459 1040 2746 1097 exhibent
2793 1040 3041 1112 imagines

586 1143 643 1199 S.
688 1144 745 1199 S.
789 1144 1035 1200 Patrum
1069 1176 1151 1185 —
1183 1143 1336 1219 apud
1388 1143 1657 1201 eumdem
1709 1142 1996 1218 Lipsium,
2042 1143 2101 1214 I,
2155 1150 2210 1199 9.
2255 1163 2312 1219 p.
2359 1148 2500 1201 650.
2549 1148 2694 1199 651.
2727 1176 2828 1214 ——,
2859 1142 3040 1220 quibus

582 1265 701 1305 non
730 1249 855 1305 siue
884 1248 1277 1305 foecunditate
1306 1248 1557 1325 quadam
1588 1248 1812 1321 ingenii
1845 1266 1974 1305 eam
2005 1248 2361 1305 describunt..
2423 1248 2548 1305 Nec
2589 1254 2790 1305 nostro
2832 1248 3034 1313 iudicio,

582 1351 804 1425 ambigi
848 1351 1103 1427 profecto
1145 1358 1333 1427 potest
1377 1353 1441 1409 in
1489 1358 1610 1409 tam
1657 1353 1843 1409 veteri
1891 1350 2360 1410 Christianorum
2407 1371 2598 1409 sensu.
2663 1352 2764 1407 De
2809 1352 3036 1409 crucis

584 1456 777 1513 form
794 1475 829 1512 a
872 1474 955 1527 ea,
1003 1476 1151 1533 quae
1182 1457 1339 1515 dicta
1366 1465 1521 1525 suut,
1570 1474 1704 1513 cum
1743 1458 2064 1513 necessaria
2092 1456 2453 1526 viderent-nr,
2493 1456 2804 1530 praeteriri
2835 1475 2868 1513 a
2895 1455 3036 1513 nobis

584 1560 739 1617 haud
788 1564 1075 1635 poterant.
1140 1562 1313 1617 Nunc
1364 1562 1441 1617 de
1494 1563 1650 1617 eius
1703 1560 2006 1618 materia
2051 1558 2321 1630 locuturi,
2372 1580 2648 1641 *feremur
2693 1560 2940 1617 maxime
2981 1578 3038 1615 ne

584 1666 811 1721 curiosa
840 1666 1025 1737 magis
1070 1684 1247 1741 quam
1284 1663 1461 1722 utilia
1502 1668 1713 1721 sectari
1752 1664 2093 1735 videamur,
2141 1684 2274 1721 cum
2305 1664 2460 1721 nihil
2491 1666 2636 1721 certi
2669 1665 2782 1721 hac
2811 1664 2874 1721 in
2901 1671 3038 1739 parte

586 1767 816 1825 definiri
850 1771 1025 1845 possit
1064 1768 1403 1827 Veterum
1440 1769 1809 1846 quorundam
1853 1769 2220 1843 suffragium.
2283 1770 2435 1827 Sunt
2479 1770 2582 1846 qui
2621 1776 2875 1846 quatuor
2915 1768 3037 1841 ligni

584 1874 799 1948 species
820 1874 883 1930 in
907 1873 1150 1931 salutari
1181 1892 1349 1931 cruce
1380 1878 1654 1931 sumunt:
1687 1873 1942 1943 cedrum,
1971 1872 2244 1948 palmam,
2273 1892 2608 1949 cypressum
2633 1880 2810 1950 atque
2833 1872 3037 1929 olivam.

586 1980 670 2035 At
700 1978 864 2035 nullo
896 1983 1039 2034 teste
1070 1977 1362 2035 sentent-ia
1391 1976 1505 2035 ista
1534 1978 1850 2051 profertur.
1883 1977 1947 2033 Si
1979 1978 2110 2055 quis
2141 1978 2206 2035 in
2239 1998 2299 2035 re
2321 1979 2566 2035 obscura
2595 1978 2950 2035 coniecturae
2975 1986 3040 2031 est

586 2082 760 2152 locus,
795 2083 865 2140 ad
898 2102 993 2139 eos
1024 2084 1261 2158 propius
1292 2084 1704 2153 accederemus„
1753 2082 1856 2160 qui
1888 2100 2115 2139 crucem
2145 2080 2470 2139 Salvatoris
2513 2100 2590 2139 ex
2621 2083 2798 2139 unico
2827 2080 2973 2155 ligno
2997 2084 3042 2135 et

585 2188 819 2263 quidem
861 2205 1155 2265 quercu
1198 2186 1393 2257 fuisse,
1438 2194 1577 2245 sunt
1620 2190 1865 2263 opinati.
1929 2186 2078 2243 Tum
2123 2187 2264 2264 quia
2308 2188 2426 2243 viri
2455 2184 2572 2242 fide
2613 2186 2810 2259 digni,
2857 2186 3040 2263 quibus

586 2292 843 2366 penitius
882 2290 1101 2348 intueri
1147 2289 1335 2361 licuit,
1384 2310 1531 2369 quae
1562 2310 1722 2349 nunc
1766 2296 2004 2349 exstant
2032 2291 2092 2348 S.
2125 2289 2326 2349 Crucis
2370 2288 2668 2367 reliquiae,
2717 2291 2890 2347 huius
2917 2290 3042 2363 ligni

585 2397 834 2469 speciem
894 2396 1110 2453 referre
1171 2400 1494 2465 testantur3
1558 2401 1686 2453 tum
1745 2397 1888 2473 quia
1933 2397 2106 2454 arbor
2158 2394 2265 2453 illa
2315 2395 2520 2452 crebra
2571 2400 2630 2451 et
2681 2394 2944 2472 frequens
2991 2395 3044 2448 in

588 2500 923 2557 Palaestina
964 2499 1105 2557 olim
1146 2500 1347 2569 fuerit,
1392 2518 1458 2557 ac
1496 2518 1655 2557 nunc
1694 2518 1922 2578 quoque
1952 2502 2061 2568 sit3
2109 2517 2416 2576 crucesque
2447 2519 2522 2556 ex
2553 2499 2729 2556 obvio
2763 2516 2972 2575 quoque
2997 2502 3044 2551 et

588 2610 815 2679 promto
845 2603 1007 2676 ligno
1037 2608 1393 2661 constructas
1424 2604 1601 2661 fuisse
1631 2603 2134 2662 verisimillimum
2173 2603 2466 2660 videatur.

798 2707 957 2766 Illud
1004 2706 1241 2765 maioris
1286 2709 1565 2765 momenti
1612 2712 1702 2765 est
1745 2728 1820 2766 an
1865 2706 2138 2767 Salvator
2181 2706 2340 2765 cruci
2387 2706 2606 2765 affixus
2659 2708 2740 2764 sit
2781 2712 2928 2775 ante,
2981 2722 3044 2761 an

590 2818 719 2887 post
760 2811 1151 2869 erectionem?
1236 2812 1495 2889 Uterque
1540 2813 1742 2869 modus
1787 2812 1928 2870 olim
1973 2811 2250 2869 obtinuit.
2336 2810 2410 2869 V.
2459 2814 2612 2869 Acta
2653 2832 2700 2869 s.
2747 2811 2830 2867 M.
2875 2807 3044 2866 Piouii

589 2934 723 2987 soc„
754 2917 910 2991 apud
938 2916 1307 2987 Bollandum,
1334 2934 1383 2973 c.
1418 2921 1474 2973 5.
1500 2936 1561 2974 n.
1592 2922 1692 2974 21.
1732 2916 1904 2974 Febr.
1931 2917 1982 2987 I,
2013 2920 2112 2973 46.
2161 2914 2436 2973 classicos
2459 2914 2585 2990 lege
2607 2916 2764 2991 apud
2787 2912 3044 2990 Lipsium‚

589 3021 660 3077 de
724 3039 894 3077 cruce
953 3020 1041 3091 ΙΙ,
1096 3024 1149 3077 7.
1198 3041 1252 3095 p.
1306 3024 1448 3077 659.
1540 3020 1794 3079 Interim
1869 3020 2154 3095 posterior
2226 3020 2591 3097 frequentius
2667 3020 3044 3078 adhibebatur.

594 3123 761 3182 Unde
804 3124 1125 3183 familiares
1158 3124 1293 3183 illae
1338 3126 1493 3200 apud
1538 3124 1828 3183 Romanos
1874 3124 2148 3202 loquendi
2193 3124 2479 3182 rationes:
2541 3143 2779 3197 agere,
2841 3124 3044 3189 ferre,

592 3228 879 3299 tollere,
936 3230 1125 3299 dare,
1182 3248 1592 3301 excurrere,
1649 3230 1876 3287 salire
1931 3230 1996 3287 in
2051 3247 2309 3297 crucem3
2371 3248 2520 3305 quae
2563 3233 2720 3286 certe
2773 3238 3048 3286 erectam

590 3340 765 3391 antea
792 3352 1019 3392 crucem
1049 3334 1328 3403 innuunt,
1375 3351 1550 3410 quam
1581 3334 1646 3390 in
1689 3334 1854 3391 illam
1895 3338 2106 3407 agatur
2135 3354 2285 3390 reus.
2363 3332 2580 3391 Iisdem
2627 3332 2928 3408 phrasibus
2968 3329 3046 3387 usi

591 3456 816 3515 quoque
882 3448 1017 3495 sunt
1076 3440 1135 3495 S.
1184 3439 1251 3496 P.
1314 3445 1373 3496 et
1416 3439 1475 3496 S.
1522 3439 1589 3495 E.
1654 3440 1725 3495 de
1773 3437 2005 3496 Christo
2073 3436 2358 3495 crucifixo
2401 3437 2720 3515 loquentes.
2809 3438 2875 3494 E.
2917 3456 2968 3509 g.
3007 3454 3046 3489 s.

590 3541 801 3599 Joann.
850 3542 1311 3619 Chrysostomus,
1358 3542 1561 3601 homil.
1609 3542 1853 3601 XXVI.
1903 3544 1966 3599 in
2011 3543 2222 3600 Joann.
2271 3562 2330 3599 n.
2368 3546 2424 3599 2.
2459 3562 2516 3617 p.
2557 3546 2698 3599 155.
2731 3562 2776 3599 s.
2823 3540 3046 3599 Ambro-

590 3646 728 3716 sius,
771 3646 1018 3721 exposit.
1066 3648 1177 3704 Ev.
1225 3666 1333 3705 sec.
1384 3648 1526 3704 Luc.
1574 3646 1659 3717 X,
1714 3650 1856 3705 107.
1907 3652 1960 3703 8.
2009 3666 2068 3722 p.
2123 3650 2306 3703 1527.
2353 3666 2398 3703 s·
2447 3645 2747 3716 Hilarius,
2793 3647 2862 3703 de
2903 3643 3050 3701 Trin.

592 3748 677 3821 X,
727 3754 828 3807 48.
878 3770 931 3826 p.
985 3756 1129 3808 410.
1176 3772 1220 3808 s.
1283 3753 1674 3824 Augustinus,
1733 3752 1796 3807 in
1841 3750 2052 3808 Joann.
2107 3751 2219 3808 Ev.
2273 3769 2322 3807 c.
2385 3755 2439 3807 1.
2495 3756 2668 3809 tract.
2723 3750 2845 3819 ΙΙΙ,
2899 3754 2951 3805 3.
2998 3766 3048 3821 p.

594 3859 739 3913 305.
801 3856 857 3912 S.
892 3856 1103 3913 Petrus
1149 3856 1555 3933 chrysologus,
1602 3875 1774 3913 serm.
1838 3860 1976 3913 144.
2016 3856 2086 3912 de
2115 3874 2371 3913 annunc.
2403 3874 2460 3930 p.
2499 3860 2642 3913 206.
2714 3855 2876 3912 Adde
2916 3852 3049 3909 Pm-

593 3960 879 4031 dentium,
926 3954 1050 4035 περὶ
1097 3958 1387 4035 στεφάνων.
1442 3959 1525 4029 X,
1566 3964 1707 4017 641.
1743 3980 1798 4035 p.
1839 3964 1980 4016 212.
2038 3960 2272 4017 Erectio
2318 3959 2517 4037 itaque
2563 3960 2754 4017 crucis
2797 3956 3050 4016 confixio-

592 4085 727 4123 nem
772 4065 1163 4122 antecedebat.
1226 4063 1533 4138 Significat
1578 4065 1640 4121 id
1685 4064 1954 4122 Christus
1997 4064 2122 4140 ipse
2163 4064 2373 4122 Joann.
2427 4068 2522 4133 12,
2583 4068 2721 4133 32.;
2771 4070 2830 4121 et
2865 4058 3051 4119 Judaei

596 4171 667 4227 ad
712 4170 973 4227 Pilatum
1020 4169 1337 4226 clamantes
1384 4168 1524 4226 Luc.
1576 4174 1676 4238 23,
1717 4173 1817 4226 18.
1861 4169 2074 4226 Joann.
2129 4172 2225 4239 19,
2281 4172 2378 4226 15.
2467 4166 2852 4242 Castigandus
2889 4165 3056 4239 igitur

594 4280 681 4332 est
737 4275 847 4332 hoc
900 4277 963 4331 in
1019 4273 1209 4349 capite
1266 4273 1555 4348 pictorum
1610 4292 1804 4343 error,
1861 4272 1962 4349 qui
2021 4273 2057 4329 J
2060 4292 2222 4329 esum
2281 4272 2345 4329 in
2405 4290 2576 4329 cruce
2634 4273 2798 4329 humi
2855 4271 3056 4329 iacente

595 4377 841 4435 affixum
887 4378 1161 4453 pingunt.
1274 4434 1277 4438 .

802 4482 1093 4539 Solvenda
1154 4482 1321 4539 venit
1384 4482 1563 4539 etiam
1622 4480 1885 4558 quaestio
1945 4482 2025 4538 de
2069 4480 2344 4539 Christi
2409 4481 2481 4537 in
2529 4499 2752 4538 cruce
2793 4494 3058 4553 corpore

596 4586 1023 4660 praecincto.
1078 4586 1443 4643 crucifixum
1471 4587 1670 4643 Jesum
1701 4587 1870 4645 dorso
1909 4604 2112 4643 versus
2140 4584 2464 4643 Jerusalem
2493 4590 2552 4643 et
2583 4586 2898 4654 Orientem,
2927 4579 3059 4638 fac-ie
