3267 5259
1206 441 1465 493 manem
1492 442 1639 485 mea.
2319 377 2329 388 ·
2415 434 2420 445 '
2531 434 2656 499 229

214 626 373 679 menta
416 622 833 697 expendemus.
908 620 1101 681 Unica
1150 622 1463 700 eademque
1514 622 1730 681 mulier
1780 623 2120 699 Evangeliis
2171 626 2356 700 magis
2407 646 2660 687 consona

214 726 469 801 reperitur
496 746 573 783 ex
604 726 1005 800 congruentiis
1034 746 1139 785 seu
1166 726 1696 785 conformitatibus.
1757 746 1811 785 a.
1858 729 1954 786 Ab
1985 728 2127 804 ipsis
2166 750 2212 787 s.
2243 730 2436 789 Lucae
2471 731 2657 791 histo-

214 830 295 887 riis
309 873 322 898 ‚
370 831 521 888 unde
572 829 877 905 potissima
920 830 1226 889 suboritur
1269 829 1591 889 difficultas
1640 851 1934 891 sumemus
1978 833 2305 891 exordium.
2377 836 2438 893 Is
2497 836 2657 893 enim

212 934 335 991 solus
374 939 475 1005 est,
520 934 625 1011 qui
670 937 779 993 sub
826 936 1017 993 tribus
1062 936 1339 1006 diversis,
1388 940 1457 993 ut
1498 936 1585 993 ita
1609 936 1905 1007 dicamne,
1953 937 2292 995 nominibus
2343 939 2414 995 de
2464 940 2658 997 Maria

214 1038 535 1112 Magdalena,
570 1040 643 1096 de
671 1039 867 1097 Maria
895 1058 1091 1097 sorore
1121 1040 1411 1110 Marthae,
1452 1044 1513 1097 et
1544 1040 1614 1096 de
1645 1040 1971 1099 Peccatrice
2002 1040 2226 1099 locutus
2260 1047 2370 1111 est3
2405 1062 2656 1119 quarum

215 1144 427 1201 secunda
454 1143 607 1219 apud
638 1144 829 1201 solum
856 1142 894 1200 J
894 1163 1143 1202 oannem
1172 1149 1315 1203 nota
1340 1150 1459 1201 est:
1506 1145 1591 1201 sic
1620 1148 1690 1202 ut
1719 1144 2028 1203 dicendum
2058 1148 2158 1217 sit,
2192 1166 2237 1203 s.
2268 1146 2570 1205 Matthaeo
2599 1153 2660 1204 et

214 1266 247 1303 s.
267 1248 445 1305 Marco
474 1249 737 1322 ignotam
766 1248 963 1320 fuisse,
991 1247 1107 1306 nisi
1129 1250 1239 1306 snb
1260 1248 1640 1323 Magdalenae
1672 1248 1908 1306 nomine
1937 1249 2329 1325 intelligatur.
2378 1250 2658 1309 Sanctum

216 1350 397 1408 Lucam
424 1351 622 1429 itaque
653 1351 991 1423 audiamus3
1035 1372 1137 1430 qui
1176 1358 1229 1423 7,
1267 1357 1541 1411 36—50.
1572 1352 1826 1411 feminae
1854 1352 2020 1411 illius
2047 1357 2386 1429 peccatricis
2415 1374 2658 1414 conver·-

214 1454 397 1512 sionem
438 1456 638 1514 refert.
706 1456 876 1513 Idem
920 1476 1094 1532 porro
1139 1462 1197 1527 8,
1234 1461 1291 1513 2.
1338 1456 1587 1514 alteram
1631 1456 1873 1517 exhibet
1903 1490 1990 1501 --
2019 1479 2056 1517 a
2083 1465 2305 1535 septem
2337 1460 2656 1520 daemoniis

214 1557 485 1617 liberatam
512 1559 646 1619 coll.
678 1561 861 1619 Marc.
901 1566 928 1617 1
942 1566 997 1631 6,
1036 1566 1093 1618 9.
1119 1593 1203 1601 -
1228 1579 1469 1639 eamque
1504 1561 1751 1619 virtutis
1782 1563 2064 1621 exercitio
2095 1568 2154 1621 et
2185 1566 2354 1622 bonis
2383 1566 2654 1640 operibus

212 1663 375 1721 sedulo
401 1664 691 1725 intentam
718 1666 907 1735 sistit3
956 1664 1257 1723 Christum
1287 1665 1513 1723 assidue
1540 1666 1848 1743 sequendO,
1897 1666 1991 1723 cui
2023 1668 2094 1724 de
2123 1667 2502 1727 facultatibus
2531 1670 2652 1726 suis

216 1770 493 1827 necessaria
536 1768 858 1827 ministrat.
921 1770 1173 1827 Demum
1208 1774 1303 1839 10,
1342 1774 1441 1827 38.
1480 1773 1579 1827 39.
1626 1770 1783 1843 apud
1812 1770 2060 1827 eundem
2104 1772 2160 1828 d.
2193 1771 2416 1830 Lucam
2459 1774 2658 1848 prodit

215 1870 309 1928 alia
332 1872 498 1947 paulo
526 1873 845 1949 perfectior
866 1872 1097 1944 mulier,
1123 1876 1359 1931 tantum
1380 1892 1499 1931 non
1524 1874 1599 1931 ad
1625 1874 1962 1931 unionem
1989 1872 2150 1933 vitae
2171 1876 2660 1951 contemplativae

215 1984 399 2034 evecta.
472 1980 567 2033 An
612 1978 714 2035 hic
759 1982 877 2035 tres
922 1978 1243 2048 intuemur,
1292 1996 1369 2035 an
1412 1974 1633 2035 unam?
1692 1976 2009 2035 Fateamur
2053 1979 2330 2037 candide:
2376 1981 2428 2037 si
2472 1981 2659 2039 Lucas

216 2078 427 2138 Mariam
455 2080 863 2155 Magdalenam
892 2100 1010 2139 non
1040 2081 1397 2139 nominasset
1427 2086 1483 2151 8,
1523 2085 1614 2150 2.;
1655 2084 1716 2137 et
1745 2082 1796 2137 si
1825 2100 2082 2139 sororem
2113 2084 2385 2141 Marthae
2421 2088 2518 2156 10,
2558 2090 2657 2143 39.

216 2201 526 2261 anonymam
578 2185 944 2263 reliquisset3
998 2186 1300 2263 ecquidem
1344 2184 1593 2260 suspicio
1636 2203 1776 2242 mox
1829 2184 2129 2257 incideret,
2185 2206 2303 2245 non
2355 2192 2474 2245 tres
2525 2191 2661 2247 istic

218 2288 469 2360 mulieres,
502 2290 600 2347 sed
634 2309 815 2347 unam
845 2288 1175 2363 indigitari.
1230 2291 1317 2346 At
1346 2288 1503 2346 enim
1532 2289 1650 2346 nisi
1681 2280 2058 2348 vehementer
2086 2290 2372 2363 fallimur,
2406 2298 2494 2351 est
2521 2313 2660 2375 sane

215 2392 339 2467 quod
370 2394 601 2451 suadeat
637 2394 733 2451 his
770 2394 835 2450 in
866 2392 1041 2450 locis:
1086 2394 1559 2469 peccatricis
1602 2394 1910 2451 animae
1955 2396 2246 2452 sensim
2291 2397 2380 2453 ad
2422 2396 2660 2455 Deum

216 2498 685 2555 ascendentis
723 2516 1224 2572 progressum
1267 2495 1644 2556 describi.
1706 2496 1868 2559 Quae
1898 2498 2310 2573 Evangelistae
2340 2506 2662 2576 pertexunt

214 2600 271 2655 ad
310 2601 541 2658 Mariam
586 2599 998 2675 Magdalenam
1040 2606 1103 2658 et
1130 2601 1402 2659 Marthae
1438 2620 1696 2660 sororem
1739 2604 2093 2677 spectantia3
2140 2604 2300 2661 haud
2338 2604 2660 2663 difficulter

214 2703 561 2778 intelligimus
590 2705 1055 2763 consecutionem
1086 2724 1207 2763 esse
1249 2705 1409 2764 vitae
1453 2707 1794 2780 peccatricis
1836 2705 2056 2781 ipsius3
2103 2726 2251 2785 quae
2295 2710 2550 2784 expiatis
2595 2712 2658 2767 in

215 2807 353 2865 domo
392 2810 691 2867 Pharisaei
736 2814 1107 2884 peccatorum
1150 2809 1443 2881 sordibus,
1492 2811 1581 2867 ita
1622 2829 1814 2867 mores
1843 2814 2294 2870 commutaverit
2323 2814 2388 2871 in
2419 2813 2660 2884 melius;

213 2920 267 2966 ut
305 2916 411 2969 toto
450 2916 571 2971 iam
615 2913 845 2990 reliquo
898 2915 1057 2973 vitae
1110 2915 1355 2972 decursu
1400 2914 1866 2973 constantissime
1910 2920 2224 2987 exerceret,
2273 2919 2427 2994 quod
2469 2918 2664 2994 primo

216 3012 307 3071 isto
325 3019 701 3075 conversionis
727 3018 819 3075 die
844 3018 1138 3094 intrepide
1170 3023 1457 3094 coeperat.
1502 3019 1722 3077 Eadem
1745 3038 1972 3094 semper
1997 3022 2344 3080 observatur
2371 3022 2663 3081 factorum

218 3122 480 3179 connexio.
551 3121 860 3179 Cernimus
905 3123 1091 3198 ipsam
1136 3121 1513 3183 liberatorem
1554 3143 1729 3181 suum
1773 3125 2049 3182 continuo
2093 3130 2444 3202 sequentem,
2493 3129 2661 3205 eique

96 3298 105 3308 .
216 3222 469 3283 indivulse
510 3226 958 3295 adhaerentem;
1006 3232 1065 3285 et
1109 3228 1179 3285 de
1209 3229 1376 3285 bonis
1420 3227 1541 3287 suis
1586 3228 1922 3286 fidelissime
1966 3230 2420 3287 ministrantem.
2483 3230 2659 3288 Vide-

218 3345 322 3383 mus
347 3330 550 3407 ubique
594 3329 903 3387 mulierem
942 3330 1077 3389 aliis
1121 3331 1557 3404 ferventiorem,
1606 3337 1675 3390 ut
1703 3333 1862 3391 inter
1891 3334 2046 3407 ipsas
2075 3335 2270 3408 prima
2301 3336 2658 3393 nominetur.

218 3428 413 3489 Christo
450 3434 487 3491 J
488 3434 877 3510 erosolymam
920 3437 1263 3511 properanti
1308 3436 1667 3511 praecurrit,
1716 3442 1784 3495 ut
1829 3436 2272 3495 dilectissimum
2311 3442 2660 3513 magistrum

218 3532 431 3609 hospitio
478 3538 804 3597 Bethaniae
857 3540 1133 3615 excipiat.
1210 3541 1355 3597 Mox
1397 3560 1558 3597 secus
1602 3542 1774 3615 pedes
1792 3586 1806 3612 ,
1855 3546 1924 3598 ut
1967 3546 2306 3599 consuetum
2349 3542 2538 3615 facile,
2587 3544 2660 3601 ad

216 3640 525 3699 audiendum
574 3645 823 3701 verbum
865 3645 1063 3701 eadem
1107 3645 1339 3715 assidet,
1373 3644 1515 3702 Luc.
1555 3650 1653 3715 10,
1692 3649 1792 3702 39.
1839 3644 2046 3703 relicta
2087 3648 2274 3704 sorori
2313 3652 2443 3705 tum
2472 3649 2660 3705 inser-

218 3740 383 3801 viendi
436 3766 593 3805 cura.
678 3748 895 3825 Ecquis
952 3749 1067 3805 sibi
1126 3750 1483 3823 persuaserit
1539 3750 1794 3807 Mariam
1851 3749 2019 3807 illam
2075 3750 2348 3808 Marthae
2406 3772 2660 3809 sororem

218 3842 411 3907 Christo
438 3856 613 3909 antea
655 3854 1034 3925 incognitam,
1080 3854 1201 3909 imo
1232 3854 1425 3928 potius
1456 3873 1574 3912 non
1619 3852 1974 3911 familiarem
2017 3854 2212 3925 fuisse,
2255 3874 2401 3932 quae
2432 3856 2659 3930 hospite

220 3949 307 4005 vix
350 3955 594 4028 ingresso
639 3956 713 4013 ad
758 3957 929 4031 pedes
983 3956 1289 4029 assederit,
1345 3959 1640 4034 verbaque
1683 3957 1924 4016 Domini
1969 3957 2158 4016 veluti
2201 3960 2316 4016 sibi
2367 3958 2656 4016 notissimi

220 4053 466 4114 audierit?
524 4058 643 4117 Ubi
676 4064 733 4117 et
764 4061 997 4137 quando
1028 4066 1149 4119 tam
1178 4061 1394 4118 intima
1422 4062 1678 4135 cognitio
1707 4061 1982 4120 accessit?

392 4162 813 4241 Prosequamur
842 4163 1065 4222 intueri
1095 4166 1349 4223 Mariam
1378 4167 1445 4222 in
1472 4169 1660 4223 morte
1689 4165 1895 4223 fratris
1923 4164 2035 4222 sui.
2097 4165 2360 4223 Advenit
2390 4164 2658 4225 Christus

224 4257 405 4321 lamro
444 4268 559 4324 iam
605 4274 871 4339 mort-1103
920 4270 993 4325 ad
1024 4271 1211 4327 vitam
1242 4269 1501 4327 Lazarus
1546 4274 1848 4327 revocatus
1893 4274 2012 4337 est3
2058 4273 2367 4345 secutaque
2396 4268 2656 4343 singula-

222 4360 417 4423 tissima
444 4368 607 4429 istius
634 4372 855 4429 amoris
886 4379 1251 4446 argumenta,
1300 4392 1447 4450 quae
1492 4375 1734 4431 eandem
1779 4372 2084 4431 mulierem
2127 4374 2345 4450 ubique
2389 4380 2659 4447 agentem

222 4476 269 4521 et
294 4466 609 4547 loquentem,
660 4480 751 4533 tot
782 4476 1017 4534 indiciis
1048 4478 1467 4548 demonstrant,
1516 4483 1584 4535 ut
1614 4496 1731 4535 non
1760 4479 1944 4553 possit
1971 4496 2090 4535 esse
2121 4497 2240 4534 non
2283 4479 2501 4535 eadem.
2563 4479 2658 4535 En

223 4569 474 4635 videamus
514 4581 694 4640 verba
722 4580 1135 4655 Evangelistae
1170 4581 1417 4639 Joannis
1455 4587 1550 4653 11,
1592 4588 1645 4639 1.
1683 4588 1738 4639 2.
1775 4587 1856 4653 5.,
1906 4583 2117 4659 quibus
2157 4582 2432 4640 distincte
2461 4583 2656 4639 Maria
