3267 5259
942 455 1137 496 Tertium
1168 455 1341 496 Pascha
1371 467 1397 496 a
1426 453 1589 496 Christi
1615 453 1896 506 Baptismus.
2580 441 2663 505 73

200 631 469 694 sortasse.
528 627 702 694 Cum
744 651 883 693 rem
926 629 1215 694 Domino
1262 638 1591 712 narraret,
1640 628 1683 693 J
1687 649 1834 692 esus
1877 627 2074 692 Petro
2124 626 2321 711 dixit3
2371 629 2664 713 quamvis

199 765 263 804 eo
307 740 476 826 quod
534 751 713 805 esset
756 739 959 805 Filius
1002 741 1161 825 Dei,
1208 740 1429 805 tributi
1487 741 1792 804 immunis
1849 739 2050 823 foret,
2098 739 2389 825 pendere
2445 749 2666 804 tamen

198 877 257 916 se
312 852 470 916 velle
492 902 509 933 ,
562 875 651 916 ne
706 852 999 918 homines
1064 852 1447 918 offenderet.
1538 852 1743 918 Jubet
1801 853 2024 937 itaque
2083 851 2352 916 Petrum
2409 854 2663 917 mittere

196 965 429 1028 hamum
472 967 542 1028 in
596 987 815 1048 mare,
864 974 929 1029 et
974 988 1125 1029 eum
1176 967 1461 1051 piscem,
1511 966 1619 1050 qui
1681 966 1926 1050 primus
1987 963 2360 1028 ascenderit
2414 963 2665 1046 tollere,

196 1080 639 1162 inventumque
676 1079 745 1141 in
784 1078 919 1142 eius
968 1099 1081 1142 ore
1128 1085 1435 1141 staterem
1479 1099 1599 1163 pro
1649 1099 1717 1141 se
1761 1086 1826 1141 et
1869 1099 1988 1162 pro
2035 1078 2178 1161 ipso
2224 1076 2600 1162 persolvere
2625 1080 2663 1140 ¹.

198 1189 353 1254 Pene
396 1189 625 1254 aderat
674 1188 1115 1276 scenopegia,
1167 1188 1445 1254 Galilaei
1490 1189 1788 1253 nonnulli
1830 1189 2078 1254 Mariae
2127 1190 2390 1274 cognati
2433 1188 2665 1253 Jesum

198 1311 641 1386 convenerunt,
670 1305 861 1389 eique
907 1302 1306 1392 persuadere
1348 1301 1642 1387 adgressi
1687 1311 1868 1366 sunt:
1914 1311 1986 1366 ut
2015 1303 2101 1367 ad
2133 1302 2448 1368 solemnia
2479 1303 2522 1367 J
2526 1324 2665 1366 ero-

200 1413 485 1498 solymam
531 1425 845 1501 pergeret
889 1436 967 1479 ac
1014 1437 1083 1478 se
1130 1416 1308 1478 miris
1362 1414 1670 1500 operibus
1725 1417 1856 1479 suis
1899 1413 2022 1478 hac
2069 1418 2134 1478 in
2178 1414 2342 1480 urbe
2394 1413 2666 1478 mani-fe·

199 1536 390 1590 staret.
446 1527 597 1590 Hac
646 1529 901 1591 ratione
950 1537 1157 1592 semet
1188 1527 1431 1590 famam
1460 1527 1832 1612 Prophetae
1867 1529 2106 1592 certius
2141 1537 2665 1610 consecuturum,

200 1659 369 1722 quam
411 1641 479 1703 in
524 1639 773 1724 angulo
822 1639 1178 1704 Galilaeae.
1239 1640 1487 1704 Verum
1528 1639 1724 1704 Jesus
1753 1638 1820 1703 id
1851 1639 2072 1704 facere
2103 1643 2448 1722 recusavit,
2491 1639 2666 1725 quod

200 1761 611 1836 opportunum
668 1751 793 1816 sibi
844 1761 1102 1838 tempus
1156 1751 1309 1816 illuc
1364 1752 1559 1816 eundi
1611 1752 1905 1817 nondum
1961 1752 2352 1817 advenisset.
2427 1752 2669 1816 Mansit

197 1863 443 1947 proinde
474 1887 596 1949 per
627 1863 879 1948 aliquot
910 1864 1049 1928 dies
1079 1866 1147 1927 in
1175 1863 1491 1946 Galilaea,
1527 1864 1762 1950 quibus
1785 1863 1983 1950 lapsis
2013 1866 2300 1928 muneris
2331 1866 2427 1929 sui
2458 1863 2666 1950 probe

202 1977 470 2040 conscius
541 1976 889 2042 obfirmato
946 1986 1012 2041 et
1072 1977 1254 2041 vultu
1316 1988 1381 2042 et
1436 1981 1652 2042 animo
1711 1979 1922 2064 carpit
1970 1979 2096 2041 iter
2149 1999 2378 2040 versus
2431 1985 2666 2041 metro-

196 2087 371 2171 polim
384 2090 425 2151 2.
456 2089 537 2152 In
567 2090 806 2154 itinere
841 2089 1070 2154 decem
1110 2088 1405 2176 leprosos
1436 2090 1793 2173 mundavit,
1817 2089 2018 2174 Legis
2055 2111 2295 2174 gnarus
2327 2091 2666 2175 praecipit,

200 2211 257 2262 ut
283 2223 346 2264 se
374 2201 829 2267 sacerdotibus
878 2201 1324 2285 ostenderent,
1375 2225 1656 2288 cumque
1702 2201 1789 2267 illi
1838 2201 2368 2288 obtemperantes
2415 2200 2669 2266 abirent

200 2335 345 2376 unus
384 2323 641 2378 tantum
688 2315 1057 2399 alienigena
1101 2317 1403 2380 inventus
1451 2323 1567 2398 est,
1617 2316 1724 2400 qui
1772 2314 2016 2378 rediret
2060 2325 2127 2378 et
2173 2313 2358 2378 daret
2405 2312 2668 2378 laudem

200 2422 327 2488 Deo
346 2429 387 2489 ³.
460 2426 631 2491 Cum
677 2450 801 2512 per
850 2426 1213 2492 Samariam
1258 2429 1627 2511 transirent,
1668 2429 2238 2514 praemisissetque
2284 2429 2557 2491 nuncios
2601 2428 2669 2490 in

202 2537 392 2600 vicum
438 2538 749 2624 aliquem,
792 2550 863 2604 ut
908 2539 1028 2604 sibi
1072 2549 1137 2604 et
1168 2543 1297 2604 suis
1342 2539 1692 2625 hospitium
1736 2549 2065 2625 pararent,
2113 2539 2472 2604 Samaritae
2520 2562 2668 2603 eum

202 2661 717 2730 pernoctaturum
765 2655 1072 2738 excipere
1115 2661 1423 2716 recusant
1443 2655 1487 2716 ⁴.
1550 2651 1747 2733 Quod
1781 2675 1932 2716 cum
1963 2652 2318 2717 audiissent
2350 2651 2667 2738 discipuli,

204 2763 370 2843 quasi
411 2761 591 2828 illata
636 2765 875 2829 iniuria
919 2788 959 2828 a
1004 2764 1427 2829 Samaritanis
1471 2767 1828 2851 praecipue
1875 2765 2312 2848 afficerentur,
2351 2775 2669 2851 negantes

202 2871 331 2954 igne
375 2875 649 2941 coelitus
700 2877 967 2963 delapso
1016 2877 1343 2964 perditum
1388 2881 1482 2942 ire
1530 2880 1818 2966 cupiunt.
1881 2878 1974 2942 At
2002 2879 2198 2944 Jesus
2239 2879 2324 2943 ad
2369 2901 2482 2944 eos
2517 2901 2666 2944 oon-

204 3005 407 3050 versus
440 2987 639 3072 dixit3
676 3012 808 3074 qua
837 2990 1185 3056 affectione
1220 2992 1415 3054 animi
1443 3013 1808 3076 praecones
1839 2990 2182 3075 Evangelii
2215 3013 2358 3056 esse
2391 2999 2668 3076 oportet,

208 3133 522 3148 ·-———-——-———-—o-
542 3141 591 3148 -

202 3211 249 3258 in
276 3212 363 3262 Th.
394 3215 456 3265 A.
492 3215 545 3266 S.
571 3217 831 3280 XXVIII,
860 3219 1011 3268 1439.
1038 3234 1078 3269 s.
1124 3218 1195 3268 M.
1224 3219 1499 3281 Wouters,
1521 3218 1754 3268 Dilucid.
1781 3217 1834 3268 S.
1859 3235 1912 3284 p.
1939 3219 2056 3268 265.
2106 3218 2428 3283 Basnagius‚
2454 3218 2589 3267 Ann.
2615 3234 2668 3283 p.

208 3297 309 3348 328.
341 3315 379 3348 s.
420 3301 724 3366 Fritzsche,
761 3305 859 3353 Ev,
895 3304 1083 3354 Matth.
1118 3321 1169 3370 p.
1205 3307 1323 3354 563.
1359 3321 1399 3354 s.
1448 3304 1694 3368 Kuinoel,
1731 3321 1916 3354 comm.
1953 3305 2003 3367 1,
2038 3306 2158 3355 474.
2206 3305 2262 3354 Z.
2297 3305 2365 3354 D.
2401 3303 2668 3366 Sehimko,

206 3397 368 3434 comm.
392 3387 457 3437 de
482 3391 712 3440 nummis
738 3391 965 3440 bibliein.
1009 3391 1169 3440 vind.
1198 3393 1347 3442 1838.
1379 3391 1451 3452 H,
1481 3395 1561 3442 11.
1602 3392 1806 3456 Meyer,
1833 3392 1884 3440 k.
1907 3407 1952 3440 e.
1973 3391 2186 3440 Handb.
2212 3391 2255 3453 1,
2282 3393 2399 3441 341.
2442 3391 2668 3452 Ebrard,

205 3469 322 3519 wiss.
346 3473 532 3537 Kritik,
554 3493 607 3542 p.
629 3477 751 3526 445.
771 3494 822 3527 n.
845 3479 891 3526 1.
929 3477 1297 3539 Tischendorf,
1324 3476 1450 3542 Syn.
1472 3495 1524 3543 p.
1544 3477 1712 3528 XXV.
1748 3476 1986 3540 Arnoldi,
2005 3478 2106 3527 Ev.
2128 3477 2178 3526 d.
2199 3476 2249 3526 h.
2269 3476 2456 3526 Matth.
2475 3493 2528 3542 p.
2549 3478 2670 3528 368.

393 3561 429 3624 ¹)
454 3561 811 3628 Inter-rogatio
836 3563 1033 3614 Christi
1062 3563 1249 3613 Matth.
1279 3565 1359 3626 17,
1386 3565 1469 3614 25.
1514 3565 1656 3625 Quid
1679 3565 1778 3613 tibi
1801 3563 2012 3614 videtur
2038 3563 2252 3614 Simon?
2297 3564 2472 3629 Reges
2497 3571 2670 3614 terrae

210 3656 237 3690 a
270 3646 448 3708 quibus
484 3651 761 3716 accipiunt
796 3651 1055 3700 tributum
1090 3651 1177 3700 vel
1212 3655 1462 3701 censum?
1499 3665 1532 3700 a
1568 3650 1692 3702 filiis
1729 3652 1864 3714 suis,
1903 3665 1973 3700 an
2011 3651 2079 3700 ab
2115 3651 2341 3702 alienis?
2377 3666 2543 3702 causa
2572 3651 2673 3702 fuit

209 3727 480 3797 discipulis,
506 3742 567 3785 nt
591 3753 713 3785 cum
740 3739 843 3787 iam
870 3739 925 3785 in
949 3739 1039 3787 via
1072 3737 1455 3802 disputassent,
1483 3739 1603 3804 quis
1639 3753 1821 3788 eorum
1857 3743 1998 3788 esset
2033 3739 2228 3800 maior,
2265 3738 2406 3788 domi
2429 3739 2594 3787 Marc.
2621 3741 2669 3801 9,

204 3815 274 3863 32.
312 3823 609 3884 magistrum
660 3823 867 3872 adirent
909 3829 962 3873 et
1010 3829 1357 3888 quaererent:
1416 3825 1533 3890 quis
1581 3826 1638 3872 in
1691 3839 1854 3889 regno
1915 3824 2134 3875 coelesti
2183 3825 2320 3874 foret
2377 3825 2672 3874 maximus?

204 3899 365 3952 Matth.
398 3909 483 3970 18,
518 3912 564 3958 1.
600 3924 643 3958 s.
684 3925 817 3974 quos
848 3911 1109 3959 Dominus
1156 3910 1362 3976 parvuli
1410 3910 1652 3976 exemplo
1701 3910 2048 3961 humilitatem
2096 3911 2294 3960 docuit.
2364 3910 2528 3960 Addit
2561 3925 2671 3960 non

176 3983 305 4037 'esse
345 3993 701 4055 prohibendos
742 3995 910 4045 malos
952 3998 1007 4044 in
1048 3997 1262 4046 nomine
1306 3995 1498 4046 Christi
1552 3997 1756 4061 aliquid
1798 3997 1926 4046 boni
1969 3997 2171 4058 facere,
2217 4002 2350 4062 puta
2389 3995 2672 4046 daemonia

208 4073 397 4139 eiicere,
420 4079 507 4130 vel
540 4081 687 4131 aliud
720 4081 907 4131 simile.
955 4083 1039 4131 De
1073 4082 1329 4132 seandalo
1366 4084 1525 4132 etiam
1559 4083 1860 4145 instruens,
1897 4099 1965 4132 ne
2000 4099 2158 4148 quem
2191 4097 2375 4146 manu,
2409 4081 2548 4146 pede
2583 4082 2672 4131 vel

208 4160 340 4210 oculo
362 4163 631 4217 laederent
656 4170 872 4218 monuit.
897 4169 1237 4234 Quapropter
1260 4169 1511 4235 parvulos
1535 4185 1645 4219 non
1671 4183 1788 4219 esse
1814 4171 2104 4234 contemtui
2129 4168 2424 4230 habendos,
2451 4168 2671 4218 fratrem

207 4243 255 4292 in
276 4262 357 4298 eos
389 4259 699 4316 peccantem
735 4255 1091 4319 arguendum3
1129 4255 1197 4305 ab
1220 4255 1471 4306 Ecclesia
1502 4256 1776 4321 ligandum
1801 4259 1896 4306 aut
1917 4255 2258 4316 solvendum,
2289 4259 2342 4304 et
2365 4257 2670 4321 septuagies

210 4335 381 4410 septi-es
414 4353 583 4404 usque
620 4341 1045 4391 condonandum.
1078 4341 1213 4391 Luc.
1240 4341 1287 4403 9,
1313 4343 1397 4391 48.
1422 4357 1467 4392 s.
1495 4345 1575 4405 17,
1603 4344 1653 4392 3.
1679 4356 1722 4391 s.
1746 4343 1913 4391 Marc.
1938 4344 1988 4404 9,
2014 4343 2100 4391 37.
2125 4355 2167 4390 s.
2191 4341 2380 4392 Matth.
2422 4344 2504 4404 18,
2541 4344 2590 4392 6.
2628 4359 2670 4392 s.

211 4417 377 4470 Subdit
398 4425 551 4474 etiam
575 4425 889 4491 parabolam
914 4427 980 4477 de
1005 4432 1218 4476 centum
1242 4427 1433 4477 ovibus
1458 4433 1513 4477 et
1534 4433 1766 4494 pastore,
1792 4429 1884 4493 qui
1909 4428 1964 4476 in
1987 4431 2193 4477 montes
2219 4427 2490 4493 profectus
2509 4443 2672 4479 unam

213 4503 513 4560 aberrantem
546 4517 787 4577 quaerat.
833 4512 1023 4562 Matth.
1052 4513 1133 4574 18,
1162 4516 1381 4563 10-14,
1432 4514 1473 4578 ²)
1500 4513 1696 4564 Joann.
1725 4516 1771 4576 7,
1799 4516 1846 4563 2.
1909 4513 1951 4578 ³)
1977 4513 2110 4562 Luc.
2146 4515 2226 4575 17,
2259 4517 2338 4564 11.
2365 4531 2406 4565 s.
2467 4515 2509 4580 ⁴)
2535 4515 2672 4564 Luc·

213 4589 253 4650 9,
278 4594 351 4642 52.
374 4611 413 4645 s.
