3267 5259
947 469 1167 512 Secundus
1197 468 1418 521 praeconii
1445 466 1653 511 coelestis
1678 478 1833 511 81111118.
1880 492 1885 497 ·
2541 454 2627 520 59

343 734 396 812 ξ.
445 734 543 798 14.
593 728 907 795 Christi
953 729 1050 795 de
1095 732 1169 794 vi
1214 730 1474 815 Legis
1519 729 1939 794 Mosaicae
1986 731 2417 795 sententia.

349 926 486 984 Cum
529 926 662 984 Lex
706 926 961 984 Mosaica
1005 926 1247 985 divitias
1295 926 1555 985 thesauri
1599 926 1764 984 illius
1808 926 1979 997 sacri,
2037 925 2435 983 Revelationis
2492 931 2628 983 ante

127 1104 136 1111 ι
173 1029 434 1087 Christum
496 1032 716 1088 habeat
739 1029 775 1102 ¹,
845 1030 1106 1109 quaestio
1173 1050 1463 1109 quaenam
1533 1030 1719 1087 fuerit
1792 1030 2059 1088 doctrina
2129 1030 2165 1087 J
2168 1050 2267 1087 8811
2334 1032 2403 1087 de
2470 1030 2626 1105 Lege

173 1134 422 1192 Mosaios?
463 1154 652 1213 neque
688 1136 870 1192 anxia
907 1154 1093 1213 neque
1139 1135 1326 1191 nimia
1369 1134 1560 1192 videri
1595 1136 1766 1193 debet
1783 1129 1826 1191 Ἰ.
1894 1134 1957 1191 Si
1996 1136 2127 1211 quis
2165 1133 2353 1192 obiter
2390 1134 2626 1192 Novum

174 1238 566 1297 Testamentum
623 1238 798 1313 legit,
855 1237 1025 1295 facile
1085 1238 1198 1297 sibi
1242 1238 1632 1314 persuadebit,
1697 1243 1931 1296 tantum
1988 1240 2181 1297 abesse
2239 1244 2309 1296 ut
2360 1238 2629 1295 Christus

173 1342 390 1417 corrigat
459 1344 676 1419 Legem
735 1343 831 1401 vel
890 1344 942 1401 ei
1004 1354 1064 1400 se
1122 1348 1402 1419 opponat,
1484 1347 1552 1400 ut
1609 1344 1803 1419 pot-ius
1858 1343 2073 1417 Legem
2126 1342 2367 1401 summis
2424 1342 2630 1399 efferat

179 1446 408 1505 laudibus
430 1445 480 1517 33
525 1450 600 1506 ad
636 1468 766 1506 eam
808 1453 1084 1524 provocet
1127 1452 1187 1506 et
1217 1448 1256 1505 J
1257 1449 1464 1505 udaeos
1510 1447 1795 1505 remittat.
1858 1448 2131 1505 Consulto
2173 1467 2315 1507 vero
2346 1452 2403 1504 et
2434 1447 2631 1505 dedita

174 1570 318 1626 opera
343 1552 604 1611 Christus
635 1554 704 1611 in
734 1553 1076 1625 oratione,
1115 1572 1262 1631 quae
1292 1552 1622 1629 adpellatur
1652 1550 2051 1623 montana⁴‚
2084 1553 2435 1610 sententiam
2463 1571 2631 1609 suam

175 1656 424 1729 professus
480 1663 584 1715 est.
679 1658 994 1735 Postquam
1055 1657 1094 1714 J
1095 1678 1222 1715 esus
1243 1655 1284 1729 5,
1348 1656 1450 1734 qui
1512 1656 1681 1730 regni
1740 1656 1999 1713 coelestis
2065 1656 2381 1732 participes
2440 1660 2631 1713 essent

173 1759 347 1831 futuri,
390 1757 767 1837 exposuisset,
824 1761 1012 1819 fusius
1065 1767 1124 1819 et
1177 1781 1281 1838 per
1332 1760 1601 1837 exempla
1660 1762 2043 1831 demonstrat,
2100 1759 2241 1837 quid
2294 1760 2630 1818 hominibus

175 1864 450 1921 tenendum
503 1871 563 1923 et
620 1866 913 1940 agendum
957 1871 1122 1936 esset,
1179 1866 1228 1922 81
1283 1865 1504 1923 salvari
1549 1865 1741 1924 velint
1761 1862 1803 1921 ὅ.
1894 1864 2023 1921 Ηο0
2081 1868 2277 1921 autem
2336 1862 2629 1921 efficacius

177 1966 333 2024 facere
371 1988 482 2026 11011
529 1970 754 2045 potuit,
803 1990 979 2047 quam
1024 1969 1075 2027 si
1121 1972 1194 2027 ad
1241 1990 1439 2027 rerum
1483 1970 1902 2040 conditionem,
1952 1968 2141 2046 qualis
2187 1974 2329 2025 tunc
2372 1972 2523 2039 erat,
2572 1972 2632 2024 et

175 2070 392 2129 maxime
419 2072 467 2131 si
487 2074 560 2131 ad
589 2094 794 2131 eorum
827 2074 930 2152 qui
959 2094 1187 2131 summa
1215 2075 1562 2133 auctoritate
1592 2073 1659 2130 in
1702 2072 1933 2147 negotio
1978 2072 2247 2146 religioso
2291 2072 2627 2143 utebantur,

181 2182 450 2253 praecepta
507 2182 564 2235 et
616 2198 808 2236 mores
868 2180 1197 2254 respiceret.
1288 2180 1364 2235 In
1424 2179 1687 2236 oratione
1738 2183 2015 2235 montana
2068 2177 2301 2234 Christo
2361 2195 2451 2233 res
2505 2180 2633 2233 erat

180 2298 288 2337 cum
312 2280 554 2354 Judaeis,
592 2284 810 2363 quibus
843 2304 880 2341 a
909 2284 1166 2361 pueritia
1198 2289 1338 2342 nota
1381 2290 1550 2341 erant
1594 2283 2121 2359 interpretamenta
2162 2280 2627 2353 Pharisaeorum,

175 2385 270 2441 imo
311 2386 370 2442 in
397 2407 645 2465 quorum
675 2388 971 2447 mentibus
1001 2389 1090 2447 ita
1117 2407 1252 2446 cum
1280 2389 1432 2463 Lege
1463 2389 1775 2447 coniuncta
1803 2388 1966 2446 fuere
1995 2390 2219 2459 haecce,
2266 2392 2335 2445 ut
2387 2386 2632 2463 populus

175 2488 360 2562 Legem
387 2492 736 2568 corruptelis
772 2492 1220 2551 Pharisaeorum
1255 2494 1632 2570 depravatam
1665 2497 1906 2551 teneret.
1969 2493 2143 2550 Hanc
2171 2492 2358 2566 igit-ur
2388 2511 2633 2567 pravam

177 2592 322 2667 Legis
360 2594 908 2672 interpretationem
952 2597 1221 2655 Christus
1267 2598 1484 2655 acriter
1529 2596 1897 2673 perstringit.
1987 2598 2356 2655 Protestatur
2400 2602 2634 2653 tantum

175 2698 355 2770 abesse,
399 2706 464 2759 ut
491 2702 688 2760 solvat
729 2701 904 2775 Legis
934 2702 1220 2759 Moesicae
1261 2702 1689 2773 auctoritatem,
1738 2706 1803 2759 ut
1845 2720 1973 2758 eam
2016 2701 2208 2776 potius
2250 2700 2634 2776 adimpletum

179 2800 210 2855 i.
251 2822 291 2859 e.
333 2804 453 2862 vita
481 2811 540 2864 81
584 2805 858 2881 exemplo
888 2806 1302 2863 confirmatum
1329 2806 1564 2865 venerit
1583 2804 1623 2864 ⁷.
1680 2806 1896 2881 Legem
1928 2806 2193 2864 vindicat
2222 2826 2258 2863 a
2287 2805 2632 2881 corruptelis

177 2902 404 2978 iudaicis,
448 2910 666 2987 quibus
710 2912 783 2967 ad
829 2916 991 2968 actus
1037 2915 1312 2969 externos
1358 2916 1592 2970 tantum
1640 2916 1763 2969 tota
1806 2910 1967 2968 illius
1999 2910 2091 2969 vis
2142 2910 2627 2985 restringebatur,

177 3010 394 3089 adeoque
435 3015 702 3071 maxima
745 3015 834 3071 sui
880 3020 1048 3089 parte
1078 3015 1452 3086 eludebatur3
1487 3036 1664 3093 quam
1692 3036 1828 3073 suae
1858 3016 2209 3089 integritati,
2244 3014 2627 3091 amplitudini

180 3130 230 3167 ac
269 3118 444 3174 sensui
489 3118 748 3193 genuino
795 3118 1056 3177 restituit
1101 3120 1406 3177 Dominus.
1497 3120 1683 3177 Suum
1742 3138 1861 3176 esse
1906 3119 2064 3177 dixit
2106 3138 2338 3190 munus,
2387 3122 2455 3175 ut
2498 3118 2629 3195 qui-

183 3217 347 3275 busvis
375 3221 480 3279 Dei
511 3222 912 3281 sanctionibus
942 3228 1001 3281 et
1030 3224 1322 3281 institutis
1353 3224 1620 3282 satisfiat.
1656 3224 1837 3282 Vetus
1868 3230 1927 3281 et
1950 3224 2187 3281 Novum
2217 3227 2633 3281 testamentum

177 3338 275 3376 una
312 3327 550 3383 utuntur
593 3326 724 3400 lege
761 3327 1124 3386 immutabili
1167 3333 1225 3385 et
1256 3332 1494 3385 aeterna
1539 3348 1574 3385 8
1618 3328 1741 3385 Deo
1786 3328 2179 3386 manifestata.
2230 3326 2426 3385 Aliter
2472 3325 2633 3383 enim

357 3520 391 3587 ¹)
425 3522 580 3583 Quod
629 3538 749 3571 cum
794 3522 1146 3573 admiratione
1190 3523 1271 3573 illi
1316 3525 1625 3585 observant,
1667 3526 1759 3590 qui
1793 3526 2025 3589 penitius
2070 3526 2127 3573 in
2164 3522 2391 3590 Spiritus
2438 3522 2491 3572 S.
2525 3538 2632 3573 ser-

177 3618 354 3656 monem
385 3609 673 3674 inquirunt.
731 3608 772 3675 2)
810 3610 1007 3659 Notum
1047 3608 1515 3661 Samosatenianos
1548 3617 1600 3661 et
1638 3612 2021 3677 Anabaptistas
2059 3616 2307 3673 statuere,
2345 3610 2631 3660 Dominum

181 3688 348 3755 Legem
389 3695 612 3761 Moysis,
652 3701 714 3747 ut
751 3697 1024 3747 doetrinae
1061 3712 1190 3747 suae
1229 3700 1548 3748 contrariam
1587 3701 1909 3762 correxisse;
1957 3698 2197 3748 Judaeos
2243 3702 2421 3747 autem
2463 3698 2632 3746 crimi-

179 3779 276 3826 nari
305 3780 588 3833 doctrinam
627 3788 684 3833 et
716 3786 922 3850 praxim
963 3782 1176 3847 Christi,
1215 3790 1269 3834 et
1304 3786 1700 3851 discipulorum,
1738 3785 1883 3836 illius
1920 3786 2239 3836 contrariam
2263 3786 2477 3834 omnino
2516 3798 2633 3833 esse

178 3859 290 3928 Legi
327 3866 536 3933 Moysis.
599 3870 642 3936 ³)
681 3871 820 3932 Quid
858 3872 999 3921 enim
1035 3871 1224 3921 fortius
1263 3876 1316 3921 et
1351 3872 1636 3923 dilucidius
1675 3872 1741 3922 de
1776 3872 2075 3922 inviolabili
2111 3872 2274 3937 Legis
2310 3872 2365 3920 vi
2411 3870 2635 3935 proferri

180 3954 340 4013 potest,
375 3970 528 4019 quam
563 3957 638 4019 id,
674 3956 818 4023 quod
860 3957 1088 4023 legimus
1125 3957 1312 4007 Matth.
1345 3960 1393 4020 5,
1433 3960 1514 4008 18.
1577 3958 1778 4019 „Amen
1823 3960 2020 4025 quippe
2067 3958 2186 4009 dico
2232 3958 2415 4007 vobis:
2464 3956 2636 4007 donec

180 4036 384 4088 transeat
428 4043 635 4092 eoelum
683 4048 738 4093 et
781 4048 950 4105 terra,
999 4046 1113 4093 iota
1161 4060 1348 4105 unum,
1387 4049 1482 4093 aut
1528 4060 1667 4094 unus
1717 4059 1853 4110 apex
1902 4061 2011 4096 non
2060 4044 2373 4110 praeteribit
2416 4058 2451 4093 a
2498 4044 2631 4107 lege,

181 4118 324 4173 donec
355 4129 526 4177 omnia
555 4128 734 4179 fiant.“
787 4129 924 4179 0011.
949 4129 1132 4179 Lucae
1169 4133 1250 4192 16,
1289 4132 1370 4180 17.
1419 4130 1460 4197 ⁴)
1491 4130 1679 4180 Matth.
1706 4133 1754 4193 5,
1780 4146 1951 4196 usque
1977 4131 2046 4180 ad
2072 4148 2117 4181 0.
2147 4133 2194 4180 7.
2246 4130 2287 4196 ⁵)
2324 4130 2389 4179 In
2416 4130 2634 4179 exordio

180 4208 218 4265 5,
243 4212 407 4262 1—16.
449 4213 488 4279 ⁸)
506 4214 694 4265 Matth.
720 4219 766 4277 5,
793 4217 1012 4266 17—48.
1042 4216 1082 4281 ⁷)
1108 4217 1344 4267 Instituti
1367 4220 1533 4268 nostri
1558 4232 1667 4267 non
1694 4222 1775 4267 est
1797 4219 1853 4267 in
1880 4214 2100 4287 ἐξήγησιν
2125 4217 2407 4267 verborum
2438 4216 2635 4267 Matth.

183 4293 229 4351 5,
269 4299 340 4346 17.
382 4296 500 4360 ,,οὖκ
541 4293 692 4369 ᾔλθον
737 4299 1030 4363 καταλῦσαι,
1085 4297 1215 4351 ἀλλὰ
1255 4300 1552 4371 πλήρῶσαι“
1599 4320 1879 4354 excurrere
1892 4340 1915 4365 ,.
1944 4304 2039 4355 sed
2081 4308 2290 4353 tantum
2337 4303 2633 4364 ostendere,

183 4381 288 4442 quid
329 4385 426 4434 sibi
469 4388 598 4437 velit
641 4388 774 4438 11880
819 4391 1087 4439 sententia
1133 4389 1344 4440 Christi.
1405 4390 1463 4440 Si
1509 4390 1577 4440 ad
1622 4392 1943 4456 primitivam
1994 4390 2435 4455 significationem
2482 4392 2635 4441 verbi

183 4460 407 4533 πληρῶσαι
439 4479 756 4538 spectamus,
794 4476 1062 4526 obiectum
1098 4478 1335 4541 requirit,
1373 4477 1516 4542 quod
1553 4477 1737 4542 aliqua
1773 4478 1979 4527 ratione
2015 4476 2214 4527 habeat
2245 4477 2425 4527 locum
2458 4481 2635 4528 vacui.

183 4550 293 4602 Tale
331 4572 450 4609 vero
493 4560 605 4610 Lex
651 4566 734 4612 est
775 4562 996 4628 Antiqui
1041 4560 1314 4613 Foederis.
1375 4563 1490 4613 Lex
1533 4578 1711 4613 vacua
1756 4568 1858 4624 est,
1907 4568 2161 4628 quantum
2205 4566 2448 4630 requirit,
2488 4569 2549 4613 ut
2584 4566 2635 4619 ei

185 4639 401 4709 satisfiat3
436 4646 636 4712 impleri
673 4649 834 4714 igitur
873 4648 1082 4713 dicitur,
1121 4650 1165 4697 si
1203 4649 1258 4699 id
1295 4650 1439 4717 quod
1475 4650 1713 4719 postulat
1748 4648 1856 4703 fiat.
