3267 5259
1125 428 1317 479 Epintoln
1346 429 1389 469 s,
1423 429 1548 470 rann
1575 430 1628 469 ml
1660 430 1887 471 Romanos.
2626 420 2762 485 409

249 598 672 665 Judaeorum
719 600 1160 666 conditionem
1208 624 1405 688 quam
1439 602 1819 687 Gentilium,
1867 604 1985 668 sed
2018 626 2296 691 aequam
2328 615 2762 692 utrorumque

251 711 442 797 quod
475 712 562 776 ad
592 713 1116 779 iustificationem
1144 719 1180 777 ¹.
1246 714 1663 801 Quamquam
1708 716 1955 800 gaudet
1992 718 2123 782 suis
2155 717 2436 804 populus
2467 718 2755 783 Judaeo-

247 848 404 889 rum
447 828 927 912 praerogativis
949 828 994 909 ²,
1041 849 1205 913 quas
1251 850 1444 892 nemo
1489 850 1735 913 negare
1767 838 2019 914 potest3
2064 828 2482 894 nibilominus
2528 854 2762 897 omnes

247 948 394 1001 tam
416 938 712 1004 Judaeos
745 960 940 1024 quam
972 939 1248 1023 gentiles
1279 951 1554 1025 peccato
1591 963 1735 1005 esse
1768 941 2090 1007 obnoxios
2110 946 2153 1005 ³.
2197 942 2365 1008 Cum
2395 946 2590 1028 igitur
2620 954 2754 1007 tam

249 1050 504 1115 Graeci
527 1062 728 1136 quam
754 1051 1032 1117 Judaei⁴
1062 1052 1181 1116 sub
1207 1062 1394 1118 reatu
1425 1052 1761 1136 haereant,
1792 1054 1992 1119 infert
2016 1054 2372 1142 Apostolus
2402 1058 2755 1121 necessita-

247 1175 392 1227 tem
411 1163 902 1228 iustificationis
937 1165 1132 1231 Unde
1153 1187 1348 1251 porro
1369 1166 1661 1231 conficit:
1694 1167 2219 1232 iustificationem
2244 1190 2387 1232 esse
2412 1176 2753 1253 acceptam

245 1275 678 1340 referendam
709 1275 969 1341 divinae
1002 1279 1252 1361 gratiae
1274 1282 1315 1340 5.
1377 1278 1480 1341 Ea
1511 1278 1779 1363 quidem
1826 1302 1946 1365 per
1976 1278 2174 1343 fidem
2208 1279 2369 1345 Jesu
2401 1279 2637 1345 Christi
2668 1279 2755 1343 ad

247 1396 534 1452 cunctos
579 1386 876 1453 homines
921 1391 1206 1475 pertinet
1249 1392 1389 1453 sine
1440 1389 1873 1472 distinctione,
1934 1394 2042 1477 qui
2087 1394 2209 1455 rite
2254 1402 2569 1477 recteque
2617 1414 2753 1457 cre-

247 1499 474 1563 duntss.
526 1498 715 1578 Quae
743 1523 890 1564 cum
918 1502 1012 1565 ita
1041 1502 1186 1583 sint,
1218 1501 1370 1567 inde
1405 1504 1611 1587 sequi,
1643 1502 1774 1567 fide
1806 1503 2142 1569 iustificari
2174 1525 2402 1568 omnes
2432 1504 2753 1585 homincS,

243 1730 462 1795 flagitia
497 1730 752 1780 adversus
789 1746 848 1779 se
885 1736 936 1779 et
971 1728 1108 1779 alios
1145 1732 1471 1794 proruerint,
1519 1731 1588 1779 ob
1627 1745 1767 1794 quae
1806 1731 2051 1779 interitus
2098 1746 2218 1780 reos
2254 1731 2359 1779 Dei
2398 1732 2598 1780 iustitia
2634 1730 2753 1781 illos

245 1817 458 1865 fecerit.
522 1816 658 1866 Sunt
694 1814 854 1877 haec,
903 1822 962 1866 ut
998 1832 1062 1865 ex
1101 1821 1210 1865 tota
1253 1818 1508 1867 orationis
1546 1818 1683 1865 serie
1720 1822 1895 1881 patet,
1942 1832 2051 1865 non
2100 1817 2271 1866 solum
2320 1817 2384 1867 de
2422 1816 2753 1882 philosophis

247 1902 500 1963 ethnicis,
538 1903 633 1952 sed
668 1905 916 1953 universe
943 1902 1010 1953 de
1039 1904 1282 1952 omnibus
1310 1902 1612 1953 Gentilibus
1641 1904 1798 1953 dicta.
1836 1905 1900 1953 V.
1928 1903 2102 1953 Toleti
2130 1904 2182 1953 S.
2208 1904 2277 1964 J.,
2307 1920 2493 1954 comm.
2521 1922 2571 1968 p.
2599 1906 2681 1955 59.
2709 1920 2752 1954 s.

243 1990 306 2038 J.
344 1988 441 2038 Th.
481 1988 700 2049 Beelen‚
740 2004 925 2038 comm.
963 1990 1019 2037 in
1057 2004 1140 2055 ep.
1178 1989 1246 2038 ad
1283 1989 1434 2039 Rom.
1471 1990 1605 2039 Lov.
1649 1992 1799 2041 1854.
1836 2006 1889 2055 p.
1927 1991 2011 2039 48.
2051 2006 2091 2039 s.
2144 1988 2369 2050 Mshler,
2408 1990 2755 2055 gesammelte

243 2074 524 2125 Schriften
557 2076 667 2125 und
700 2074 972 2125 Anfsiitze.
1009 2075 1278 2140 Regensb.
1320 2078 1471 2127 1840.
1510 2076 1580 2138 11,
1621 2077 1737 2125 146.
1777 2092 1818 2125 a.
1860 2078 1979 2126 151.
2018 2090 2058 2125 s.

469 2163 506 2227 ¹)
548 2162 608 2213 C.
644 2165 693 2212 2.
742 2162 888 2213 Nihil
927 2163 1126 2213 habere
1162 2163 1418 2226 Jndaeos,
1461 2166 1552 2229 qui
1589 2163 1755 2229 vulgo
1793 2164 2020 2229 gentiles
2059 2163 2501 2225 condemnabant,
2540 2164 2604 2212 de
2644 2180 2753 2229 quo

243 2266 404 2315 spem
439 2250 768 2314 impunitatis
805 2250 908 2299 sibi
953 2250 1131 2299 facere
1177 2256 1424 2315 possent3
1472 2252 1649 2315 potius
1697 2267 1787 2300 eos
1836 2252 1903 2299 ob
1952 2252 2403 2315 impoenitentiam
2452 2264 2603 2299 suam
2648 2252 2753 2301 sibi

245 2337 468 2385 divinae
516 2338 628 2385 irae
679 2334 843 2385 veluti
893 2334 1200 2386 thesaurum
1249 2337 1484 2401 aliquem
1534 2334 1872 2387 accumulare
1921 2338 1977 2385 in
2027 2336 2165 2386 diem
2213 2335 2388 2398 illum,
2446 2352 2551 2401 quo
2600 2336 2755 2385 Deus

249 2420 587 2471 iudicaturus
643 2427 786 2471 esset
833 2423 948 2471 sine
997 2428 1242 2486 respectu
1290 2437 1638 2487 personarum
1654 2459 1666 2483 ,
1724 2428 1777 2471 et
1824 2424 2113 2486 unicuique
2161 2421 2459 2471 redditurus
2507 2437 2603 2486 pro
2652 2438 2753 2471 suo

247 2510 442 2558 merito
481 2510 774 2572 praemium
811 2515 906 2557 aut
940 2524 1186 2573 poenam.
1237 2508 1580 2558 Obiectiones
1619 2508 1811 2558 deinde
1850 2514 2035 2557 contra
2059 2508 2199 2557 hanc
2224 2510 2541 2557 sententiam
2578 2510 2754 2573 pergit

249 2610 546 2646 removere.
607 2596 802 2645 Dicere
839 2598 1087 2659 poterant
1120 2595 1343 2659 Judaei,
1394 2595 1599 2645 nullum
1638 2597 1767 2659 ipsis
1804 2596 2003 2644 instare
2040 2596 2315 2655 indicium,
2369 2593 2510 2659 quod
2547 2596 2749 2659 Legem

247 2683 602 2731 observarent
639 2688 692 2732 et
729 2683 1025 2731 circumcisi
1062 2682 1310 2731 fuerant?
1357 2682 1470 2731 Hos
1505 2684 1773 2731 convincit-
1798 2682 1865 2731 de
1902 2682 2115 2731 defectu
2152 2682 2401 2731 iustitiae.
2452 2682 2572 2731 Non
2610 2683 2751 2731 enim

246 2769 432 2817 Deum
469 2770 672 2818 externi
707 2773 912 2817 tantum
951 2768 1125 2817 cultus
1161 2774 1324 2832 atque
1351 2770 1757 2817 cerimoniarum
1781 2768 1977 2817 habere
2008 2769 2283 2829 rationem,
2322 2768 2417 2817 sed
2446 2783 2511 2815 ex
2536 2770 2751 2833 propria

247 2856 490 2904 cuiusvis
525 2853 804 2904 voluntate
841 2860 1060 2904 cunctos
1097 2856 1298 2917 metiri3
1343 2860 1398 2905 et
1433 2853 1697 2903 interdum
1736 2853 2001 2904 Gentilem
2036 2855 2199 2919 Legis
2236 2860 2751 2919 praeceptorumque

247 2943 526 3006 ἰςιιειηιηι,
573 2942 617 2991 si
663 2940 819 2991 modo
866 2940 972 3005 legi
1022 2941 1167 2990 cordi
1211 2942 1379 3005 ipsius
1425 2942 1711 3005 inscriptae
1760 2940 1975 2990 vivendi
2022 2942 2227 2989 ratione
2265 2945 2319 2990 et
2354 2942 2586 2990 moribus
2624 2956 2748 2991 con-

247 3029 477 3089 sentiat,
514 3020 734 3077 ‘Judaeo
773 3029 1015 3093 quamvis
1050 3030 1106 3075 in
1145 3026 1292 3091 Lege
1327 3025 1613 3091 plurimum
1659 3032 1873 3077 versato
1909 3026 2068 3092 longe
2106 3026 2383 3088 anteferri,
2423 3028 2621 3091 quippe
2658 3031 2750 3093 qui

247 3115 372 3164 Deo
407 3115 664 3163 mentium
699 3114 1004 3179 inspectori,
1041 3128 1150 3163 non
1188 3113 1488 3163 hominibus
1526 3113 1857 3178 probaretur.
1920 3114 2003 3163 De
2030 3130 2080 3162 v.
2108 3108 2326 3181 ,,νόμος“
2366 3114 2517 3162 varia
2552 3114 2748 3178 signifi-

249 3202 466 3251 catione
506 3208 558 3249 et
593 3202 816 3259 ratione,
855 3214 962 3264 qua
997 3214 1056 3249 se
1095 3198 1144 3247 d.
1173 3198 1372 3249 Paulus
1409 3200 1634 3264 gesserit
1671 3201 1813 3249 circa
1846 3200 2011 3265 Legis
2048 3201 2155 3249 vim
2190 3198 2224 3247 I.
2250 3199 2301 3249 J.
2331 3200 2747 3264 Hergenrtither‚

248 3288 322 3337 de
357 3286 638 3336 Ecclesiae
679 3284 990 3336 Catholicae
1027 3284 1339 3349 primordiis.
1394 3285 1598 3335 Ratisb.
1640 3287 1791 3336 1851.
1828 3303 1879 3350 p.
1921 3286 2001 3335 77.
2034 3301 2075 3335 s.
2115 3286 2198 3335 87.
2238 3302 2278 3333 s.
2352 3284 2393 3349 ²)
2430 3284 2570 3334 Illud
2609 3288 2749 3335 enim

245 3373 492 3439 palmare
525 3373 856 3423 Judaeorum
893 3388 1010 3423 esse
1048 3362 1592 3438 privilegium‚'quod
1631 3374 1707 3421 eis
1744 3372 1960 3437 eloquia
1995 3372 2101 3421 Dei
2138 3377 2297 3436 atque
2334 3372 2587 3421 vaticinia
2622 3387 2748 3421 con-

249 3460 458 3511 credita
492 3462 600 3509 sint
633 3460 683 3521 3,
721 3461 768 3507 2.
835 3458 875 3523 ³)
911 3458 974 3507 Id
1012 3458 1156 3523 quod
1193 3458 1260 3507 de
1294 3457 1520 3508 Judaeis
1558 3456 1735 3507 allatis
1775 3456 1827 3506 S.
1866 3457 1920 3508 S.
1958 3459 2274 3507 testimoniis
2311 3457 2519 3523 probat.
2580 3458 2621 3522 ⁴)
2662 3457 2747 3507 Ob

247 3548 698 3612 transgressiones
723 3546 904 3611 Legis,
944 3560 1083 3609 quae
1111 3546 1469 3610 cognitionem
1493 3546 1702 3609 peccati
1736 3544 1907 3609 dedit3
1946 3544 2041 3593 sed
2065 3546 2205 3595 vires
2233 3560 2341 3595 non
2371 3544 2747 3609 suppeditavit,

246 3639 314 3683 ut
349 3632 734 3683 observaretur.
773 3632 836 3680 V.
875 3648 926 3695 p.
965 3632 1084 3681 384.
1160 3632 1200 3695 ⁵)
1251 3630 1334 3679 De
1373 3631 1594 3680 diversis
1633 3648 1683 3679 v.
1721 3626 1935 3699 ,,χάρις“
1974 3630 2453 3696 significationibus
2488 3632 2545 3680 in
2580 3631 2647 3679 N.
2684 3631 2746 3679 Τ.

247 3720 510 3786 singulari
547 3720 836 3783 specimine
873 3717 1269 3768 hermencutico
1319 3718 1562 3782 exposuit
1596 3717 1650 3766 J.
1686 3717 1737 3767 J.
1778 3716 2056 3779 Scholten,
2101 3718 2243 3767 Trai.
2282 3718 2349 3767 ad
2385 3716 2555 3766 Rhen.
2595 3718 2745 3767 1805.

245 3807 428 3857 Huius
477 3806 577 3854 viri
623 3804 848 3854 eruditio
898 3806 1164 3854 neminem
1213 3804 1370 3867 latet3
1427 3804 1522 3853 sed
1571 3811 1889 3869 conceptum
1944 3805 2147 3869 gratiae
2204 3804 2349 3853 dedit
2396 3804 2545 3852 iuxta
2598 3803 2747 3851 ideas

247 3892 598 3944 acatholicus.
661 3890 954 3940 Adeundus
1003 3898 1083 3940 est
1130 3891 1196 3941 de
1247 3889 1511 3941 catholica
1559 3892 1775 3940 notione
1827 3886 2099 3958 ,,χάριτος“
2139 3889 2335 3952 Simar,
2381 3888 2569 3939 Theol.
2607 3889 2657 3938 d.
2696 3888 2745 3937 h.

247 3979 458 4029 Paulus
493 3994 546 4043 p.
575 3980 694 4028 191.
721 3992 760 4026 s.
825 3977 864 4042 ⁶)
903 3978 1118 4027 Etenim
1152 3977 1387 4027 universi
1423 3977 1665 4026 homines
1702 3982 2074 4041 peccaverunt,
2115 3981 2167 4025 et
2192 3977 2259 4025 ob
2286 3975 2339 4024 id
2370 3976 2436 4025 ab
2465 3990 2545 4037 ca,
2586 3990 2747 4040 quam

245 4068 480 4116 maxime
517 4046 761 4131 cupiunt,
809 4064 980 4129 gloria
1015 4064 1118 4113 Dei
1157 4064 1368 4113 cadunt.
1432 4062 1610 4113 Gratis
1660 4069 1839 4113 autem
1887 4061 2239 4112 iustificantur
2274 4068 2529 4127 percepta
2565 4061 2747 4111 divina

247 4154 450 4219 gratia,
501 4154 720 4217 eiusque
759 4152 1123 4201 Redemtionis
1161 4150 1452 4210 beneficio,
1507 4164 1645 4215 quae
1694 4164 1727 4198 a
1762 4150 1830 4198 D.
1867 4149 1933 4198 N.
1970 4150 2022 4199 J.
2064 4148 2121 4197 C.
2165 4154 2383 4213 peracta
2420 4154 2513 4196 est.
2575 4148 2746 4208 Quem

245 4241 401 4289 Deus
450 4238 630 4304 palam
669 4238 915 4287 omuibus
965 4240 1263 4302 proposuit,
1313 4242 1373 4286 ut
1407 4238 1622 4301 proprio
1662 4236 1923 4299 sanguine
1972 4234 2117 4295 fuso,
2167 4234 2560 4299 placamentum
2606 4240 2747 4283 esset

244 4325 408 4387 illud,
446 4326 592 4391 quod
628 4324 754 4374 olim
791 4324 940 4388 Lege
977 4324 1042 4371 V.
1079 4323 1140 4372 F.
1179 4322 1604 4389 significabatur,
1646 4337 1789 4371 nunc
1826 4337 1953 4371 vero
1990 4321 2207 4386 prodest
2244 4321 2487 4370 omnibus
2526 4320 2744 4370 creden-

245 4414 408 4463 tibus.
449 4410 508 4461 C.
547 4413 596 4473 3,
635 4413 720 4461 25.
746 4426 788 4461 s.
825 4410 1159 4461 illustrantur
1195 4425 1228 4459 a
1261 4410 1314 4460 J.
1341 4409 1403 4458 L.
1431 4410 1839 4469 Zimmermann‚
1878 4406 2172 4457 Comment.
2200 4422 2349 4471 exeg.
2387 4406 2453 4457 de
2491 4408 2545 4455 vi
2582 4413 2745 4472 atque

245 4514 412 4549 sensu
449 4498 710 4548 formulae
748 4494 1026 4559 δικαιοσύνη
1070 4492 1211 4545 Θεοῦ.
1252 4496 1422 4545 Marb.
1452 4497 1600 4545 1832.
1628 4496 1710 4545 ed.
1738 4497 1786 4544 2.
1812 4511 1863 4560 p.
1893 4496 1977 4543 24.
2003 4510 2045 4543 s.
2102 4493 2467 4553 Tischcndorf,
2505 4494 2745 4543 doctrina

245 4586 406 4635 Pauli
443 4586 508 4635 de
534 4586 586 4634 vi
614 4584 796 4633 mortis
825 4582 1021 4632 Christi
1053 4583 1424 4631 satisfactoria.
1463 4584 1608 4647 Lips.
1641 4583 1790 4632 1837.
1816 4598 1869 4647 p.
1898 4582 1979 4631 16.
2007 4597 2047 4631 s.
2098 4581 2332 4641 VVinzer,
2360 4580 2485 4630 diss.
2510 4581 2565 4630 in
2592 4580 2741 4629 Rom.
