3267 5259
1166 462 1227 503 De
1256 462 1508 503 testimonio
1533 462 1728 513 Josephi.
2567 451 2694 515 309

244 644 361 699 Toto
384 642 587 713 Flavii,
623 642 735 700 etsi
766 647 931 701 vasto
961 642 1365 700 Historiarum
1396 643 1698 701 volumine
1727 643 1835 702 vix
1866 644 2040 715 ullus,
2075 644 2228 720 quod
2257 643 2506 701 sciamus
2536 644 2694 701 locus

242 752 309 804 est
342 745 631 817 illustrior,
677 752 741 805 et
768 746 835 803 in
864 746 1083 805 maiore
1114 748 1304 823 pretio
1340 747 1595 819 habit-us,
1662 766 1840 825 quam
1885 746 2286 805 testimonium
2322 747 2491 818 illud,
2540 749 2694 825 quod

242 851 496 909 Salvator-i
516 852 749 926 generis
772 852 1017 909 humani
1050 852 1383 928 praebuisse
1406 872 1539 910 eum
1562 872 1760 910 omnes
1783 852 2176 910 crediderunt.
2219 853 2334 909 Per
2358 852 2694 929 quindecim

240 955 487 1013 nimirum
528 956 789 1028 saecula,
838 976 947 1032 pro
992 958 1421 1015 authentico
1466 959 1752 1015 nemine
1797 959 2236 1016 adversante
2281 956 2552 1014 habitum
2605 963 2693 1013 est

242 1060 383 1118 hocce
418 1061 648 1137 Josephi
692 1062 765 1118 de
802 1060 1034 1119 Christo
1083 1062 1504 1119 testimonium.
1578 1064 1671 1121 Ad
1717 1062 2014 1119 saeculum
2053 1062 2252 1139 itaque
2299 1061 2588 1119 decimum
2634 1064 2694 1117 et

241 1171 437 1221 sextum
478 1184 678 1243 usque,
732 1165 1085 1223 intemerata
1136 1167 1313 1223 huius
1360 1166 1470 1224 loci
1518 1166 1661 1225 fides
1707 1167 1925 1224 mansit
1973 1171 2034 1223 et
2077 1166 2423 1235 auctoritas3
2478 1164 2694 1223 abhinc

241 1270 415 1326 deinde
441 1272 781 1343 ingentibus
812 1270 1183 1341 criticorum,
1225 1290 1341 1348 qua
1371 1272 1794 1328 catholicorum
1823 1290 1941 1349 qua
1969 1270 2424 1329 acatholicorum
2453 1275 2692 1326 conten-

242 1372 463 1431 tionibus
500 1376 570 1431 ad
616 1380 821 1432 nostra
865 1394 1047 1451 usque
1092 1380 1357 1449 tempora
1396 1375 1732 1448 exagitatus
1769 1376 1906 1433 fuit.
1970 1376 2172 1431 Primo
2219 1375 2452 1452 quidem
2497 1373 2692 1448 palam

242 1487 285 1532 et
331 1484 513 1553 aperte
564 1480 635 1535 de
688 1480 1015 1538 testimonii
1073 1480 1346 1538 Flaviani
1408 1480 1720 1537 authentia
1778 1479 1958 1537 dubia
2015 1484 2251 1537 tantum
2305 1498 2440 1549 sua,
2503 1497 2692 1555 neque

242 1580 457 1656 amplius
484 1584 805 1661 quidquam
836 1587 1223 1659 pronuntiare
1254 1584 1377 1641 ausi
1410 1588 1581 1653 sunt;
1626 1588 1822 1660 postea
1859 1604 2000 1641 vero
2045 1584 2380 1641 audaciores
2416 1584 2693 1641 adversus

242 1704 345 1742 eam
372 1688 663 1761 insurgere
694 1688 1008 1746 sustinent.
1055 1689 1091 1745 J
1094 1708 1189 1746 am
1222 1708 1358 1747 vero
1380 1691 1483 1767 qui
1506 1690 1784 1746 adversae
1813 1689 1850 1745 J
1851 1688 2049 1764 osephi
2081 1688 2353 1745 fortunae
2383 1688 2693 1762 scriptores

242 1797 529 1863 censentur,
579 1793 672 1849 illi
720 1793 785 1849 in
818 1794 938 1850 tria
982 1812 1195 1866 genera
1224 1798 1363 1850 sunt
1408 1793 1819 1851 distribuendi.
1883 1792 2010 1850 Alii
2057 1791 2458 1849 taetimonium
2501 1796 2691 1849 totum

240 1896 491 1953 insertum
534 1900 617 1955 ab
664 1898 942 1969 aliena,
992 1898 1033 1955 i.
1066 1918 1115 1955 e.
1164 1899 1513 1969 christiana,
1568 1918 1782 1956 manu
1829 1899 2074 1973 probare
2113 1897 2305 1954 conati
2345 1900 2501 1953 sunt.
2564 1894 2692 1952 Alii

240 1998 417 2069 locum,
460 2002 559 2058 ubi
606 2003 679 2059 de
732 2000 965 2059 Christo
1020 2003 1239 2060 mentio
1290 2001 1377 2073 fit,
1435 2008 1724 2059 auctum
1776 2006 1836 2059 et
1886 2001 2354 2059 Christianorum
2407 2000 2692 2058 lectorum

240 2104 612 2163 additamentis
676 2106 947 2164 refictum
1008 2126 1125 2163 esse
1178 2108 1575 2164 demonstrare
1636 2107 1891 2180 adgressi
1951 2111 2109 2163 sunt.
2193 2104 2380 2161 Tertii
2441 2105 2690 2182 denique

240 2208 399 2265 medio
446 2209 731 2267 tutissime
786 2210 874 2267 ire
919 2210 1033 2268 sibi
1085 2211 1228 2281 visi,
1284 2210 1499 2267 leniter
1544 2209 1848 2267 mutat-is
1895 2210 2320 2286 quibusdam
2373 2210 2686 2279 mutandis,

241 2320 527 2371 correctum
554 2334 811 2372 sumsere
838 2314 874 2373 ¹.

275 2590 324 2665 ξ.
368 2589 458 2653 60.
516 2587 631 2651 De
681 2586 1097 2651 authentia
1143 2598 1217 2650 et
1260 2590 1730 2670 integritate
1776 2588 2209 2650 testimonii
2255 2583 2646 2649 Flaviani.

417 2765 526 2828 Qui
578 2767 774 2825 Flavii
830 2767 1149 2841 allegatum
1200 2767 1391 2825 locum
1439 2767 1692 2845 sequiori
1747 2771 2006 2841 tempore
2058 2764 2346 2822 insertum
2365 2808 2379 2835 ,
2436 2762 2532 2821 vel
2587 2783 2692 2839 pro

240 2886 388 2926 causa
412 2872 491 2928 rei
522 2873 876 2930 christianae
907 2874 1095 2948 quoad
1125 2871 1439 2948 praecipua
1469 2876 1764 2928 momenta
1795 2870 2216 2945 interpolatum
2239 2889 2358 2926 esse
2387 2870 2690 2940 dixerunt,

424 3080 457 3145 ¹)
496 3079 775 3145 Syllabum
813 3094 1010 3142 eorum,
1057 3080 1147 3144 qui
1182 3094 1279 3143 pro
1317 3078 1418 3127 hoc
1454 3077 1680 3143 Josephi
1717 3077 2019 3126 testimonio
2057 3080 2334 3137 steterunt,
2379 3080 2472 3125 ant
2509 3080 2696 3125 contra

240 3162 353 3213 illud
378 3171 831 3224 consurrexerunt,
856 3165 1033 3230 legere
1058 3166 1187 3214 licet
1218 3165 1359 3230 apud
1386 3164 1444 3213 C.
1471 3164 1718 3225 Daubuz‚
1745 3164 1779 3213 1.
1799 3165 1834 3213 i.
1861 3180 1906 3212 c.
1937 3166 1984 3225 1,
2012 3166 2057 3212 1.
2083 3180 2134 3228 p.
2160 3164 2273 3211 194.
2295 3180 2337 3212 s.
2363 3176 2450 3227 ap.
2487 3162 2694 3211 Haver-

240 3266 465 3317 campum,
502 3254 582 3303 ed.
620 3254 722 3319 Op.
759 3253 831 3317 11,
866 3255 984 3302 233.
1020 3268 1061 3301 s.
1108 3253 1161 3301 J.
1198 3252 1265 3301 H.
1302 3251 1510 3313 Seelen‚
1559 3251 1856 3300 Miscellan.
1905 3250 2106 3299 Lubec.
2144 3252 2294 3299 1734.
2334 3250 2376 3298 Ι.
2411 3250 2493 3298 61.
2543 3248 2594 3298 J.
2630 3250 2692 3297 A.

240 3336 527 3403 Fabricium,
566 3340 699 3405 Syll.
736 3342 914 3405 script.
953 3342 1041 3405 qui
1080 3340 1289 3389 veritat.
1352 3339 1467 3388 Rel.
1504 3339 1624 3387 Chr.
1662 3353 1921 3387 asseruer.
1980 3338 2174 3385 Hamb.
2214 3338 2364 3386 1725.
2410 3352 2460 3401 p.
2502 3336 2614 3386 138.
2651 3350 2692 3385 s.

240 3424 357 3474 Bibl.
387 3444 457 3492 gr.
492 3428 555 3489 V,
593 3430 675 3477 18.
714 3442 757 3476 s.
805 3427 903 3476 Th.
941 3426 999 3475 C.
1036 3425 1254 3489 Harles‚
1292 3427 1507 3492 inim-in
1544 3426 1682 3474 Hist.
1721 3425 1754 3474 1.
1793 3441 1868 3489 gr.
1907 3424 1976 3472 11.
2017 3428 2070 3488 1,
2106 3425 2188 3472 56.
2225 3438 2266 3471 s.
2315 3422 2693 3487 Langhausen‚

240 3528 305 3574 pr.
338 3512 397 3562 de
430 3516 838 3564 Resurrectione
876 3514 1007 3563 Jesu
1046 3512 1239 3562 Christi
1277 3512 1504 3561 hostium
1542 3512 1857 3561 testimoniis
1895 3510 2219 3559 confirmata.
2275 3508 2514 3574 Regiom.
2543 3510 2693 3559 1766.

242 3614 282 3661 p.
304 3602 347 3647 3.
366 3616 401 3649 s.
440 3601 703 3667 Imprimis
728 3616 815 3666 ap.
842 3600 1155 3661 Heinicheu,
1184 3615 1387 3649 excurs.
1438 3580 1638 3647 E‘useb.
1659 3598 1700 3647 I.
1723 3598 1804 3647 ed.
1826 3613 1867 3647 s.
1895 3598 1990 3659 111,
2013 3600 2130 3647 331.
2151 3614 2192 3647 s.
2237 3596 2537 3657 Boehmert‚
2565 3601 2616 3645 ii.
2643 3595 2692 3644 d.

242 3684 369 3735 Flav.
400 3688 449 3738 J.
484 3690 741 3753 Zeugniss
778 3704 827 3737 v,
866 3687 925 3736 C.
963 3687 1149 3752 Leipz.
1192 3688 1340 3736 1825.
1378 3702 1430 3751 p.
1466 3688 1515 3734 ὅ.
1552 3702 1592 3734 s.
1632 3692 1794 3749 atque
1832 3700 1916 3750 ap.
1943 3684 2003 3733 F.
2040 3685 2108 3733 Η.
2148 3682 2436 3745 Schoedel,
2473 3682 2695 3733 Flavius

240 3770 475 3839 Josephus
520 3776 587 3826 de
632 3776 684 3825 J.
721 3774 780 3824 C.
820 3780 1063 3824 testatus.
1123 3775 1273 3840 Lips.
1314 3774 1463 3823 1840.
1508 3790 1559 3838 p.
1597 3775 1646 3822 5.
1683 3790 1749 3836 s.;
1798 3788 2020 3837 quorum
2065 3776 2289 3837 uterque
2335 3771 2550 3821 ultimus
2587 3786 2694 3820 non

240 3860 567 3927 indiligentem
614 3878 833 3927 operam
883 3878 978 3927 pro
1024 3861 1249 3927 Josephi
1296 3860 1541 3910 vindiciis
1592 3860 1944 3909 contulerunt.
2006 3860 2184 3921 Quare
2234 3874 2331 3909 nos
2379 3872 2444 3907 ea
2489 3862 2694 3907 tantum

241 3949 411 4013 scripta
444 3964 797 4015 apponemus,
846 3949 1043 4013 quibus
1079 3950 1273 3997 nostris
1312 3948 1499 3997 diebus
1544 3948 1909 3997 testimonium
1945 3946 2108 3995 hocce
2147 3948 2499 4011 Impugnatur.
2561 3942 2696 3993 Sunt

241 4041 393 4083 autem
435 4037 534 4086 Ed.
576 4038 768 4097 Reuss,
818 4037 869 4085 in
912 4050 1035 4084 ann.
1073 4050 1231 4085 nouv.
1270 4035 1453 4083 Revue
1501 4033 1567 4083 de
1602 4033 1893 4098 Theologie
1941 4032 2041 4081 Str.
2085 4034 2233 4082 1859.
2280 4049 2331 4096 p.
2369 4032 2486 4081 312.
2534 4035 2694 4095 atque

242 4120 295 4168 E.
330 4122 558 4185 Gerlach,
598 4124 686 4173 die
724 4124 917 4172 Weiss.
957 4122 1007 4171 d.
1042 4122 1104 4171 A.
1136 4123 1197 4171 Τ.
1234 4122 1268 4171 1.
1296 4122 1345 4170 d.
1374 4120 1521 4170 Schr.
1558 4120 1607 4170 (1.
1632 4120 1856 4169 Flavius
1891 4136 1942 4169 u.
1971 4118 2018 4168 d.
2047 4118 2255 4184 angebl.
2295 4118 2550 4182 Zeugniss
2587 4132 2694 4165 von

243 4205 441 4259 Christo.
482 4212 622 4261 Berl.
667 4212 817 4261 1863.
864 4228 918 4276 p.
956 4212 1039 4259 90.
1074 4225 1116 4259 s.
1176 4210 1299 4257 Huc
1338 4210 1493 4257 ctiam
1542 4206 1888 4257 collocandus
1925 4205 2136 4255 videtur
2170 4203 2464 4266 Friedlieb,
2512 4204 2602 4269 qui
2640 4205 2694 4253 in

242 4308 343 4343 ann.
368 4297 503 4347 cest.
528 4296 1022 4360 vierteljahressch.
1060 4297 1096 4345 f.
1129 4296 1195 4345 K.
1222 4293 1500 4345 'ru-1852.
1540 4294 1694 4344 vind.
1723 4282 1871 4343 t'tber
1894 4292 2178 4357 Josephus‚
2217 4292 2345 4341 Tac.
2373 4290 2515 4341 Svet..
2543 4288 2694 4340 Cass.

242 4380 307 4429 ais
337 4382 549 4444 Quellen
598 4400 693 4434 zur
728 4385 983 4434 Kentniss
1027 4382 1136 4432 chr.
1176 4382 1447 4432 Zustfinde
1484 4398 1535 4447 p.
1570 4384 1688 4432 503.
1725 4398 1765 4431 s.
1815 4380 2152 4446 quantumvis
2198 4384 2417 4428 censeat
2451 4379 2540 4427 vix
2579 4392 2696 4427 esse

242 4466 607 4535 interpolatum3
666 4488 775 4521 non
832 4476 1009 4520 tamen
1064 4471 1195 4520 satis
1252 4469 1354 4518 hoc
1414 4468 1627 4517 defendi
1677 4484 1835 4533 posse
1890 4466 2168 4516 existimat.
2241 4464 2464 4531 Josephi
2520 4466 2696 4514 locum

240 4554 417 4607 interim
441 4559 563 4609 data
587 4573 759 4625 opera
783 4558 1095 4623 comprobat
1121 4558 1281 4607 etiam
1304 4558 1370 4605 E.
1396 4554 1649 4619 Mayaud‚
1676 4555 1726 4603 le
1753 4554 2086 4617 temoignage
2114 4552 2180 4601 de
2205 4553 2240 4602 J
2245 4552 2426 4617 oseph.
2465 4552 2696 4603 Strassb.

246 4642 367 4694 1858.
418 4646 763 4711 Ghiringello,
804 4645 858 4694 la
896 4646 1007 4695 vita
1044 4644 1094 4692 di
1136 4642 1279 4693 Gesii
1316 4645 1378 4692 R.
1406 4643 1455 4691 d.
1481 4644 1545 4692 E.
1572 4642 1638 4691 R.
1676 4643 1798 4691 Tor.
1829 4643 1978 4690 1864.
2016 4658 2067 4705 p.
2093 4643 2177 4690 94.
2205 4658 2244 4690 s.
