3267 5259
592 378 721 443 496
1327 390 1441 432 nist.
1472 391 1578 433 sev.
1606 391 1698 433 aiv.
1729 389 1897 434 Perias.
1927 390 1980 433 11.
2003 402 2095 443 esp.
2125 390 2329 431 alterum.

590 567 797 647 iussis,
832 563 1323 630 saluberrimam
1357 564 1591 631 Christi
1626 565 1987 631 doctrinam
2021 568 2250 631 animis
2286 572 2660 630 constanter
2687 565 3006 629 retineant
3029 566 3060 625 ¹.

590 676 976 743 Lectissimo
1038 678 1293 765 epilogo
1350 681 1493 765 pios
1552 688 1824 743 cunctos
1877 680 2126 765 gratiae
2187 678 2444 743 divinae
2505 676 2956 759 commendat,
2999 686 3064 739 ut

588 812 709 876 per
752 789 920 855 hanc
952 792 1159 857 sancti
1190 794 1255 855 in
1284 791 1410 857 hac
1442 794 1966 879 peregrinatione
2013 802 2376 875 serventur,
2418 801 2482 857 et
2513 790 2746 857 eadem
2787 798 3054 877 peraeta

590 926 935 970 occurrere
982 906 1229 991 possint
1274 904 1564 989 Christ03
1615 908 1726 991 qui
1769 928 1810 971 a
1841 905 1987 972 Deo
2021 906 2218 971 Patre
2261 905 2559 970 Salvator
2607 902 2798 967 datus
2843 912 2962 985 est,
3005 912 3063 966 et

590 1018 693 1081 eui
740 1040 890 1081 cum
937 1017 1057 1082 Illo
1106 1042 1363 1083 omnem
1410 1019 1702 1104 gloriam,
1749 1019 2326 1105 magnificentiam,
2368 1018 2716 1104 imperium
2757 1026 2824 1083 et
2853 1026 3062 1102 potes-

588 1138 790 1195 tatem
832 1132 899 1195 in
947 1142 1337 1218 perpetuum
1381 1131 1668 1198 tribuere
1717 1141 2036 1219 oporteat.
2085 1131 2300 1196 Amen
2319 1134 2362 1196 ².

800 1370 837 1435 ¹)
874 1370 1251 1435 Recogitarent
1296 1386 1474 1421 secum
1524 1376 1727 1437 quanta
1775 1370 2134 1422 sollicitudine
2180 1386 2272 1421 eos
2321 1370 2562 1436 Apostoli
2605 1370 3058 1436 praemonuissent

591 1455 655 1506 de
692 1456 941 1522 periculis
978 1462 1271 1523 temporum
1308 1460 1732 1521 novissimorum,
1769 1457 1982 1523 quando
2023 1459 2310 1509 surrecturi
2349 1462 2526 1509 essent
2561 1456 2639 1507 illi
2681 1455 3056 1523 pseudodocto-

589 1556 673 1591 res
711 1558 775 1592 ac
816 1544 1237 1609 turpissimorum
1274 1546 1517 1595 vitiorum
1561 1548 1716 1595 servi.
1761 1544 2022 1595 Blandam
2059 1544 2242 1595 adiicit
2277 1544 2716 1607 exhortationem,
2757 1558 2868 1609 qua
2903 1558 3058 1609 opera

590 1628 847 1680 docentur
913 1630 1194 1697 officiaque
1256 1632 1405 1693 fidei,
1468 1634 1666 1683 nemini
1729 1634 1816 1698 pio
1883 1648 1990 1683 non
2054 1634 2375 1683 necessaria.
2447 1632 2694 1697 Quinque
2755 1646 2881 1681 vero
2938 1640 3056 1679 sunt

588 1716 825 1777 virtutes,
866 1716 935 1766 ad
972 1732 1105 1783 quas
1132 1734 1256 1769 suos
1288 1720 1345 1768 in
1381 1719 1567 1769 ultima
1602 1724 1752 1785 parte
1789 1716 2114 1787 παραινέσεως
2153 1721 2349 1769 excitat
2378 1718 2568 1769 Judas.
2608 1719 2784 1768 Prima
2820 1722 2900 1769 est
2931 1716 3056 1766 fides

588 1805 751 1854 totius
776 1806 1072 1855 sanctitatis
1099 1805 1205 1855 chr.
1232 1806 1658 1870 fundamentum,
1685 1806 1924 1858 secunda
1948 1812 2030 1857 est
2053 1807 2283 1857 studium
2309 1806 2511 1869 orandi,
2537 1822 2728 1871 purum
2753 1812 2808 1855 et
2831 1805 3052 1855 fervens.

590 1890 851 1950 Quoniam
889 1907 1014 1941 vero
1054 1894 1249 1943 caritas
1286 1898 1367 1942 est
1402 1893 1680 1959 glutinum,
1717 1894 1860 1960 quod
1885 1910 1980 1945 nos
2021 1910 2202 1944 omnes
2239 1894 2530 1959 compingit
2560 1894 2614 1942 in
2649 1908 2817 1941 unum
2852 1906 3050 1957 eorpus.

590 1978 894 2028 enitendum
932 1994 1049 2029 esse
1086 1986 1291 2029 monet:
1330 1982 1485 2030 tertio
1522 1987 1583 2030 ut
1618 1986 1801 2031 mutua
1832 1981 2112 2031 dilectione
2151 1981 2547 2031 cohaereamus.
2599 1980 2802 2040 Quarto
2839 1980 3054 2028 retinere

590 2070 799 2128 oportet
832 2082 979 2131 spem
1014 2065 1215 2115 firmam
1240 2069 1382 2116 vitae
1407 2072 1676 2130 aeternae,
1716 2082 1854 2133 quae
1887 2070 1986 2133 piis
2019 2068 2262 2118 omnibus
2287 2072 2528 2117 servatur
2551 2067 2728 2133 gratia
2751 2066 2818 2115 D.
2844 2066 2904 2115 N.
2927 2065 2976 2115 J.
2997 2064 3053 2113 C.

590 2152 785 2212 Quinto
821 2154 969 2203 iubet
1016 2158 1205 2203 sancta
1252 2153 1539 2218 prudentia
1586 2155 1888 2205 discernere
1939 2156 2078 2205 inter
2123 2170 2216 2205 eos
2261 2156 2484 2217 fratres,
2532 2154 2624 2218 qui
2669 2154 2738 2201 ab
2787 2152 3052 2201 haereticis

590 2239 725 2289 forte
762 2239 967 2289 seducti
1004 2246 1141 2290 sunt.
1191 2242 1405 2306 Quippe
1456 2257 1575 2291 cum
1622 2242 1758 2293 alios
1803 2242 2044 2308 aliosque
2093 2242 2344 2307 opinione
2382 2247 2436 2291 ct
2471 2242 2584 2291 vita
2619 2256 2798 2290 errare
2835 2239 3052 2294 videant.

592 2328 827 2376 excussis
864 2342 1037 2377 rerum
1084 2328 1313 2377 omniurn
1365 2330 1791 2391 circumstantiis,
1829 2330 2178 2380 misereantur
2213 2328 2572 2394 quorundam3
2629 2328 2721 2393 qui
2757 2330 2928 2377 errata
2962 2338 3052 2376 sua

591 2420 936 2479 cognoscunt,
964 2413 1063 2463 hos
1092 2416 1277 2463 iuvent
1306 2414 1527 2465 consilio
1561 2422 1615 2466 et
1643 2416 1902 2482 exemplo.
1941 2418 2085 2477 Quos
2123 2416 2390 2466 severiore
2427 2414 2790 2465 admonitione
2827 2413 3050 2477 indigere

592 2500 1037 2566 deprehenderint
1073 2502 1376 2567 corripiant,
1424 2502 1492 2553 ad
1540 2503 1810 2553 meliorem
1847 2509 2076 2553 mentem
2113 2502 2397 2565 reducant3
2449 2516 2513 2551 ac
2549 2518 2645 2551 seu
2683 2518 2768 2551 res
2801 2502 3050 2566 pretiosas

590 2602 655 2637 ex
680 2588 926 2637 incendio
952 2589 1091 2653 ignis
1112 2590 1314 2638 aeterni
1341 2590 1584 2655 eripiant.
1622 2591 1725 2651 Qui
1746 2591 1946 2639 veroin
1971 2590 2262 2640 sceleribus
2291 2588 2670 2651 obduruerunt,
2695 2587 2792 2637 hos
2811 2586 3050 2646 devitent,

590 2674 913 2725 abhorreant
947 2676 1015 2725 ab
1051 2674 1260 2725 illorum
1298 2678 1479 2742 pravis
1516 2678 1765 2741 moribus,
1805 2678 1998 2743 quibus
2037 2676 2199 2725 veluti
2237 2677 2494 2742 pestifera
2527 2678 2712 2726 tunica
2747 2676 3046 2723 vestiuntur.

590 2762 652 2811 V.
690 2764 911 2813 20—23.
985 2762 1025 2827 ²)
1064 2764 1127 2811 V.
1166 2766 1247 2813 24.
1292 2768 1345 2813 et
1388 2766 1471 2813 25.
1510 2794 1591 2814 —.
1628 2763 1900 2814 Dicendi
1959 2780 2162 2829 genus
2223 2780 2266 2813 s.
2303 2763 2516 2813 Judae
2573 2763 2820 2813 efficax
2873 2766 2948 2811 est
2995 2768 3048 2809 et

590 2864 889 2911 nervosum,
926 2848 1138 2899 modum
1170 2849 1388 2901 adhibet
1422 2853 1611 2914 partim
1649 2852 2120 2902 demonstrativum
2145 2851 2416 2916 exemplis,
2449 2866 2606 2915 quem
2631 2840 3046 2917 παραδειγματικὸν

592 2940 801 2997 vocant,
828 2938 1019 3001 partim
1045 2937 1463 3003 obiurgatorium
1490 2939 1655 3001 illum,
1682 2940 1772 3003 qui
1798 2932 2017 3005 ψεκτικὸς
2043 2938 2252 2987 dicitur.
2291 2936 2512 2987 Accedit
2534 2938 2590 2985 in
2615 2936 2722 2986 fine
2745 2952 2907 3001 genus
2928 2935 3046 2983 scri-

592 3021 753 3071 bendi
790 3018 999 3083 εὖτικόν,
1039 3040 1158 3073 cum
1194 3024 1319 3073 fidei
1357 3030 1409 3073 et
1444 3040 1644 3075 morum
1682 3026 2143 3075 conservationem
2168 3038 2202 3073 a
2231 3025 2462 3073 Domino
2489 3030 2739 3089 precatur
2761 3022 3044 3072 lectoribus.

591 3108 896 3160 Communis
935 3127 1053 3161 cum
1086 3112 1306 3177 reliquis
1343 3112 1581 3177 epistolis
1616 3113 1680 3161 N.
1715 3113 1775 3161 T.
1813 3112 1930 3163 laus
1966 3117 2048 3163 est
2081 3128 2123 3162 s.
2157 3112 2352 3173 Judae,
2391 3111 2532 3177 quod
2569 3113 2750 3161 vivum
2787 3116 2838 3161 et
2871 3109 3044 3159 efficax

590 3197 811 3247 verbum
838 3199 943 3247 Dei
965 3198 1157 3249 tradat.
1202 3200 1486 3264 Rupertus,
1515 3199 1579 3249 de
1606 3200 1858 3265 operibus
1885 3200 2114 3265 Spiritus
2139 3198 2192 3249 S.
2211 3200 2303 3261 IV,
2334 3200 2412 3249 15.
2441 3216 2490 3263 p.
2513 3200 2632 3249 644.
2659 3200 2852 3265 optime
2877 3196 3040 3246 adver·

590 3286 678 3333 tit:
720 3284 921 3345 „Judas
958 3286 1105 3335 brevi
1139 3286 1344 3335 calamo
1371 3286 1465 3335 sed
1490 3286 1707 3335 multam
1731 3287 2036 3337 intellectus
2061 3286 2372 3336 facultatem
2399 3285 2845 3351 comprehendit.“
2887 3284 3040 3347 Atque

594 3371 715 3421 ideo
754 3370 865 3421 fieri
904 3388 1011 3422 non
1048 3378 1238 3439 potest,
1283 3374 1411 3438 quin
1450 3388 1515 3423 ex
1559 3375 1674 3423 eius
1720 3373 1948 3424 lectione
1993 3390 2100 3423 non
2149 3372 2426 3439 multiplex
2472 3374 2676 3422 oriatur
2719 3374 2776 3421 in
2821 3370 3044 3421 Ecclesia

590 3458 807 3509 utilitas.
866 3461 933 3511 In
968 3462 1261 3512 auctoritate
1294 3463 1535 3512 canoniea
1572 3460 1730 3510 huius
1767 3461 2026 3526 epistolae
2063 3460 2412 3523 stabilienda,
2453 3476 2560 3510 non
2597 3466 2680 3510 est
2717 3476 2812 3509 cur
2845 3458 3042 3507 haerea-

590 3561 721 3595 mus.
748 3546 983 3595 Dubium
1004 3547 1217 3612 quidem
1237 3546 1526 3612 aliquando
1548 3548 1650 3597 suit
1667 3546 1732 3597 de
1753 3549 2020 3613 praesenti
2042 3548 2269 3613 epistola
2287 3552 2526 3609 enatum3
2553 3547 2648 3597 sed
2669 3548 2776 3597 iam
2801 3550 3042 3595 vetustate

590 3635 643 3682 et
668 3646 767 3681 usu
792 3634 983 3683 meruit
1006 3634 1375 3683 auctoritatem
1402 3636 1730 3684 canonicam.
1781 3636 1932 3698 Esto,
1959 3635 2103 3701 quod
2129 3634 2398 3699 largimur,
2425 3634 2814 3684 contradictum
2839 3634 2990 3683 fuisse
3013 3644 3042 3677 a

588 3718 931 3785 quibusdam3
971 3720 1094 3769 inde
1132 3724 1307 3769 tamen
1344 3720 1546 3771 nullum
1580 3722 1835 3773 adversus
1873 3736 1990 3772 eam
2016 3723 2183 3772 oritur
2207 3721 2621 3787 praeiudicium3
2661 3737 2782 3771 eum
2815 3722 3044 3771 Veterum

588 3805 745 3871 longe
791 3806 1001 3873 plurimi
1048 3813 1155 3857 tam
1203 3807 1410 3870 Graeci,
1462 3825 1619 3875 quam
1669 3809 1878 3873 Latini3
1927 3814 1980 3859 et
2024 3811 2274 3859 universa
2318 3808 2568 3859 Ecclesia
2611 3810 2670 3858 iu
2721 3808 2968 3859 conciliis
3001 3810 3044 3855 et

590 3893 779 3943 Officio
826 3894 1004 3945 divino
1054 3894 1151 3945 has
1199 3895 1383 3946 literas
1447 3896 1756 3962 profiteatur
1811 3912 1994 3948 sacras
2049 3902 2102 3947 et
2157 3898 2459 3947 canonicas.
2511 3896 2678 3947 Plura
2725 3896 2928 3946 dabunt
2969 3894 3044 3943 Pr.

588 3982 991 4043 Feuardentius,
1030 3981 1093 4031 Ο.
1120 3982 1182 4031 F.
1207 3982 1279 4031 M.
1316 3984 1371 4031 in
1408 3982 1468 4031 B.
1506 3984 1682 4033 Judae
1719 4000 1802 4049 ep.
1841 3984 1980 4033 cath.
2017 4000 2202 4033 comm.
2239 3983 2354 4034 Col.
2393 3986 2544 4034 1595.
2569 4000 2620 4049 p.
2652 3988 2698 4033 1.
2723 4000 2766 4033 s.
2805 3982 3046 4039 Serarius,

591 4084 777 4118 comm.
805 4085 854 4134 p.
879 4070 957 4118 78.
994 4070 1243 4131 Lorinus,
1265 4084 1451 4119 comm.
1476 4088 1527 4135 p.
1554 4074 1672 4120 310.
1699 4088 1740 4121 s.
1775 4072 1843 4120 H.
1867 4072 2104 4133 Witsius‚
2131 4072 2330 4121 Comm.
2355 4073 2410 4121 in
2428 4070 2606 4121 Melet.
2627 4071 2782 4121 Leid.
2807 4088 2858 4137 p.
2881 4072 2991 4119 451.
3010 4084 3045 4117 s.

588 4156 656 4205 H.
683 4156 744 4204 A.
770 4155 1028 4217 VValther,
1066 4156 1230 4221 Exeg.
1261 4173 1341 4221 ep.
1369 4171 1454 4223 ap.
1479 4156 1670 4206 Judae.
1711 4158 1934 4208 Helmst.
1965 4160 2112 4209 1727.
2139 4176 2189 4224 p.
2216 4162 2264 4209 9.
2292 4176 2334 4207 s.
2385 4157 2676 4221 Seemiller,
2703 4158 2738 4207 l.
2761 4174 2806 4207 c.
2831 4174 2881 4223 p.
2907 4158 2984 4206 81.
3006 4170 3042 4203 s.

588 4242 744 4305 Dahl,
784 4242 849 4291 de
888 4242 1032 4292 auth.
1069 4243 1170 4309 Ep.
1208 4244 1353 4293 Petr.
1387 4248 1521 4309 post.
1550 4249 1709 4309 atque
1745 4244 1938 4293 Judae.
1989 4244 2236 4295 Rostoch.
2278 4246 2427 4294 1807.
2455 4262 2505 4311 p.
2535 4248 2615 4295 13.
2645 4262 2689 4295 s.
2739 4245 2958 4298 Jessien,
2987 4242 3044 4289 de

588 4329 733 4379 auth.
782 4328 881 4395 Ep.
930 4330 1121 4379 Judae.
1168 4330 1317 4395 Lips.
1365 4332 1513 4381 1821.
1590 4330 1655 4380 Gr.
1713 4332 1879 4394 Elias,
1927 4332 2050 4382 diss.
2109 4335 2285 4398 inaug.
2343 4334 2400 4381 in
2457 4349 2539 4398 ep.
2586 4331 2766 4383 Judae
2810 4349 2860 4398 p.
2897 4332 2973 4380 27.
3005 4344 3042 4377 s.

588 4414 796 4481 Rampf,
834 4416 868 4466 l.
897 4432 940 4466 c.
978 4434 1030 4480 p.
1060 4419 1174 4467 163.
1208 4434 1251 4468 s.
1295 4417 1520 4479 Huther,
1558 4418 1638 4467 kr.
1669 4434 1749 4469 ex.
1788 4419 1992 4469 Komm.
2033 4418 2173 4469 Gett.
2209 4422 2360 4470 1859.
2386 4436 2436 4485 p.
2463 4421 2580 4469 200.
2615 4420 2925 4484 Wiesinger‚
2961 4416 3044 4464 der

588 4501 649 4550 B.
688 4500 737 4551 d.
775 4503 962 4553 Judas.
1024 4504 1281 4569 Konigsb.
1332 4506 1479 4554 1862.
1516 4522 1567 4570 p.
1606 4506 1722 4555 178.
1765 4520 1806 4555 s.
1875 4506 2030 4568 Quod
2077 4524 2118 4557 s.
2171 4507 2344 4557 Judas
2389 4506 2556 4556 multa
2610 4522 2730 4557 cum
2783 4502 3042 4573 posteriori

588 4588 815 4653 epistola
866 4590 925 4639 B.
964 4590 1106 4639 Petri
1154 4594 1454 4641 communia
1496 4591 1713 4657 dixerit3
1764 4609 1870 4643 non
1920 4593 2151 4644 detrahit
2193 4594 2288 4644 sed
2335 4594 2480 4643 favet
2527 4596 2707 4659 potius
2761 4588 3042 4643 auctoritati
