3267 5259
1324 1247 1485 1342 CA
1498 1248 1749 1343 PUT
1803 1248 2443 1343 ALTERUM

814 1542 1374 1619 IIISTORIAS
1418 1543 2946 1631 PASSION18,RESURREGTIONIS

1114 1658 1355 1781 ATdUE
1392 1712 1870 1779 ASGENSIONIS
1907 1714 1971 1778 D.
2001 1714 2066 1779 N.
2095 1714 2148 1779 J.
2175 1715 2228 1779 C.
2265 1714 2635 1781 ENARRAT.

893 1974 951 2052 ξ.
1001 1976 1103 2039 21.
1166 1971 1285 2035 De
1332 1971 1985 2057 praecellentia
2029 1972 2472 2037 Passionis
2520 1972 2861 2038 Christi.

838 2166 1121 2229 Quamvis
1166 2168 1399 2242 singula
1430 2168 1654 2226 Christi
1701 2169 1858 2226 dicta
1899 2174 1957 2225 et
1989 2168 2162 2239 facta,
2203 2188 2352 2245 quae
2389 2168 2454 2225 in
2499 2169 2703 2227 diebus
2747 2170 2938 2227 carnis
2972 2186 3081 2225 suae

630 2271 879 2346 protulit
923 2277 981 2330 et
1026 2272 1268 2348 peregit,
1317 2274 1391 2330 ab
1436 2272 1707 2330 omnibus
1753 2292 1890 2329 vere
1920 2272 2034 2347 piis
2079 2271 2276 2346 magni
2325 2272 2686 2330 aestimanda
2729 2274 2876 2343 sint;
2923 2283 3077 2331 tamen
3180 2262 3181 2295 ³

628 2394 775 2453 quae
820 2378 927 2434 sub
972 2377 1129 2433 vitae
1174 2376 1352 2433 finem
1396 2377 1461 2433 in
1506 2376 1720 2434 ultima
1763 2376 1870 2433 illa
1913 2396 2155 2451 vespera
2199 2381 2258 2432 et
2299 2375 2408 2447 die,
2445 2376 2642 2452 paucis
2690 2384 2827 2435 ante
2871 2386 3078 2435 mortem

626 2500 791 2537 snam
836 2480 1023 2553 horis,
1074 2480 1299 2539 locutus
1354 2487 1440 2538 est
1483 2488 1543 2539 et
1586 2480 1732 2554 egit,
1782 2500 1920 2555 prae
1967 2480 2210 2558 reliquis
2255 2479 2608 2555 peculiarem
2653 2482 3080 2540 observationem

626 2590 943 2642 merentur.
1024 2584 1215 2655 ,Nihil
1262 2585 1327 2641 in
1372 2586 1589 2643 mundo
1647 2590 1876 2660 poterat
1927 2583 2134 2641 melius
2183 2582 2331 2655 fieri,
2381 2584 2580 2663 inquit
2622 2606 2670 2642 s.
2717 2586 3028 2643 Bernardus
3049 2581 3075 2651 ¹,

625 2708 799 2766 quam
856 2690 1007 2765 quod
1070 2688 1291 2746 factum
1354 2694 1441 2745 est
1492 2708 1527 2745 a
1570 2688 1822 2745 Domino
1878 2688 1972 2745 his
2025 2688 2271 2746 diebm.‘
2349 2688 2864 2747 Persuasissimum
2915 2699 3079 2745 autem
3180 2694 3181 2737 ἲ

625 2793 903 2849 habemus
948 2794 1102 2849 hanc
1146 2792 1429 2849 Bernardi
1478 2794 1830 2850 sententiam
1875 2792 2111 2850 divinae
2156 2792 2413 2848 maxime
2467 2810 2780 2849 consonam
2835 2791 3076 2857 τρι-ἰωὴ

626 2898 776 2973 quod
838 2902 999 2972 patet
1054 2916 1128 2953 ex
1184 2896 1403 2972 triplici
1452 2902 1930 2969 argumentorum
1982 2915 2208 2969 genere.
2279 2896 2330 2953 1.
2373 2896 2467 2952 Ex
2514 2897 2941 2972 comparatione
2977 2896 3080 2950 sive

624 2999 949 3057 collatione.
1032 2998 1117 3057 Ut
1180 3020 1428 3077 namque
1492 2999 1666 3057 amici
1727 3019 1764 3056 a
1821 3020 1880 3056 se
1940 3000 2244 3057 discessuri
2307 2998 2494 3057 solent
2547 2999 2642 3057 vel
2705 3001 2953 3057 maxime
2999 3016 3080 3053 cor

622 3124 793 3161 suum
826 3124 927 3179 per
956 3105 1305 3162 suavissima
1348 3104 1638 3181 colloquia
1679 3104 1978 3161 effundere
2002 3100 2043 3175 ⁸²,
2093 3104 2178 3161 ita
2221 3123 2447 3181 quoqne
2494 3104 2764 3161 Christus
2805 3104 2863 3161 in
2901 3102 3080 3161 ultimo

622 3208 725 3265 illo
789 3208 1107 3265 certamine
1161 3205 1412 3284 ἀγωνίῳ,
1474 3228 1704 3265 omnem
1767 3207 1980 3265 amoris
2039 3207 2132 3264 sui
2191 3226 2331 3280 erga
2381 3207 2692 3282 Apostolos
2755 3214 2814 3265 et
2877 3205 3078 3285 quosvis
3180 3202 3181 3281 Ξ

621 3313 915 3370 crede-ntes
980 3312 1103 3369 vim
1163 3314 1557 3370 demonstrare
1618 3311 1829 3369 voluit.
1912 3310 2163 3367 Proinde
2219 3316 2286 3368 ut
2339 3330 2539 3367 eorum
2595 3312 2702 3388 qui
2758 3312 2930 3368 morti
2979 3310 3080 3365 iam
3179 3382 3181 3407 J

618 3423 759 3473 sunt
817 3416 1029 3487 vicini,
1080 3436 1369 3473 sermones
1425 3420 1484 3473 et
1542 3436 1633 3472 res
1687 3414 2001 3488 diligenter
2061 3420 2436 3485 annotamus,
2494 3434 2562 3471 ac
2619 3415 2860 3473 memori
2913 3417 3079 3471 mente

619 3520 955 3585 retinemus.
1005 3539 1138 3576 cum
1182 3520 1497 3578 videantur
1526 3539 1601 3575 ex
1632 3520 1740 3575 hoc
1771 3520 1985 3576 mundo
2016 3518 2274 3576 iamdum
2307 3518 2552 3591 egressi:
2588 3518 2676 3575 ita
2705 3520 2891 3576 multo
2920 3516 3079 3589 magis

618 3624 841 3680 Christi
894 3624 1051 3681 dicta
1102 3630 1161 3681 et
1219 3624 1390 3695 facta,
1439 3642 1585 3700 quae
1630 3623 1808 3680 morti
1853 3622 2084 3679 vicinus
2149 3623 2400 3697 protulit
2443 3641 2510 3679 ac
2573 3623 2818 3697 peregit,
2881 3638 3080 3679 summo
3180 3606 3181 3697 Ξ

616 3725 812 3785 studio
870 3729 1177 3785 observare
1237 3732 1295 3784 et
1353 3728 1679 3803 expendere
1725 3726 2017 3785 convenit.
2109 3726 2238 3783 Hoc
2300 3726 2490 3801 ipsum
2549 3727 2819 3803 sequitur
2881 3726 2960 3782 II.
3015 3742 3080 3778 ex
3180 3736 3181 3743 ¹

616 3831 1133 3906 Evangelistarum
1186 3831 1472 3888 narrandi
1534 3830 1780 3888 rat-ione.
1850 3829 2262 3903 Evangelistae
2314 3849 2407 3899 ea,
2457 3849 2604 3907 quae
2650 3831 2859 3905 primis
2911 3830 3081 3886 tribus
3180 3866 3181 3871 κ

614 3935 931 3994 ministerii
988 3936 1186 4005 anniS,
1246 3942 1306 3992 et
1356 3934 1565 4011 primis
1617 3934 1818 4012 quarti
1862 3934 2004 3991 anni
2050 3933 2372 4005 mensibuS,
2433 3933 2660 3991 locutus
2715 3940 2804 3992 est
2847 3940 2901 3990 et
2943 3932 3076 4005 egit:

612 4060 677 4098 eo
734 4042 899 4098 modo
958 4039 1413 4115 descripserunt,
1462 4044 1530 4095 ut-
1584 4038 1926 4113 praecipuas
1983 4039 2292 4095 dumtaxat
2347 4037 2652 4108 historiast,
2701 4038 2989 4095 conciones
3031 4041 3081 4089 et

611 4145 899 4203 miracula
940 4148 1307 4202 annotarent.
1376 4142 1487 4200 Sed
1533 4147 1662 4218 post
1700 4142 1909 4199 Lazari
1959 4141 2459 4199 resuscitationem
2480 4138 2520 4213 ³,
2570 4140 2912 4218 cumprimis
2955 4157 3080 4195 vero

611 4254 739 4322 post
784 4268 1019 4306 coenam
1079 4246 1527 4306 Bethaniensem
1549 4244 1590 4318 ⁴,
1640 4266 1868 4303 summa
1925 4244 2238 4319 diligentia
2282 4246 2737 4320 consignarunt,
2795 4246 2928 4323 quid
2969 4242 3080 4299 sin·

825 4435 860 4501 ¹)
899 4436 1063 4485 Serm.
1090 4436 1183 4486 fer.
1206 4436 1297 4485 IV.
1323 4434 1642 4485 hebdomad.
1680 4450 1722 4483 s.
1746 4434 1816 4483 11.
1843 4434 1883 4495 1,
1912 4435 2030 4482 279.
2091 4434 2132 4499 ²)
2171 4432 2304 4482 Con.
2339 4432 2360 4481 1
2385 4433 2516 4497 Reg.
2543 4435 2625 4494 20,
2651 4435 2738 4482 41.
2764 4450 2806 4481 s.
2853 4430 2915 4481 H.
2941 4431 2999 4478 V.
3025 4429 3083 4477 Τ.

608 4539 661 4587 p.
689 4524 807 4571 239.
834 4540 874 4571 ε.
920 4522 959 4585 ³)
987 4524 1137 4583 Quae
1165 4522 1361 4572 Christi
1388 4522 1690 4587 passionem
1715 4536 1894 4569 mense
1925 4535 2033 4569 uno
2067 4520 2178 4569 fere
2203 4524 2514 4585 antegressa
2547 4525 2644 4569 est.
2664 4510 2732 4568 VJ
2748 4536 2800 4584 p.
2826 4520 2904 4567 80.
2951 4515 2988 4581 ⁴)
3023 4515 3082 4563 ln

609 4624 717 4675 qua
752 4609 925 4658 Maria
958 4608 1282 4673 Magdalcna
1320 4608 1586 4656 Christum
1624 4608 1692 4656 ad
1732 4606 2058 4672 sepulturam
2095 4614 2338 4655 unxerat.
2387 4606 2451 4655 V.
2479 4623 2529 4671 p.
2563 4608 2646 4656 82.
