3267 5259
656 434 783 502 466
1392 447 1507 491 nist.
1540 448 1646 513 Βρν.
1676 450 1764 492 (liv.
1793 448 1960 491 Parios.
1990 444 2046 490 11.
2067 462 2160 501 cap.
2189 446 2388 491 alterum.

658 600 781 688 sive
833 631 1197 689 tractationis
1249 632 1579 688 oeconomia
1625 632 1997 705 respiciatur:
2053 629 2324 687 elucescit
2376 628 2658 687 Paulinus
2708 628 2814 687 ille
2857 632 3040 703 genius
3057 626 3088 686 ¹.

657 734 815 792 Solet
844 734 1061 792 Paulus
1085 736 1149 791 in
1172 734 1361 792 literis
1388 735 1511 791 suis
1532 735 1767 793 Christo
1797 734 2079 813 quaedam
2109 734 2297 809 elogia
2325 733 2440 792 sibi
2471 735 2640 809 priva
2671 733 2944 805 tribuere,
2973 752 3092 811 quae

657 844 716 897 et
757 842 823 897 in
866 840 1061 899 fronte
1108 844 1281 917 atque
1328 838 1533 896 limine
1586 839 1861 914 epistolae
1907 840 2081 897 huius
2134 843 2470 897 coacervata
2517 838 2819 897 observari
2869 850 3092 913 possunt.

657 946 838 1001 Amat
868 944 939 1001 V.
972 943 1038 1002 T.
1071 944 1306 1002 oracula
1334 945 1689 1019 prophetica,
1725 964 1830 1019 pro
1859 963 1964 1001 sua
2007 942 2337 1001 subtilitate
2377 948 2436 999 et
2476 944 2822 1015 eruditione,
2872 942 3094 1019 explica·

656 1049 815 1107 tione
865 1050 1115 1126 quadam
1168 1048 1418 1125 mystica
1464 1049 1503 1105 i.
1550 1068 1599 1105 e.
1653 1048 1954 1123 spirituali
2009 1050 2082 1106 ad
2127 1048 2430 1107 Christum
2483 1048 2742 1117 trahere3
2799 1050 2864 1105 in
2906 1066 3011 1125 qua
3047 1066 3096 1103 re

656 1173 825 1211 nemo
854 1158 975 1212 tam
1026 1154 1295 1232 frequens
1326 1158 1411 1211 est
1440 1173 1507 1211 ac
1536 1153 1788 1229 scriptor
1827 1151 2104 1229 epistolae
2151 1158 2400 1211 nostrae.
2454 1154 2534 1210 Et
2559 1153 2714 1231 quod
2743 1152 2810 1209 in
2849 1153 3095 1227 scriptore

656 1264 853 1316 nostro
882 1264 1121 1335 stupent
1150 1259 1254 1316 alii
1286 1258 1581 1332 religiose3
1622 1262 1874 1334 carpunt
1903 1257 2008 1316 alii
2043 1257 2248 1333 impie:
2297 1258 2492 1315 miuus
2523 1262 2678 1315 recte
2709 1258 2871 1315 trahi
2897 1258 2968 1315 ad
2991 1256 3094 1312 Sal-

658 1368 915 1421 vaterem
946 1363 1231 1421 nonnulla
1260 1364 1436 1421 effata
1459 1362 1529 1420 V.
1549 1362 1614 1420 T.
1634 1380 1648 1431 ;
1685 1363 1838 1420 idem
1861 1362 2005 1420 alibi
2028 1362 2092 1420 in
2119 1384 2162 1420 s.
2183 1363 2366 1421 Paulo
2388 1363 2566 1420 iidem
2591 1367 2899 1438 peragunt.
2931 1366 3096 1437 Atque

654 1467 763 1523 hoc
785 1469 1115 1541 argumenti
1138 1488 1317 1542 genus
1340 1487 1616 1542 magnum
1644 1466 1868 1543 poiidus
1889 1468 2122 1539 habere,
2148 1468 2411 1526 fatentur
2433 1468 2754 1525 adversarii
2779 1467 2919 1543 ipsi3
2942 1465 3095 1523 nihil-

655 1573 885 1629 ominus
924 1573 995 1630 ad
1036 1592 1310 1631 nauseam
1350 1592 1529 1651 usque
1570 1572 1976 1631 diversitatem
2012 1573 2240 1630 dicendi
2279 1571 2507 1647 generis
2541 1576 2756 1647 urgent
2773 1566 2818 1629 ².
2865 1570 3097 1629 Succedit

864 1778 901 1844 ¹)
938 1779 1075 1828 Nam
1112 1794 1195 1828 res
1230 1781 1349 1845 ipsa
1395 1781 1627 1829 omnium
1665 1781 1914 1830 convenit
1948 1796 2068 1829 cum
2103 1779 2166 1831 iis
2213 1794 2352 1845 qliae
2393 1779 2466 1830 ad
2503 1778 2725 1829 Galatas
2763 1784 2818 1827 et
2863 1778 3102 1827 Romanos

653 1863 926 1931 leguntur3
963 1866 1082 1931 ipsa
1104 1882 1230 1915 vero
1258 1866 1502 1915 tractatio
1542 1866 1727 1916 eadem
1765 1871 1846 1915 est
1878 1866 2192 1932 peculiaris3
2229 1872 2290 1917 ut
2314 1867 2367 1915 in
2391 1866 2554 1916 literis
2593 1881 2727 1933 quas
2765 1866 2816 1914 d.
2837 1864 3026 1914 Paulus
3049 1862 3104 1912 ad

656 1951 891 2013 Galatas,
928 1950 1213 2013 Romanos,
1252 1951 1528 2018 Ephesios,
1568 1952 1912 2003 colossenses
1939 1952 2096 2003 dedit.
2135 1954 2330 2019 Incipit
2367 1954 2624 2015 doctrina,
2665 1968 2694 2002 e
2719 1968 2828 2019 qua
2865 1953 3104 2018 practicae

655 2038 815 2088 infert
849 2040 1272 2104 consequentias.
1328 2038 1541 2103 Ubique
1581 2040 1776 2089 emicat
1811 2040 2037 2089 Paulina
2073 2040 2350 2091 methodus
2389 2040 2654 2090 didactica
2692 2045 2746 2089 et
2780 2039 3106 2105 paraenetica.

656 2122 761 2175 Sed
798 2140 903 2175 non
941 2126 995 2174 in
1033 2126 1254 2175 materia
1288 2130 1493 2174 tantum
1541 2125 1770 2175 Paulum
1815 2126 1952 2177 inter
1989 2133 2042 2177 et
2072 2116 2380 2193 scriptorem
2419 2128 2676 2193 epistolae
2724 2128 2994 2187 convenit,
3028 2122 3104 2174 sed

653 2214 709 2261 in
746 2214 1123 2263 sententiarum
1163 2217 1217 2261 et
1251 2210 1463 2261 dicendi
1498 2211 1844 2263 formularum
1881 2230 1981 2264 usu
2017 2216 2296 2281 frequenti.
2343 2217 2416 2265 Et
2452 2214 2664 2280 quidem
2701 2214 2844 2279 quod
2879 2214 3106 2278 imprimis

653 2299 959 2363 notandum,
1000 2302 1334 2365 reperiuntur
1370 2301 1527 2349 etiam
1567 2302 1794 2351 rariores
1833 2302 2038 2367 solique
2075 2302 2330 2368 Apostolo
2371 2303 2615 2367 propriae
2651 2301 2937 2351 verborum
2971 2300 3104 2364 signi-

654 2385 943 2438 ficationes.
994 2386 1149 2449 Quod
1174 2392 1541 2452 argumentum
1572 2389 1837 2438 uberrime
1861 2394 2174 2454 prosecutus
2200 2393 2283 2440 est
2305 2390 2394 2439 Fr.
2419 2388 2788 2455 SpanhemiuS,
2825 2388 2890 2437 de
2916 2393 3106 2437 auctore

655 2492 737 2540 ep.
775 2475 843 2525 ad
879 2474 1043 2525 Hebr.
1080 2492 1129 2540 p.
1159 2475 1229 2524 11.
1264 2475 1484 2524 Miscell.
1520 2476 1588 2524 ad
1626 2492 1668 2526 s.
1701 2475 1877 2542 Antiq.
1917 2480 1970 2526 et
2004 2476 2150 2527 Eccl.
2190 2477 2326 2525 Hist.
2363 2481 2495 2542 pert.
2533 2476 2565 2525 1.
2605 2475 2673 2524 11.
2714 2492 2799 2541 op.
2839 2478 2889 2535 2,
2928 2476 3036 2523 218.
3069 2489 3102 2521 s.

656 2563 811 2612 cuius
845 2563 1077 2611 rationes
1112 2566 1361 2611 accurate
1398 2563 1739 2611 concinnavit
1763 2562 1829 2612 Η.
1857 2563 2094 2626 Witsius‚
2121 2564 2287 2629 prael.
2313 2564 2378 2613 de
2405 2564 2516 2612 vita
2538 2562 2695 2612 Pauli
2721 2580 2762 2613 s.
2791 2562 2912 2611 XII.
2937 2578 2984 2625 p.
3011 2560 3107 2608 199.

650 2650 951 2715 Iunguntur
988 2648 1249 2711 Halletus,
1290 2649 1413 2700 diss.
1446 2648 1491 2700 's.
1530 2648 1565 2699 l.
1600 2666 1652 2715 p.
1688 2651 1805 2700 807.
1831 2666 1873 2700 s.
1933 2652 2132 2713 Braun,
2161 2650 2359 2700 Comm.
2385 2666 2438 2715 p.
2463 2652 2512 2697 2.
2539 2666 2580 2699 s.
2630 2648 2690 2698 C.
2715 2648 2776 2699 F.
2805 2646 2965 2710 Smffl,
2987 2646 3106 2695 Hist

658 2739 821 2802 antiq.
849 2742 901 2787 et
926 2737 1069 2786 vind.
1098 2736 1227 2786 Can.
1256 2736 1308 2786 S.
1334 2737 1397 2787 V.
1426 2737 1489 2787 N.
1516 2738 1577 2786 T.
1604 2738 1752 2803 Lips.
1783 2740 1932 2787 1775.
1957 2754 2008 2803 p.
2037 2739 2153 2787 660.
2180 2752 2222 2787 s.
2271 2736 2422 2797 Klee,
2447 2735 2594 2785 Ausi.
2627 2752 2680 2801 p.
2711 2736 2792 2785 13.
2831 2742 2887 2785 et
2919 2734 3106 2800 passim.

650 2824 839 2885 Lomb‚
866 2838 1052 2873 comm.
1075 2841 1128 2890 p.
1158 2826 1238 2873 12.
1262 2838 1306 2873 s.
1368 2823 1409 2889 ²)
1452 2825 1603 2876 cuim
1639 2826 1738 2877 sint
1761 2825 1946 2877 roboris
1977 2831 2274 2892 arqumenta
2309 2824 2566 2876 contraria
2587 2824 2804 2881 illorum,
2841 2823 2929 2891 qui
2949 2824 3108 2887 negant

651 2912 697 2963 d.
722 2911 950 2963 Paulum
972 2912 1135 2978 juisse
1168 2911 1478 2980 scriptorem:
1513 2912 1589 2963 vel
1614 2912 1772 2980 plane
1806 2912 2064 2981 epistolam
2105 2913 2176 2963 ad
2211 2911 2462 2963 Hebraeos
2495 2928 2552 2961 ea:
2595 2910 2795 2962 Canem
2829 2910 3110 2962 Divinarum

651 3000 942 3051 Literarum
976 3000 1270 3051 reiecerunt:
1304 2998 1511 3064 patebit
1534 3014 1599 3047 ex
1624 3000 1866 3048 examine
1903 3000 2326 3064 praecipuorum.
2375 2998 2558 3047 Omitti
2584 2996 2846 3046 obiiciunt
2872 2998 2916 3044 1.
2950 2996 3003 3042 in
3025 2992 3108 3041 hac

652 3100 761 3135 una
796 3084 1022 3151 epistola
1050 3086 1105 3135 in
1131 3086 1389 3151 principio
1424 3090 1635 3151 praeter
1673 3085 2109 3136 consuetudinem
2145 3100 2338 3135 nomen
2374 3085 2664 3149 scriptoris,
2695 3082 3031 3147 eiusdemque
3063 3081 3108 3126 in

650 3171 756 3222 fine
782 3173 1238 3237 subscriptionem.
1290 3172 1393 3221 Sed
1418 3172 1485 3223 de
1510 3173 1738 3223 nominis
1771 3174 2052 3223 omissione
2077 3175 2182 3223 iam
2208 3174 2404 3238 optime
2435 3171 2666 3221 advertit
2703 3170 2757 3219 S.
2777 3171 3110 3232 Hieronymus

652 3258 685 3307 l.
714 3276 759 3309 c.
791 3259 949 3325 „quia
973 3259 1173 3310 Paulus
1199 3260 1467 3309 scribebat
1491 3259 1561 3309 ad
1584 3260 1863 3311 Hebraeos
1889 3265 1943 3309 et
1965 3266 2179 3327 propter
2213 3260 2465 3309 invidiam
2493 3260 2574 3308 sui
2607 3258 2750 3324 apud
2775 3272 2870 3309 eos
2903 3254 3110 3306 nominis

650 3347 860 3396 titulum
898 3348 951 3396 in
990 3348 1247 3413 principio
1284 3346 1621 3397 salutationis
1661 3349 2064 3413 amputaverit.“
2115 3346 2263 3396 Idem
2301 3350 2348 3396 ⁸2.
2387 3346 2453 3395 de
2490 3346 2880 3411 subscriptione
2915 3354 3111 3407 respon-

652 3432 907 3496 dendum,
956 3439 1009 3483 et
1054 3434 1398 3485 conclusione
1442 3449 1672 3501 namque
1722 3451 1804 3501 ep.
1843 3438 1923 3497 13,
1961 3437 2044 3483 23.
2079 3449 2120 3484 s.
2179 3434 2340 3483 facile
2391 3434 2494 3483 fuit
2545 3433 2774 3483 Paulum
2841 3442 3111 3498 agnoscere

652 3520 983 3571 scribentem.
1020 3522 1229 3571 Desunt
1266 3522 1423 3572 etiam
1446 3523 1501 3571 in
1526 3522 1700 3587 prima
1733 3521 1785 3571 S.
1808 3521 2037 3571 Joannis
2074 3537 2156 3587 ep.
2193 3536 2404 3583 nomen,
2441 3520 2738 3586 inscriptio,
2777 3524 2832 3569 et
2867 3516 3112 3569 salutatio.

650 3606 808 3668 Quod
830 3622 958 3658 vero
997 3610 1046 3659 3.
1082 3624 1115 3657 a
1139 3608 1383 3658 doctrina
1406 3611 1455 3671 6,
1482 3610 1633 3658 4-6,
1675 3608 1984 3672 obmovent3
2025 3610 2176 3673 quasi
2213 3624 2322 3657 non
2359 3607 2528 3659 solum
2565 3606 2957 3657 contradiceret
2977 3604 3113 3653 Rom.

652 3696 700 3757 2,
735 3696 783 3743 4.
822 3694 892 3744 Π.
932 3694 1052 3745 Cor.
1094 3696 1139 3757 7,
1179 3698 1227 3745 9.
1266 3697 1347 3745 10.
1390 3698 1468 3757 12,
1504 3698 1587 3744 21.
1644 3710 1826 3745 verum
1877 3696 2036 3745 etiam
2081 3700 2259 3745 rectae
2305 3694 2427 3744 fidei
2481 3694 2886 3757 adversar-etun
2935 3698 3114 3742 temere

652 3782 984 3848 supponitur.
1021 3781 1421 3847 Respondemus
1458 3781 1590 3831 nihil
1624 3783 1678 3831 in
1716 3782 1960 3847 allegatis
1997 3782 2128 3832 locis
2166 3782 2400 3847 reperiri,
2437 3780 2582 3847 quod
2617 3786 2798 3831 rectae
2833 3780 2957 3830 fidei
2989 3778 3114 3827 Pau-

651 3868 810 3933 loque
846 3870 1089 3935 scriptori
1126 3869 1451 3932 adversetur,
1493 3868 1652 3919 modo
1686 3870 1786 3919 rite
1829 3868 2138 3936 explicetur.
2183 3869 2313 3918 Vult
2347 3884 2578 3933 namque
2613 3868 2844 3919 monitos
2876 3867 3115 3918 lectores:

650 3961 711 4005 ut
744 3958 799 4005 in
825 3962 1051 4023 accepta
1074 3956 1341 4022 Baptismi
1371 3958 1560 4022 gratia,
1598 3972 1738 4023 quae
1761 3958 2079 4023 praeteritas
2116 3956 2302 4022 culpas
2329 3971 2511 4006 omnes
2537 3956 2740 4017 abluat,
2772 3956 3116 4021 perseverent.

648 4044 769 4093 Hoc
805 4049 982 4094 autem
1021 4044 1261 4095 docendo
1308 4060 1416 4093 non
1464 4044 1690 4095 exclusit
1739 4044 1848 4094 alia
1900 4045 2252 4095 instrumenta
2299 4042 2656 4093 conferendae
2701 4044 2923 4108 gratiae,
2969 4044 3116 4103 atque

648 4146 755 4181 non
792 4132 1009 4197 negavit
1040 4132 1097 4180 in
1132 4146 1327 4198 genere
1363 4146 1508 4197 spem
1548 4132 1922 4197 poenitentiae,
1961 4147 2146 4181 verum
2181 4130 2328 4180 illam
2364 4134 2570 4179 tantum
2607 4144 2747 4195 quae
2783 4128 3037 4178 fundatur
3069 4125 3119 4171 in

650 4220 955 4283 receptione
1015 4218 1291 4284 baptismi=
1338 4218 1523 4268 eadem
1570 4220 1777 4269 ratione
1821 4219 2087 4284 baptisma
2130 4217 2412 4267 Ecclesiae
2458 4216 2683 4281 opponit
2728 4213 3120 4266 lustrationibus
3222 4234 3223 4277 3

648 4306 975 4356 Judaeorum
1027 4322 1123 4371 pro
1171 4305 1344 4356 lubitu
1400 4306 1621 4356 iteratis.
1672 4306 1772 4355 Est
1819 4310 1873 4355 et
1932 4305 2039 4355 alia
2091 4305 2370 4355 instantia:
2429 4306 2478 4353 4.
2527 4318 2637 4353 non
2685 4318 2804 4353 esse
2857 4301 2926 4377 S..
2955 4297 3120 4349 Paulo

649 4392 1017 4444 Hebraeorum
1035 4393 1339 4444 doctissimo
1366 4391 1772 4443 adscribendum
1799 4407 1948 4459 opus,
1975 4394 2028 4442 in
2053 4408 2158 4457 quo
2183 4392 2474 4457 incongrue
2499 4389 2764 4455 quaedam
2789 4389 2860 4439 ad
2875 4388 3116 4439 Messinm

652 4480 951 4530 referuntur
974 4483 1021 4541 2,
1048 4482 1093 4529 6.
1124 4496 1151 4529 e
1177 4481 1264 4531 Ps.
1290 4482 1339 4542 8,
1367 4482 1414 4529 5.
1460 4478 1565 4530 Sed
1590 4479 1694 4530 hoc
1718 4479 1978 4545 probandi
2003 4494 2171 4546 genus
2200 4478 2370 4529 Paulo
2394 4476 2655 4527 familiare
2681 4476 2824 4541 apud
2847 4475 3124 4525 Hebraeo·
3222 4504 3223 4537 2

648 4566 883 4616 validum
919 4582 1052 4630 esse,
1090 4568 1255 4618 visuri
1290 4583 1470 4618 sumus
1496 4569 1552 4617 in
1576 4583 1763 4617 comm.
1803 4566 1868 4617 de
1907 4567 1958 4617 S.
1985 4566 2038 4616 S.
2063 4568 2228 4631 eiusq.
2265 4567 2482 4631 interpr.
2517 4568 2566 4615 5.
2605 4564 2764 4625 Quod
2787 4563 2854 4613 ad
2881 4562 3114 4613 crimina·

652 4653 845 4701 tionem
867 4655 1069 4715 attinet,
1092 4655 1395 4719 scriptore-m
1418 4654 1581 4703 Hebr.
1598 4658 1648 4717 9,
1665 4658 1712 4704 2.
1738 4656 1918 4720 inepte
1939 4659 1993 4705 et
2012 4657 2198 4703 contra
2213 4654 2488 4702 veritatem
2507 4652 2636 4702 facti
2659 4652 2954 4717 scripsisse;
2979 4647 3114 4696 hanc
