3267 5259
592 421 722 488 454
1074 402 1083 409 ¹
1322 434 1436 477 nist.
1468 435 1576 477 nov.
1606 436 1695 478 siv.
1726 434 1893 477 Period.
1921 435 1977 477 11.
1998 447 2093 488 cap.
2120 435 2323 478 aiterum.

595 618 797 676 binas
826 616 1027 675 misit
1054 614 1349 689 literas,
1384 617 1552 677 brevi
1582 618 1860 694 temporis
1889 616 2205 678 intervallo
2234 617 2396 676 inter
2423 638 2486 676 se
2513 618 2836 677 disiunctas
2861 615 2898 676 ¹.
2930 618 3054 676 Post

594 726 737 782 haec
757 723 969 794 omnia,
1005 722 1059 779 d.
1084 722 1304 780 Paulus
1326 720 1545 782 Urbem
1567 742 1858 798 regressus
1879 728 1982 794 est,
2017 728 2088 781 ut
2117 742 2250 781 cum
2273 724 2331 781 d.
2355 724 2531 782 Petro
2547 720 2577 761 ²
2605 701 2868 782 afflictae
2897 723 3056 781 nimis

596 848 631 886 a
659 829 889 885 Nerone
918 826 1209 885 Ecclesiae
1238 833 1617 886 succurreret.
1653 828 1930 886 Videntes
1961 829 2208 903 gentiles
2237 834 2298 887 et
2323 829 2362 886 J
2362 829 2533 887 udaei
2579 831 2862 888 continua
2907 829 3056 905 prin-

596 934 791 1009 cipum
821 931 1233 1008 Apostolorum
1263 932 1694 1008 praedicatione
1737 932 2047 991 clarescere
2093 935 2156 991 in
2196 934 2320 991 dies
2359 933 2774 1009 Evangelium,
2815 934 3056 991 furorem

596 1038 831 1097 tandem
878 1038 1133 1095 Neronis
1180 1038 1457 1096 adversus
1502 1056 1593 1095 eos
1641 1037 1978 1095 excitarunt
1992 1034 2034 1095 3.
2081 1038 2177 1096 Ex
2226 1041 2555 1115 praecipuis
2599 1060 2746 1117 quos
2793 1038 3060 1115 supplicio

597 1144 795 1201 affecit
825 1142 1117 1219 principes
1148 1142 1561 1219 Apostolorum
1590 1141 1772 1219 fuere,
1818 1161 2068 1220 quorum
2111 1149 2360 1221 uterque
2409 1143 2730 1202 instantem
2775 1145 2890 1202 sibi
2919 1144 3060 1201 vitae

598 1248 825 1306 exitum
873 1246 1187 1323 praedixit.
1220 1247 1429 1305 Petrus
1460 1246 1695 1324 quidem
1727 1247 1798 1304 de
1825 1247 1986 1305 vitae
2015 1267 2151 1306 suae
2193 1247 2313 1305 fine
2363 1249 2685 1307 clarissime
2719 1249 2944 1307 locutus
2987 1254 3062 1305 est

599 1352 847 1412 secunda
886 1372 992 1410 sua
1029 1349 1272 1428 epistola
1289 1350 1334 1409 ⁴.
1385 1351 1443 1409 S.
1476 1351 1712 1423 Paulus,
1763 1350 1906 1410 alte
1917 1372 2018 1423 ra,
2069 1372 2243 1431 quam
2285 1372 2402 1411 non
2442 1354 2628 1412 multo
2673 1361 2817 1412 ante
2855 1356 3062 1413 obitum

598 1456 848 1533 scripsit,
898 1458 979 1514 ad
1025 1455 1458 1514 Timotheum
1500 1460 1644 1515 tunc
1673 1458 1986 1529 absent-em,
2020 1459 2283 1515 omnium
2313 1464 2604 1534 postrema
2641 1458 2894 1535 epistola
2910 1456 2952 1515 ⁵.
2995 1458 3062 1514 Et

600 1560 819 1620 Paulus
849 1562 1083 1640 quidem
1114 1580 1245 1619 cum
1276 1562 1519 1640 reliquis
1549 1562 1900 1621 Christianis
1929 1561 2123 1621 notior
2152 1568 2316 1634 essct,
2351 1563 2417 1621 in
2449 1583 2744 1622 carcerem
2792 1566 3064 1623 coniectus

602 1672 689 1725 est
717 1673 776 1724 et
804 1672 970 1725 arcta
1008 1667 1269 1725 custodia
1317 1669 1653 1737 tenebatur3
1698 1668 1784 1725 ita
1828 1673 1896 1726 ut
1939 1668 2332 1743 Onesiphorus
2379 1690 2455 1726 ex
2487 1672 2632 1727 Asia
2677 1670 2786 1728 ubi
2831 1670 3065 1727 multum

598 1770 920 1846 Evangelio
965 1771 1317 1830 inservierat
1352 1772 1599 1831 Romam
1647 1772 1957 1848 profect-us,
2009 1774 2246 1832 nonnisi
2287 1778 2594 1851 postquam
2623 1774 2880 1833 sollicite
2907 1793 3065 1853 quae-

600 1875 847 1947 sivisset,
894 1895 1026 1933 eum
1072 1876 1370 1935 invenerit
1390 1876 1433 1935 ss.
1480 1876 1530 1933 E
1574 1877 1832 1936 vinculis
1881 1878 1946 1934 in
1987 1877 2272 1935 iudicium
2325 1884 2566 1936 vocatus
2618 1881 2880 1954 primam
2928 1877 3066 1935 dixit

603 1978 929 2057 apologiam
950 1979 973 2019 7
1000 1980 1043 2039 i.
1076 2000 1125 2039 e.
1160 1981 1571 2059 defensionem,
1620 1982 1685 2039 in
1717 2001 1833 2060 qua
1875 1986 2045 2039 tanta
2091 1988 2218 2040 erat
2262 2002 2462 2041 rerum
2491 2002 2734 2041 suarum
2781 1984 3065 2058 angustia;

600 2091 672 2143 ut
699 2104 897 2142 omnes
926 2087 1029 2163 qui
1055 2086 1401 2162 Apostolum
1431 2088 1695 2145 amicitia
1725 2092 1783 2145 et
1805 2088 1996 2161 gratia
2021 2087 2223 2145 iuvare
2246 2093 2538 2163 poterant,
2566 2108 2700 2146 eum
2732 2088 3064 2153 desererent,

600 2194 660 2247 et
689 2208 855 2247 nemo
884 2189 1005 2247 fere
1033 2189 1126 2248 illi
1156 2191 1377 2250 adesset
1396 2190 1437 2249 3.
1486 2190 1770 2255 Quamvis
1799 2197 1992 2250 autem
2035 2193 2286 2251 Paulum
2324 2192 2754 2273 dereliquerint
2801 2193 3064 2261 homines,

813 2466 851 2533 ¹)
888 2466 1010 2517 Uno
1048 2466 1339 2532 eodemque
1375 2468 1534 2533 igitur
1568 2466 1696 2531 fere,
1733 2476 1969 2534 tempore
2007 2484 2111 2535 quo
2143 2469 2379 2534 gentium
2403 2457 2695 2535 Apostolus
2733 2472 2996 2522 Hebraeis
3026 2475 3072 2521 et

602 2556 971 2607 Hebraeorum
994 2554 1281 2621 Apostolus
1306 2556 1541 2621 gentium
1565 2554 1807 2605 ecclesiis
1833 2556 2060 2621 scripsit,
2086 2556 2219 2606 alter
2241 2555 2466 2606 alterum
2483 2558 2542 2607 in
2569 2556 2750 2608 officio
2771 2558 3070 2609 adiuvantes

604 2649 657 2693 et
690 2646 1064 2693 sustentantes.
1120 2640 1161 2706 ²)
1200 2641 1304 2703 Qui
1329 2642 1435 2691 iam
1470 2642 1547 2691 ibi
1584 2640 1786 2691 aderat.
1843 2640 1883 2707 ³)
1919 2642 2201 2693 Exstincto
2225 2647 2336 2693 tum
2358 2643 2466 2693 iam
2491 2643 2684 2708 Burro,
2707 2651 2775 2695 ut
2800 2651 2984 2696 auctor
3001 2648 3070 2695 est

603 2730 840 2793 Tacitus,
857 2728 1051 2779 Annal.
1066 2727 1208 2790 XIV,
1224 2729 1306 2777 51.
1322 2745 1372 2794 p.
1390 2730 1503 2778 115.
1521 2729 1568 2779 6.
1587 2728 1888 2794 praefectos
1909 2726 2042 2779 duos
2060 2731 2412 2795 praetorianis
2432 2732 2745 2781 cohortibus
2765 2734 3072 2798 imposuerat

602 2816 867 2867 Fannium
888 2815 1102 2877 Rufum,
1143 2830 1207 2864 ex
1242 2814 1389 2879 vulgi
1413 2814 1613 2877 favore,
1653 2817 1780 2881 quia
1815 2831 1925 2866 rem
1949 2816 2346 2867 frumentariam
2383 2818 2496 2867 sine
2533 2824 2768 2884 quaestu
2801 2818 3072 2879 tractabat3

606 2904 880 2955 Sofonium
916 2900 1253 2967 Tigellinum,
1290 2907 1523 2951 veterem
1560 2902 1945 2968 impudicitiam
1982 2908 2144 2969 atque
2180 2904 2450 2955 infamiam
2488 2906 2545 2955 in
2571 2922 2637 2955 eo
2663 2913 2918 2971 secutus;
2953 2920 3072 2971 quac

602 2990 681 3041 illi
717 3005 812 3056 pro
839 2990 1061 3054 cognitis
1098 2989 1332 3039 moribus
1368 2989 1533 3038 fuere.
1570 2988 1812 3040 Validior
1835 2990 2128 3056 Tigellinus
2162 2992 2219 3040 in
2255 2993 2432 3041 animo
2469 2994 2748 3059 principis,
2791 3010 2860 3045 ex
2898 2994 3072 3044 intimis

602 3077 912 3128 libidinibus
939 3081 1227 3127 assumtus:
1266 3090 1523 3142 prospera
1547 3076 1733 3142 populi
1759 3084 1812 3127 et
1835 3078 2057 3127 militum
2083 3079 2227 3128 fama
2249 3078 2434 3141 Rufus,
2460 3079 2606 3146 quod
2641 3081 2794 3146 apud
2829 3083 3070 3132 Neronem

608 3165 885 3215 adversum
934 3162 1320 3229 experiebatur.
1368 3163 1441 3212 Et
1477 3162 1545 3213 ad
1582 3180 1702 3213 eum
1749 3166 2112 3231 magistratum
2162 3166 2434 3216 criminum
2482 3168 2761 3233 inquisitio
2814 3170 3072 3236 spectabat

608 3258 661 3305 et
694 3251 888 3303 milites
940 3252 1149 3301 mittere
1195 3249 1263 3299 ad
1311 3249 1622 3316 plectendos
1669 3266 1806 3301 reos.
1859 3252 2003 3302 Nero
2057 3258 2401 3318 tyrannorum
2455 3255 2880 3307 immanissimus
2931 3262 3072 3305 exuta

608 3340 748 3390 omni
782 3338 1111 3388 humanitate
1146 3336 1451 3403 indutisque
1487 3338 1723 3388 moribus
1756 3337 2020 3400 belluinis,
2057 3344 2119 3389 ut
2153 3339 2411 3390 caedibus
2447 3340 2640 3391 afflixit
2675 3344 3070 3409 rempublicam3

606 3430 685 3477 ita
722 3431 774 3476 et
811 3424 1171 3475 crudelissime
1216 3425 1273 3474 in
1311 3438 1424 3475 eam
1463 3426 1673 3487 saeviit,
1721 3426 2028 3491 primusque
2067 3442 2130 3476 ex
2167 3428 2398 3477 romanis
2447 3428 2783 3494 principibus
2834 3431 2948 3491 fuit,
2995 3430 3070 3494 qui

608 3514 746 3564 ferro
785 3516 839 3563 et
882 3512 1005 3577 igne
1044 3510 1374 3561 Christianos
1411 3510 1671 3576 perderet.
1723 3510 1801 3561 Cf.
1834 3511 2095 3575 Tacitum,
2122 3513 2313 3563 Annal.
2339 3514 2454 3577 XV,
2480 3516 2564 3563 44.
2589 3532 2642 3581 p.
2673 3518 2793 3566 147.
2845 3516 3070 3567 Tertulli-

608 3615 788 3661 anum,
825 3597 1142 3665 apologetic.
1180 3612 1225 3647 c.
1252 3598 1300 3648 5.
1326 3614 1379 3663 p.
1407 3600 1490 3647 62.
1529 3598 1760 3648 Causam
1797 3599 2126 3650 crudelitatis
2163 3601 2544 3665 quaerentibus
2589 3603 2740 3653 urbis
2789 3604 3072 3653 incendium

610 3687 854 3749 occurrit,
894 3686 1035 3751 quod
1082 3686 1222 3735 Nero
1260 3685 1329 3735 ad
1366 3684 1740 3735 declinandum
1779 3688 1974 3737 civium
2020 3686 2199 3737 odium
2243 3688 2299 3737 in
2347 3686 2678 3739 ChrIstianos
2726 3693 2970 3741 coniecit.
3003 3688 3070 3739 Ad

610 3775 831 3841 gloriam
866 3774 1029 3838 igitur
1066 3771 1487 3823 Christianorum
1521 3772 1767 3837 pertinet,
1807 3772 1950 3839 quod
1997 3775 2170 3839 prima
2203 3790 2386 3825 eorum
2423 3777 2871 3843 atrocissimaque
2914 3792 3070 3844 perse-

610 3863 752 3912 cutio
790 3876 856 3911 ex
892 3861 1201 3910 innocentia
1235 3859 1393 3910 fuerit
1430 3864 1562 3910 orta.
1588 3860 1740 3923 *Reos
1779 3862 1918 3910 enim
1952 3861 2187 3911 incendii
2223 3863 2498 3913 substituit
2531 3863 2691 3925 Nero,
2730 3866 2826 3929 qui
2863 3866 2938 3916 rei
2979 3878 3070 3913 nou

611 3952 777 3999 erant.
815 3949 1070 3998 Testante
1106 3946 1161 3996 id
1198 3948 1370 4012 ipsum
1394 3947 1600 4010 Tacito,
1628 3946 1663 3996 l.
1690 3964 1731 3998 s.
1759 3964 1804 3997 e.
1843 3946 1883 4015 ⁴)
1919 3947 1991 3997 11.
2027 3952 2072 4011 1,
2100 3950 2181 3998 14.
2221 3949 2262 4011 ⁵)
2301 3948 2371 3999 Π.
2399 3951 2448 4012 4,
2476 3951 2524 3999 6.
2563 3948 2643 4000 Cf.
2669 3950 2926 4014 Pearson,
2963 3951 3070 4000 diss.

612 4036 677 4086 de
714 4036 1053 4085 successione
1098 4035 1383 4100 primorum
1428 4034 1629 4084 Romae
1678 4036 2049 4102 episcoporum
2088 4039 2135 4099 9,
2161 4037 2212 4086 8.
2236 4036 2408 4086 Lond.
2436 4038 2587 4087 1687.
2623 4054 2676 4103 p.
2704 4040 2790 4089 80.
2839 4039 3068 4103 Deyling,

613 4122 742 4173 Obs.
781 4120 833 4172 S.
866 4121 938 4183 ΙΙ,
965 4123 1049 4171 46.
1084 4138 1135 4187 p.
1162 4122 1279 4171 411.
1307 4139 1348 4171 s.
1398 4120 1439 4187 ⁸)
1475 4121 1546 4171 11.
1571 4121 1704 4171 Tim.
1735 4125 1781 4183 1,
1812 4123 1893 4172 1¹7.
1944 4122 1985 4187 7)
2019 4122 2089 4172 11.
2125 4124 2257 4175 Tim.
2283 4126 2333 4187 4,
2362 4125 2444 4174 16.
2495 4123 2536 4189 8)
2573 4124 2888 4191 Reliquerat
2919 4128 3068 4191 Apos-

610 4209 775 4261 tolum
812 4208 1027 4271 Demas,
1073 4209 1165 4273 qui
1211 4208 1265 4258 in
1320 4208 1482 4275 priori
1536 4207 1780 4258 custodia
1832 4208 1968 4259 fidus
2005 4209 2262 4275 Apostolo
2310 4226 2488 4262 comes
2539 4212 2656 4273 suit,
2706 4228 2774 4263 ne
2827 4214 2874 4263 si
2908 4220 3068 4278 partes

610 4296 753 4348 illius
801 4296 1094 4362 susciperet
1140 4296 1196 4345 in
1245 4294 1428 4345 eadem
1482 4295 1619 4345 foret
1672 4310 1852 4346 causa.
1915 4296 2127 4347 Marcus
2183 4312 2394 4363 quoque
2449 4299 2506 4348 in
2551 4298 2804 4349 secundis
2857 4298 3066 4349 vinculis

614 4384 815 4445 aberat,
852 4382 1079 4449 ideoque
1103 4381 1390 4447 Apostolus
1415 4382 1748 4433 Timotheum
1785 4388 1980 4445 monet,
2019 4389 2079 4433 ut
2111 4384 2350 4434 Marcum
2387 4400 2568 4436 secum
2603 4386 2827 4436 Romam
2865 4386 3066 4435 adserat.

612 4468 681 4519 11.
708 4470 841 4522 Tim.
872 4471 921 4531 4,
956 4472 1003 4519 9.
1043 4472 1124 4519 11.
1179 4469 1355 4519 Lucas
1394 4470 1606 4537 quidem
1656 4474 1710 4520 et
1743 4468 2110 4537 Onesiphorus
2147 4472 2324 4521 animo
2361 4472 2459 4523 toti
2495 4471 2667 4522 Paulo
2705 4472 3066 4529 adhaerebant,

616 4554 708 4606 sed
743 4554 1042 4606 Alexander
1078 4556 1293 4623 quidam
1330 4558 1566 4607 aerarius
1604 4557 1802 4623 captivi
1833 4556 2074 4623 Apostoli
2111 4572 2328 4609 causam
2357 4558 2500 4626 apud
2537 4558 2872 4611 adversarios
2907 4558 3066 4626 exagi-

613 4643 761 4707 tavit,
798 4646 1053 4711 tanquam
1088 4642 1315 4695 hominis
1352 4643 1606 4696 seditiosi.
1646 4644 1723 4695 Ib.
1749 4644 1799 4708 4,
1827 4646 1907 4695 14.
1938 4646 2016 4696 15.
