3267 5259
1083 458 1129 501 8.
1151 455 1275 502 Pauli
1304 456 1517 512 epistolae
1544 452 1680 501 Roma
1707 455 1850 502 datae.
2579 446 2710 513 445

225 634 505 720 scriptae
553 632 892 721 exemplar
935 644 1257 721 peterent,
1322 656 1470 700 cum
1526 634 1652 699 hac
1709 637 1960 700 ratione
2008 658 2158 699 suas
2202 634 2421 699 literas
2479 633 2710 698 melius

222 746 679 843 intelligerent.
714 747 917 813 Sicuti
950 770 1175 813 omnes
1200 748 1339 813 fere
1375 746 1690 834 epistolae
1725 746 1790 811 S.
1820 747 2025 831 Pauli,
2057 750 2146 812 ita
2179 770 2344 833 quae
2378 746 2463 811 ad
2488 746 2708 811 Colos-

224 882 449 925 senses
496 863 740 947 scripta
786 870 904 943 est,
952 860 1297 927 commode
1343 859 1645 925 bifariam
1693 860 2096 947 dispescitur,
2157 862 2224 925 in
2272 860 2707 925 didacticam¹

224 984 422 1059 atque
470 975 958 1061 paraeneticam
978 976 1023 1039 ².
1068 974 1293 1040 Posita
1335 974 1778 1060 inscriptione,
1825 996 1904 1038 ac
1951 972 2156 1038 salute
2214 971 2708 1038 Colossensibus

223 1085 420 1169 dicta,
469 1088 559 1151 ait
600 1088 959 1153 innotuisse
1006 1087 1128 1153 sibi
1172 1110 1292 1174 per
1321 1086 1723 1173 Epaphi-am,
1769 1095 2140 1172 susceptam
2171 1085 2256 1150 ab
2302 1088 2376 1150 iis
2410 1086 2710 1151 alacriter

224 1198 464 1265 Christi
510 1199 911 1285 religionem.
962 1200 1223 1267 Gratias
1268 1222 1465 1286 agere
1526 1200 1675 1266 Deo
1739 1210 2089 1286 perpetuas
2133 1197 2522 1284 Apostolum
2584 1219 2703 1285 pro

222 1312 349 1377 fide
408 1312 919 1398 Colossensium,
976 1316 1131 1379 item
1194 1315 1461 1379 caritate
1525 1336 1773 1395 eorum,
1838 1335 2032 1399 quam
2097 1322 2484 1377 exercerent
2552 1334 2708 1397 erga

222 1448 485 1511 omnes;
532 1426 885 1493 coelestem
942 1438 1295 1515 eapropter
1352 1428 1507 1514 ipsis
1575 1448 1842 1493 manere
1909 1426 2305 1491 felicitatem.
2374 1424 2706 1489 Traditam

222 1548 444 1603 autem
492 1538 577 1605 ab
622 1538 938 1627 Epaphra
982 1539 1347 1606 doctrinam
1406 1540 1696 1605 divinam
1753 1561 1928 1622 esse3
1985 1538 2134 1605 ideo
2197 1537 2374 1625 quod
2418 1562 2458 1602 a
2501 1538 2705 1603 Paulo

222 1662 287 1716 et
331 1651 477 1717 aliis
522 1654 591 1717 in
634 1674 998 1739 permagna
1038 1662 1139 1732 τῆς
1184 1655 1507 1732 οἰκουμένης
1563 1664 1751 1740 parte
1813 1650 2230 1739 promulgata
2273 1653 2372 1735 sit,
2421 1661 2486 1716 et
2532 1650 2709 1738 quod

218 1763 349 1828 illic
420 1767 668 1850 pariter
726 1776 925 1853 atque
994 1767 1165 1832 inter
1230 1766 1657 1832 Colossenses
1725 1766 1977 1829 fructus
2044 1764 2261 1829 tulerit
2327 1762 2705 1829 uberrimos

220 1876 533 1941 Testatur
580 1880 843 1965 cognita
885 1881 1177 1966 ipsorum
1220 1881 1287 1944 in
1334 1903 1403 1944 se
1448 1877 1931 1961 benevolentia,
1976 1901 2108 1943 non
2156 1899 2448 1942 cessasse
2487 1876 2706 1941 Deum

222 1993 539 2076 optimum
625 1994 945 2059 continuis
1024 1992 1203 2058 adire
1273 1992 1610 2081 precibus,
1683 2001 1758 2057 ut
1833 1991 2254 2057 Colossenses
2331 1989 2444 2055 tali
2519 1989 2705 2055 afflu-

220 2114 411 2168 enter
451 2106 731 2170 instruat
776 2108 1145 2192 cognitione
1194 2115 1260 2170 et
1306 2106 1646 2191 sapientia,
1711 2126 1904 2190 quam
1968 2114 2328 2190 sequuntur
2371 2105 2642 2169 virtutes
2661 2106 2704 2169 ³.

221 2216 489 2282 Gratias
534 2240 739 2303 agens
782 2219 952 2301 Dec,
1001 2242 1130 2306 quo
1178 2230 1446 2285 auctore
1494 2219 1652 2284 facti
1699 2221 1826 2283 sint
1869 2220 2221 2307 participes
2267 2219 2456 2283 sortis
2505 2215 2704 2281 Sanc-

220 2339 457 2413 torum,
506 2353 673 2417 quae
720 2334 843 2396 sita
889 2342 988 2397 est
1032 2334 1098 2397 in
1141 2332 1384 2398 lumine
1404 2336 1449 2416 ⁴,
1512 2356 1599 2397 sc.
1663 2332 1816 2398 fidei
1861 2334 1928 2396 in
1987 2332 2176 2397 terris
2238 2340 2303 2396 et
2347 2329 2594 2415 gloriae
2642 2332 2707 2394 in

220 2442 465 2526 coelis3
508 2446 873 2529 ingressum
918 2444 1039 2511 sibi
1085 2446 1245 2511 facit
1288 2446 1376 2510 ad
1420 2444 1506 2529 id,
1572 2444 1752 2532 quod
1809 2447 2073 2531 proprie
2139 2442 2416 2509 intendit
2469 2445 2535 2507 in
2581 2442 2705 2509 hac

218 2556 524 2642 epistola:
576 2580 909 2643 exponere
958 2567 1022 2622 et
1068 2558 1452 2623 confirmare
1518 2558 2058 2644 evangelicam
2121 2557 2212 2621 de
2260 2557 2343 2621 D.
2390 2558 2470 2621 N.
2518 2556 2579 2622 J.
2629 2556 2703 2622 C.

220 2668 644 2734 Salvatore
702 2669 1151 2736 doctrinam
1199 2670 1295 2736 ad
1352 2670 1938 2737 haereticorum
1986 2692 2295 2735 errores
2339 2668 2704 2734 refellen-

218 2781 375 2847 dos.
445 2783 883 2869 Magnifice
952 2784 1310 2870 disputat
1377 2783 1469 2849 de
1539 2782 2034 2850 excellentia
2101 2782 2400 2848 Christi
2467 2806 2707 2871 super

216 2895 599 2981 Angelos.
662 2896 816 2962 Nos
876 2920 1033 2962 non
1092 2920 1243 2984 per
1286 2897 1638 2983 Angelos
1699 2897 1835 2963 sed
1902 2920 2041 2984 per
2109 2896 2504 2963 Christum
2574 2900 2704 2984 qui

218 3020 339 3074 est
384 3012 645 3096 imago
692 3010 841 3075 Dei
888 3010 1355 3093 invisibilis,
1402 3012 2028 3098 primogenitus5
2087 3013 2342 3077 omnis
2405 3020 2703 3075 creatu-

216 3127 415 3205 τεοῦ,
450 3160 531 3169 —-
582 3135 965 3190 cunctorum
1011 3148 1274 3211 prorsus
1344 3136 1613 3191 creator·
1648 3128 1842 3191 etiam
1889 3125 2291 3211 angelorum,
2349 3124 2706 3189 Redemtor

218 3238 530 3321 omnium,
588 3239 781 3303 etiam
845 3238 1204 3324 gentilium,
1268 3249 1467 3326 caput
1531 3239 1893 3323 Ecclesiae,
1949 3241 2294 3325 primatum
2362 3249 2592 3303 tenens
2639 3241 2704 3302 in

217 3348 520 3414 omnibus
554 3390 631 3398 —
680 3351 850 3416 Deo
898 3350 1113 3417 Patri
1158 3352 1694 3417 reconciliari.
1740 3352 1910 3436 Deo,
1958 3353 2243 3438 inquam,
2291 3354 2401 3439 qui
2450 3362 2514 3417 et
2559 3375 2703 3417 san-

215 3464 415 3547 guine
452 3486 491 3527 a
524 3462 779 3529 Christo
824 3464 889 3528 in
944 3487 1138 3530 cruce
1188 3465 1414 3549 effus0,
1462 3487 1698 3553 pacem
1743 3466 2126 3530 instauravit
2170 3468 2337 3530 inter
2384 3487 2482 3547 ea,
2531 3487 2700 3552 quae

216 3594 415 3662 super
457 3588 699 3643 terram
747 3589 813 3643 et
858 3600 938 3643 ea
970 3601 1138 3664 quae
1184 3580 1249 3643 in
1298 3578 1496 3643 coelis
1526 3589 1677 3643 sunt
1697 3582 1738 3643 ⁷.
1788 3576 1975 3659 Quae
2007 3580 2071 3643 in
2114 3602 2358 3665 genere
2406 3579 2569 3643 dixit
2617 3578 2699 3644 de

218 3688 521 3753 omnibus
570 3692 635 3753 in
681 3692 899 3776 specie
946 3691 1235 3777 applicat
1280 3690 1365 3755 ad
1412 3690 1858 3774 ColossenseS,
1915 3714 2076 3777 quos
2120 3694 2363 3778 pariter
2411 3692 2702 3756 Christus

216 3800 376 3866 fecit
420 3804 671 3867 amicos
712 3804 873 3887 Dei3
935 3826 1067 3869 non
1127 3828 1249 3891 per
1303 3803 1593 3891 angelos,
1643 3803 1761 3869 sed
1804 3828 1924 3892 per
1968 3807 2410 3892 semetipsum,
2464 3827 2700 3890 nempe

218 3926 427 3981 morte
476 3938 674 4002 quam
706 3918 771 3981 in
806 3939 1081 4004 corpore
1116 3919 1329 3984 carnis
1359 3918 1650 4006 pertulit3
1687 3917 2040 3984 dummodo
2080 3920 2146 3981 in
2179 3916 2307 3984 fide
2340 3928 2407 3983 et
2437 3920 2704 3982 caritate

428 4122 465 4184 ¹)
514 4120 575 4170 C.
616 4122 663 4171 1.
706 4125 760 4170 et
804 4124 851 4170 2.
924 4120 969 4184 ²)
1008 4120 1066 4171 C.
1112 4123 1159 4171 3.
1206 4126 1259 4171 et
1298 4124 1348 4171 4.
1424 4122 1463 4187 ³)
1505 4126 1549 4183 1,
1598 4124 1782 4172 1—12.
1853 4124 1895 4184 ⁴)
1935 4122 1986 4171 J.
2033 4136 2078 4171 e.
2129 4121 2277 4172 clara
2323 4122 2428 4171 Dei
2473 4123 2700 4171 visione.

219 4208 261 4264 ⁵)
308 4202 632 4275 Πρωτότοκος
671 4209 728 4270 1,
777 4208 875 4270 16.,
926 4223 1035 4257 non
1074 4207 1205 4259 dicit
1252 4204 1611 4277 πρωτόκτιστος
1659 4211 1884 4274 primum
1933 4215 2160 4259 creatus.
2235 4208 2276 4273 ⁶)
2315 4210 2540 4260 Genitus
2576 4214 2702 4259 ante

216 4310 423 4358 omnes3
468 4295 629 4345 etiam
668 4300 793 4344 ante
830 4300 1065 4359 tempus,
1114 4296 1149 4345 i.
1190 4310 1234 4345 e.
1274 4296 1357 4347 ab.
1408 4302 1644 4349 aeterno.
1721 4296 1761 4361 ⁷)
1809 4298 1856 4359 1,
1899 4297 2118 4347 13—20.
2180 4297 2242 4347 L.
2281 4296 2332 4347 J.
2369 4297 2431 4347 A.
2469 4297 2702 4359 Ernesti,

218 4381 349 4431 diss.
388 4381 457 4431 de
494 4383 873 4432 coniunctione
910 4397 1083 4432 rerum
1120 4382 1435 4434 coelestium
1472 4390 1527 4433 et
1562 4384 1904 4445 terrestrium,
1943 4385 1999 4433 in
2037 4399 2218 4448 opusc.
2245 4383 2406 4434 theol.
2439 4400 2489 4449 p.
2515 4386 2632 4435 441.
2659 4401 2702 4434 s.

222 4470 289 4517 Δ.
325 4469 539 4530 Schott,
590 4469 796 4519 observ.
844 4469 915 4519 ad
950 4484 1089 4521 orac.
1136 4469 1297 4520 Pauli
1346 4470 1461 4521 Col.
1503 4475 1546 4534 1,
1588 4473 1808 4521 15—17.
1849 4471 1984 4521 Tub.
2025 4472 2174 4521 1769.
2233 4472 2285 4522 J.
2325 4472 2384 4522 F.
2421 4472 2703 4537 Raebigcr,

218 4555 283 4605 de
320 4556 693 4620 christologia
728 4556 957 4607 Paulina
991 4573 1043 4622 p.
1080 4558 1164 4609 51.
1204 4574 1245 4608 s.
1310 4556 1363 4608 S.
1402 4558 1676 4624 Hofmeyr‚
1714 4573 1859 4623 spec.
1899 4558 2074 4624 dogm.
2112 4574 2264 4625 exeg.
2301 4559 2368 4609 de
2403 4556 2704 4629 πρωτοτόκῳ

216 4642 271 4691 ἰιι
306 4660 387 4709 ep.
426 4644 497 4694 ad
526 4641 741 4694 Coloss.
768 4647 815 4708 1,
846 4646 1066 4695 15—20.
1095 4661 1277 4711 expos.
1316 4646 1457 4697 Trai.
1485 4647 1556 4697 ad
1578 4646 1682 4697 Rh.
1710 4647 1860 4697 1866.
1896 4662 1948 4711 p.
1975 4648 2041 4696 23
2066 4663 2110 4697 s.
2151 4648 2267 4697 113.
2293 4663 2336 4697 s.
