3267 5259
1124 438 1405 484 Ohronotuis
1430 440 1698 493 Apostoli-22.
2475 429 2651 483 XCIX

214 619 509 677 definiamus
538 623 787 697 tempus,
821 640 938 700 quo
980 642 1029 681 s.
1058 622 1095 679 J
1098 640 1311 681 oannes
1344 626 1463 679 tres
1492 622 1765 699 epistolas
1809 624 1953 681 item
1982 624 2402 701 Apocalypsim
2444 628 2648 699 edidit,

214 724 417 800 impedit
470 744 571 783 nos
620 726 883 785 defectus
936 726 1430 785 monimentorum
1489 728 1615 785 sive
1675 728 2163 786 testimoniorum.
2240 729 2452 808 Itaque
2503 751 2652 810 quae

214 829 547 902 probabiliter
586 830 701 889 hac
754 832 829 889 de
878 852 944 889 re
992 831 1108 889 dici
1156 838 1413 907 possunt,
1468 832 1671 908 paucis
1721 832 2115 891 subiiciemus.
2185 834 2352 893 Circa
2403 841 2654 895 aetatem

215 934 399 1006 primae
444 934 717 1009 epistolae
770 937 1067 1021 maximus
1120 941 1207 993 est
1257 938 1623 995 eruditorum
1684 938 1994 995 dissensus.
2073 940 2232 996 Ante
2283 940 2534 997 exilium
2590 941 2654 997 in

218 1036 423 1094 insulam
460 1038 783 1097 Pathmum
827 1040 1127 1115 scriptam,
1179 1040 1355 1116 plura
1392 1041 1640 1098 suadent
1670 1060 1868 1098 rerum
1899 1046 2212 1099 momenta.
2275 1062 2328 1101 a.
2363 1044 2655 1122 Loquitur

214 1160 249 1197 s.
272 1140 534 1199 Joannes¹
577 1145 652 1201 ad
695 1145 961 1215 lectores,
1010 1146 1113 1222 qui
1158 1147 1383 1217 vixere,
1433 1165 1567 1203 cum
1611 1146 1880 1221 Apostoli
1926 1146 2258 1221 praedicare
2304 1148 2652 1224 inciperent.

220 1246 263 1301 b.
306 1246 541 1322 Respicit
590 1268 821 1307 errores
874 1250 1087 1325 pseudo
1105 1250 1469 1320 -doctorum,
1533 1270 1784 1328 quorum
1835 1250 2060 1307 semina
2111 1250 2231 1308 iam
2284 1252 2348 1308 in
2399 1252 2658 1310 Ecclesia

218 1348 558 1423 pullulabant.
621 1373 671 1411 c.
724 1352 1041 1411 Probabile
1072 1359 1159 1411 est
1186 1374 1290 1429 per
1322 1351 1583 1429 ,ἐσχάτην
1629 1353 1796 1431 ὥρανί
1818 1350 1844 1391 ²
1875 1353 2131 1429 intelligi
2164 1355 2462 1413 excidium
2490 1357 2526 1414 J
2530 1377 2653 1415 ero-

214 1452 597 1528 solymitanum.
663 1456 803 1532 ,To-3
844 1454 1229 1534 ’πρεειτβυτέρουί
1276 1458 1506 1530 titulus,
1552 1478 1667 1535 quo
1704 1458 1741 1515 J
1745 1478 1960 1517 oannes
2004 1460 2066 1516 in
2112 1462 2363 1518 secunda
2392 1466 2452 1518 et
2480 1461 2658 1519 tertia

216 1558 415 1632 epistola
454 1581 511 1617 se
546 1562 894 1637 adpellavit,
943 1563 1185 1632 indicat,
1232 1563 1339 1619 has
1382 1562 1585 1621 literas
1628 1563 1802 1621 senili
1849 1568 2036 1621 aetate
2067 1569 2352 1635 exaratas,
2401 1568 2658 1623 maxime

218 1668 497 1736 propterea,
551 1668 711 1743 quod
758 1686 833 1725 ne
878 1687 1091 1725 nomen
1134 1668 1370 1744 quidem
1416 1687 1587 1725 suum
1639 1668 1974 1743 apposuerit
2016 1668 2413 1743 Evangelista.
2490 1670 2658 1728 Unde

212 1767 430 1843 sequitur
440 1770 729 1828 «Ioannem
752 1771 1145 1847 adpellatione
1166 1792 1257 1853 ,se
1272 1773 1339 1828 ni
1356 1772 1521 1829 oris‘
1548 1773 1878 1840 lectoribus,
1907 1771 1980 1829 ad
2004 1790 2146 1849 quos
2167 1774 2418 1848 scripsit,
2448 1780 2654 1832 notum

214 1870 382 1929 fuisse:
410 1880 576 1953 atque
606 1876 755 1933 adeo
788 1896 915 1933 eam
946 1880 1073 1933 tum
1106 1878 1286 1949 egisse
1318 1896 1363 1934 s.
1387 1878 1674 1934 Joannem
1708 1881 1975 1946 aetatem,
2011 1876 2103 1934 cui
2137 1877 2248 1948 ,τοῦ
2277 1875 2658 1955 πρεσβυτέρουι

213 1977 477 2051 adpellntio
537 1978 661 2035 κατ’
728 1973 932 2055 ἐξοχὴν
992 1986 1357 2055 competeret.
1446 1982 1609 2047 Duas
1669 1982 2015 2056 posteriores
2083 1982 2326 2039 interim
2387 1983 2659 2058 epistolas

214 2080 355 2154 paulo
392 2088 515 2157 post
558 2085 821 2160 primam
852 2074 927 2141 eb
958 2085 1235 2161 Apostolo
1272 2085 1518 2161 scriptas
1555 2086 1749 2153 fuisse,
1797 2105 1967 2142 nemo
2011 2085 2195 2155 facile,
2247 2090 2318 2143 ut
2360 2092 2656 2162 putemne,

212 2186 399 2245 inficias
440 2189 567 2247 ibit.
639 2188 805 2252 Quae
853 2189 961 2246 etsi
994 2189 1061 2247 in
1088 2192 1434 2248 universum
1478 2190 1636 2248 haud
1679 2192 1806 2247 sine
1836 2189 1964 2247 veri
2005 2188 2192 2264 specie
2237 2190 2351 2247 dici
2399 2194 2657 2265 possunt,

210 2294 371 2346 tamen
423 2294 491 2349 ad
549 2313 783 2352 annum
843 2298 1045 2353 exacte
1096 2295 1607 2353 determinandum
1669 2296 1938 2370 progredi
1995 2313 2110 2351 non
2165 2313 2484 2369 possumus.
2567 2296 2662 2352 Ad

212 2393 400 2451 exitum
428 2400 821 2455 monendum:
853 2399 938 2455 de
970 2398 1170 2456 nullo
1202 2398 1351 2456 alio
1380 2399 1453 2456 N.
1486 2398 1552 2457 T.
1586 2397 1780 2456 libro
1818 2399 2011 2455 forte
2053 2399 2242 2455 tanti
2273 2400 2658 2468 interesse3

214 2503 273 2554 ut
304 2506 471 2559 certo
508 2506 826 2572 constet,
870 2522 1001 2579 quo
1043 2508 1361 2578 tempore
1405 2502 1728 2578 scriptus
1767 2502 1894 2573 sit,
1945 2521 2021 2560 ac
2072 2503 2152 2558 de
2193 2502 2655 2580 Apocalypsi.

210 2601 283 2658 Ex
334 2604 497 2662 huius
555 2607 720 2663 enim
781 2608 1139 2683 quaestionis
1196 2607 1486 2665 solutione
1544 2606 1867 2664 multorum
1929 2607 2190 2681 capitum
2250 2606 2662 2681 interpretatio

210 2708 383 2779 pendet
402 2708 441 2766 ³.
522 2711 761 2768 Certius
813 2712 1102 2787 quoddam
1156 2717 1385 2787 tempus
1438 2713 1829 2787 reperiretur,
1886 2712 1937 2768 si
1991 2712 2229 2768 omnino
2282 2711 2352 2767 de
2406 2716 2662 2785 tempore

212 2809 348 2867 exilii
376 2812 790 2888 Evangelistae
821 2820 1140 2885 constaret3
1175 2821 1235 2874 et
1262 2817 1498 2894 quidem
1530 2818 1721 2891 primo
1763 2816 1841 2871 de
1883 2814 2200 2873 termino
2241 2836 2276 2872 a
2305 2834 2458 2892 quo,
2520 2814 2663 2872 Sen-

212 2916 365 2972 tentia
406 2918 735 2974 communis
788 2918 969 2975 habet
1011 2918 1323 2977 exilium
1368 2924 1437 2976 et
1484 2919 1834 2977 visionem
1888 2919 2465 2997 apocalypticam
2510 2918 2664 2977 divi

209 3014 471 3077 Joannis
502 3022 912 3096 contigisse
942 3024 1069 3079 sub
1100 3021 1578 3081 Domitiano-¹.
1642 3022 1731 3079 De
1763 3042 1920 3080 anno
1950 3022 2125 3080 huius
2156 3021 2324 3079 exilii
2357 3024 2665 3097 scriptores

210 3122 401 3193 probati
446 3124 653 3182 itidem
708 3146 831 3183 non
886 3126 1142 3183 multum
1194 3126 1507 3196 dissident3
1563 3128 1662 3184 sed
1713 3128 1787 3184 ad
1832 3126 2010 3183 finem
2063 3127 2390 3184 Domitiani
2444 3146 2665 3191 annum

210 3222 307 3281 fere
346 3227 524 3286 XCV.
559 3249 679 3287 aer.
720 3229 888 3305 vulg.
934 3250 1065 3287 eum
1114 3232 1380 3290 referunt
1405 3230 1448 3289 ⁵.
1520 3234 1680 3289 Mors
1729 3232 1785 3289 d.
1823 3231 2066 3289 Joannis
2110 3234 2284 3289 iuxta
2325 3252 2370 3287 s.
2404 3231 2663 3307 Epipha-

237 3399 564 3410 --————..——-—

212 3496 249 3529 a.
271 3484 327 3533 L'.
350 3485 405 3536 C.
428 3490 563 3550 823„
590 3502 640 3537 a.
669 3487 730 3537 C.
758 3488 822 3537 N.
851 3489 933 3537 70.
969 3490 1216 3554 periisse3
1255 3489 1453 3539 bellum
1490 3506 1616 3539 vero
1644 3489 1932 3539 Judaieum
1954 3495 2090 3540 teste
2118 3489 2304 3539 eodem
2341 3504 2560 3549 coaevo,
2600 3489 2665 3539 de

210 3569 311 3619 bell.
343 3572 427 3623 lv.
463 3577 511 3636 9,
554 3576 637 3624 12.
676 3580 733 3623 et
770 3577 853 3635 10,
893 3576 939 3623 1.
978 3591 1029 3639 p.
1068 3577 1185 3625 306.
1214 3577 1259 3624 7.
1296 3577 1524 3627 triennio
1563 3582 1850 3642 antequam
1886 3575 2131 3627 Vitellius
2169 3577 2448 3641 imperium
2485 3591 2668 3641 capes-

212 3656 325 3719 sivit,
358 3660 391 3709 i.
428 3676 471 3711 e.
508 3663 593 3711 66.
632 3678 688 3726 p.
726 3660 787 3711 O.
823 3662 1033 3710 initium
1070 3663 1292 3726 cepisse.

390 3747 425 3811 ¹)
452 3746 587 3797 Con.
612 3747 655 3797 1.
684 3750 733 3809 2,
764 3749 811 3795 7.
869 3746 908 3813 2)
936 3747 977 3797 Ι.
1015 3750 1065 3809 2,
1098 3749 1178 3798 18.
1216 3748 1336 3798 coll.
1363 3749 1433 3799 ib.
1460 3765 1511 3797 ν.
1537 3749 1586 3799 8.
1644 3748 1684 3815 ³)
1711 3750 2052 3815 Quantopere
2089 3754 2266 3799 autem
2300 3748 2400 3799 hac
2437 3749 2502 3798 de
2540 3766 2596 3799 re
2634 3765 2667 3799 a

214 3835 681 3885 commentatoribus
727 3834 1051 3899 disputetur,
1107 3840 1168 3885 ut
1211 3835 1338 3900 quid
1385 3836 1782 3885 enumeremus!
1843 3837 2010 3886 Nimis
2056 3836 2235 3902 ampla
2288 3841 2370 3885 est
2409 3851 2668 3885 annorum

214 3913 457 3982 distantia,
504 3923 565 3971 in
612 3936 725 3987 qua
768 3938 887 3971 sese
924 3922 1131 3987 agitant
1176 3926 1471 3987 temporum
1519 3923 1911 3985 aestimatores,
1962 3924 2030 3973 ab
2079 3922 2404 3987 Imperatore
2443 3921 2668 3971 Claudio

214 4018 387 4072 nempe,
408 4010 443 4059 i.
470 4026 515 4059 e.
544 4024 596 4058 a.
622 4010 727 4070 45„
754 4007 825 4057 ad
848 4008 1227 4073 Imperatorem
1252 4008 1585 4059 Hadrianum
1608 4026 1810 4075 usque3
1835 4011 1869 4059 i.
1897 4026 1942 4059 e.
1969 4026 2168 4059 annum
2193 4010 2304 4058 fere
2329 4011 2411 4058 96.
2439 4014 2492 4057 et
2515 4008 2668 4057 ultra.

214 4090 247 4151 ⁴)
276 4092 388 4143 Tres
422 4096 561 4145 enim
600 4102 915 4161 quatuorve,
954 4097 1045 4161 qui
1081 4096 1180 4146 sub
1206 4096 1421 4145 Nerone
1459 4112 1577 4145 esse
1616 4098 1786 4146 visam
1822 4097 2071 4160 clamant,
2101 4123 2164 4131 —-
2194 4112 2238 4145 e.
2267 4112 2311 4145 c.
2337 4094 2665 4157 Harduinus,

214 4174 537 4247 chronologia
582 4182 647 4231 V.
697 4182 759 4231 Τ.
809 4199 861 4247 p.
912 4184 1029 4231 636.
1086 4184 1289 4231 notorie
1337 4182 1419 4230 vir
1465 4183 1667 4247 ingenii
1716 4182 2030 4247 singularis,
2079 4182 2175 4232 sed
2230 4182 2426 4231 sentire
2481 4196 2666 4231 amans

214 4277 414 4318 seorsum
450 4269 519 4319 ab
560 4268 699 4330 aliis,
746 4268 799 4317 J.
840 4266 901 4317 G.
940 4267 1327 4330 Kerklierdere,
1365 4268 1680 4318 Monarchia
1715 4270 1916 4319 Romae
1953 4283 2214 4333 paganae.
2252 4268 2384 4315 Lov.
2427 4269 2575 4317 1727.
2619 4284 2669 4333 p.

216 4352 283 4429 19·-
314 4381 369 4391 —-·
404 4356 529 4421 quid
566 4355 646 4405 illi
683 4360 871 4405 contra
908 4359 1195 4405 torrentem
1231 4356 1542 4405 eximiorum
1581 4362 1816 4406 veterum
1855 4361 1910 4405 et
1944 4355 2298 4404 recentiorum
2335 4355 2670 4419 scriptorum,

216 4452 405 4500 quorum
451 4444 643 4492 seriem
676 4442 843 4491 tradit
876 4443 1117 4492 Joannes
1154 4442 1343 4505 Haius,
1394 4442 1505 4492 sive
1543 4442 1609 4491 de
1647 4442 1700 4491 la
1735 4443 1891 4507 Haye
1929 4442 1981 4492 S.
2018 4442 2088 4503 J„
2136 4446 2426 4506 apparat-us
2463 4442 2670 4507 Evang.

218 4523 363 4577 Duaci
386 4530 533 4580 1611.
558 4546 610 4595 p.
638 4532 758 4581 245.
816 4527 857 4595 ⁵)
890 4528 977 4578 Ita
1012 4544 1054 4579 s.
1074 4529 1348 4589 heuneus,
1387 4528 1508 4578 adv.
1534 4528 1678 4579 haer.
1703 4530 1768 4577 V.
1795 4531 1878 4591 30,
1905 4532 1954 4578 3.
1980 4545 2031 4594 p.
2057 4530 2176 4578 803.
2203 4528 2358 4579 dicit:
2400 4528 2671 4591 „Scientcs

218 4616 435 4674 quoniam
479 4617 523 4665 si
572 4621 842 4682 oporteret
892 4616 1165 4666 manifeste
1218 4617 1486 4681 praesenti
1532 4622 1768 4681 tempore
1805 4618 2120 4683 praeconari
2157 4632 2350 4666 nomen
2388 4618 2528 4678 eius,
2577 4629 2672 4680 per

2294 4702 2360 4767 git·
