3267 5259
554 370 727 423 XCIV
1163 426 1173 435 ,
1387 388 1631 439 Apparatus
1663 385 1877 427 Histoi-ico
1897 410 1946 417 —
1961 384 2213 427 chronicus.

558 570 704 626 tiam
750 586 983 642 cogens,
1034 568 1211 645 inque
1264 566 1577 643 discipulos
1619 567 1918 639 obtinens,
1967 586 2043 625 ex
2073 567 2400 625 abundanti
2431 567 2770 624 hominibus
2799 564 3063 643 reliquis

556 674 1020 747 congrederetur.
1084 673 1229 730 Cum
1272 676 1468 729 autem
1514 671 1638 729 illic
1677 672 1986 747 reperisset
2013 672 2256 729 Petrum
2301 672 2365 728 in
2399 672 2556 729 idem
2585 670 2778 728 studio
2811 669 3060 728 incum-

556 779 791 836 bentem
831 796 1002 853 opus,
1050 796 1387 854 sacramque
1434 794 1502 833 ac
1546 775 1814 835 divinam
1859 776 2154 854 quandam
2199 777 2396 849 bigam
2442 774 2747 851 copulans,
2797 794 2898 832 eos
2949 776 3060 853 qui

555 888 726 940 erant
754 883 862 939 sub
893 881 1037 955 lege,
1072 881 1135 937 in
1166 880 1480 958 synagogis
1511 881 1770 950 docebat,
1804 880 2053 953 gentiles
2084 883 2146 937 in
2179 880 2323 937 foris
2355 879 2709 952 lucrabatur,
2743 898 2812 937 ac
2843 880 3059 937 varius

556 986 792 1063 quidam
838 986 1122 1042 bonorum
1164 986 1365 1042 doctor
1394 990 1543 1054 erat,
1598 1004 1804 1059 puram
1837 984 1948 1041 Dei
1979 985 2377 1061 sinceramque
2407 983 2711 1041 scientiam
2742 983 3058 1040 declarans

554 1089 792 1147 moralis
833 1089 1077 1147 virtutis
1120 1094 1416 1147 accuratas
1458 1089 1691 1163 regulas
1731 1087 2025 1158 sanciens,
2075 1088 2312 1145 choreas
2343 1106 2411 1145 ac
2439 1107 2668 1145 omnem
2699 1088 3058 1145 ebrietatem

555 1213 898 1271 omnemque
945 1192 1248 1251 luxuriam
1291 1212 1357 1251 ac
1402 1198 1635 1267 turpem
1681 1192 2076 1268 voluptatem,
2123 1194 2215 1250 eui
2265 1192 2520 1249 maxime
2551 1210 2682 1249 cum
2713 1191 2882 1267 plebs
2913 1191 3057 1248 uni-

556 1318 742 1370 versa,
776 1302 903 1355 tum
931 1297 981 1354 is
1004 1296 1107 1375 qui
1134 1316 1329 1355 rerum
1354 1298 1706 1373 potiebatur,
1741 1298 1922 1355 dediti
1956 1302 2142 1367 erant,
2177 1298 2250 1354 ab
2281 1298 2542 1353 humana
2571 1295 2774 1371 procul
2807 1316 3058 1354 consue-

558 1404 761 1459 tudine.
812 1401 1120 1477 depellens.
1184 1401 1463 1460 Graviter
1504 1402 1721 1479 qnippe
1753 1402 2044 1457 Neronem
2075 1400 2431 1475 pemtrinxit
2460 1400 2712 1475 optimae
2743 1404 3058 1477 castaeque

556 1507 665 1564 illa
689 1506 1145 1564 conversationis
1171 1505 1511 1577 insinuatio,
1546 1507 1751 1563 maiori
1779 1526 1814 1563 a
1837 1505 2186 1563 labefactata
2207 1505 2508 1580 voluptate
2531 1504 2806 1562 affectum
2831 1504 3054 1572 dolore,

556 1630 733 1687 quam
785 1609 832 1667 si
890 1609 1135 1685 imperio
1188 1611 1313 1685 ipso
1369 1610 1570 1685 pulsus
1623 1614 1788 1666 esset.
1851 1609 2090 1667 Etenim
2139 1616 2268 1667 erat
2313 1614 2382 1667 ut
2425 1608 2576 1665 alius
2627 1608 2758 1685 quis
2811 1608 3058 1666 subtilis

558 1714 932 1789 voluptatum
992 1712 1267 1771 inventor
1315 1718 1489 1791 atque
1534 1714 1784 1784 artifex,
1833 1713 2056 1771 deliciis
2085 1718 2320 1789 captus,
2372 1732 2438 1769 ac
2471 1713 2748 1770 tibiarum
2779 1732 2841 1768 se
2871 1718 3058 1769 cantu

558 1836 854 1876 recreans:
910 1820 1188 1891 ignavuS,
1240 1817 1548 1895 mollisque
1580 1837 1648 1875 ac
1678 1816 2083 1888 effeminatus3
2131 1822 2454 1875 scortorum
2485 1836 2739 1892 praeses,
2787 1836 2909 1873 non
2943 1836 3055 1873 rex

556 1923 840 1981 virorum.
918 1922 1049 1984 Qua
1096 1921 1254 1979 enim
1300 1924 1526 1981 ratione
1579 1922 1832 1979 aliorum
1879 1922 2307 1993 dominaretur,
2363 1924 2467 1999 qui
2520 1940 2592 1978 ne
2648 1920 2760 1977 sibi
2809 1920 3057 1998 quidem

556 2028 848 2103 imperare
896 2026 1102 2084 sciret?
1164 2028 1231 2083 Id
1288 2046 1471 2085 unum
1526 2029 1770 2085 curabat
1821 2046 1888 2085 ac
1939 2026 2222 2084 sollicitus
2275 2028 2512 2100 agebat,
2567 2031 2632 2082 ut
2689 2026 2930 2101 pietatis
2985 2044 3058 2081 ac

560 2132 847 2190 castitatis
872 2132 1159 2189 doctorem
1184 2152 1257 2188 ex
1283 2133 1426 2188 urbe
1451 2132 1832 2189 exscinderet.
1869 2134 1955 2189 Ac
1977 2151 2118 2189 vero
2141 2130 2391 2189 Herodis
2413 2128 2738 2188 aemulatus
2760 2130 3053 2197 animum,

562 2234 869 2311 Apostolos
926 2236 990 2291 in
1040 2256 1327 2293 care-erem
1360 2237 1561 2305 tradit,
1598 2237 1684 2294 uti
1721 2236 1822 2293 ille
1852 2237 2166 2307 Joannem,
2219 2236 2552 2312 habensque
2581 2232 2828 2291 alterius
2857 2234 3057 2290 instar

560 2340 912 2397 Herodiadis
954 2339 1312 2415 impudicam
1350 2358 1418 2397 ac
1450 2340 1664 2397 Veneri
1709 2342 2104 2415 mancipatam
2137 2340 2530 2410 voluntatem,
2580 2338 2741 2395 Petri
2775 2357 2843 2395 ac
2872 2336 3050 2395 Pauli

557 2450 929 2522 quaerentem
983 2450 1150 2519 caput
1172 2489 1185 2515 ,
1242 2445 1533 2521 martyrio
1580 2446 1778 2502 ambos
1823 2448 2155 2514 coronavit,
2212 2443 2464 2501 alterum
2511 2443 2746 2520 quidem
2801 2442 3056 2515 affigens

560 2548 740 2622 lignO,
774 2548 945 2606 Pauli
979 2568 1119 2607 vcro
1150 2550 1433 2607 cervicem
1466 2549 1827 2620 abscindenS,
1873 2549 2155 2627 nobisque
2187 2568 2252 2606 ac
2283 2548 2558 2605 universo
2589 2548 2806 2605 mundo
2836 2547 3053 2604 festam

561 2652 751 2709 lucem
800 2660 973 2730 atque
1018 2660 1367 2711 conventum
1386 2700 1399 2725 ,
1454 2674 1520 2711 ac
1564 2658 1764 2711 tantae
1793 2658 2206 2727 argumentum
2253 2652 2664 2723 solemnitatis,
2711 2655 3055 2708 sanctorum

562 2756 884 2831 passionem
918 2756 1297 2834 relinquenS.‘
1344 2757 1880 2815 Theodoretus¹
1930 2758 1999 2814 de.
2029 2758 2173 2814 Sede
2213 2758 2476 2815 Romana
2508 2760 2784 2814 testatur:
2831 2756 3048 2825 ,Habet

565 2866 863 2935 praeterea
916 2862 1313 2918 communium
1368 2868 1605 2937 patrum
1660 2862 2187 2939 magistrorumque
2233 2862 2504 2920 veritatis
2550 2862 2709 2918 Petri
2765 2866 2826 2917 et
2871 2860 3052 2917 Pauli

557 2963 881 3038 sepulchra,
931 2962 1197 3020 fidelium
1246 2967 1469 3022 animas
1518 2966 1965 3024 illuminantia‘.
2043 2967 2101 3023 S.
2137 2967 2422 3023 Isidoro
2470 2961 2714 3040 Ηὶειρ.2
2757 2964 3052 3021 referente

557 3088 602 3125 s.
620 3068 832 3125 Petrus
864 3068 1064 3139 ,Sexto
1088 3072 1147 3125 et
1171 3070 1461 3127 tricesimo
1492 3088 1647 3128 anno
1677 3076 1807 3146 post
1837 3070 2160 3145 passionem
2193 3070 2450 3141 Domini,
2485 3090 2520 3127 a
2543 3070 2773 3127 Nerone
2803 3068 3052 3126 Caesare

558 3172 621 3229 in
644 3172 789 3229 urbe
812 3172 997 3230 Roma
1018 3172 1303 3245 deorsum,
1332 3180 1399 3231 ut
1422 3175 1543 3249 ipse.
1564 3174 1772 3245 voluit,
1801 3174 2118 3231 crucifixus
2142 3178 2270 3231 est!
2302 3173 2522 3231 Paulus
2537 3172 2577 3245 ³,
2611 3175 2684 3231 ad
2707 3173 2990 3231 ultimum
3017 3192 3052 3229 a

558 3276 790 3333 Nerone
840 3276 1034 3351 gladio
1080 3278 1341 3335 caeditur
1372 3296 1437 3335 eo
1469 3279 1562 3335 dic
1592 3297 1707 3356 quo
1737 3283 1796 3336 ct
1827 3279 2034 3335 Petrus
2081 3278 2398 3335 crucifixus
2445 3281 2570 3335 est‘.
2631 3278 2690 3334 S.
2725 3278 3050 3335 Gauden-

558 3381 704 3438 tius
734 3380 853 3437 Bri
871 3378 1170 3437 xianus⁴
1202 3382 1451 3459 denique
1475 3388 1737 3457 perorat:
1773 3384 1907 3454 ,Per
1929 3382 2105 3439 huius
2131 3382 2394 3457 magist-ri
2422 3381 2674 3455 vestigia
2693 3382 3053 3455 gradiuntur

560 3482 757 3541 fideles
806 3484 1078 3559 discipuli
1133 3486 1345 3543 Petrus
1390 3493 1449 3544 et
1494 3486 1741 3558 Paulus,
1798 3506 2047 3563 quorum
2095 3487 2377 3562 passionis
2421 3485 2678 3544 natalem
2722 3486 2894 3543 hodic
2945 3504 3052 3560 per

562 3588 906 3645 universum
954 3590 1239 3647 mundum
1269 3609 1467 3647 omnes
1514 3590 1801 3646 Ecclesiae
1847 3591 2270 3648 concelebrant.
2335 3591 2410 3647 In
2439 3592 2549 3647 hoc
2577 3592 2736 3647 enim
2765 3589 2860 3646 die
2891 3590 3048 3665 apud

560 3691 763 3747 urbem
796 3692 1041 3749 Romam
1072 3694 1270 3751 ambos
1302 3714 1407 3769 pro
1438 3694 1659 3752 Christi
1692 3696 1926 3751 nomine
1959 3696 2210 3751 Neronis
2239 3692 2552 3752 crudelitas
2583 3694 2923 3765 interfecit!

769 3796 978 3873 Itaque
1008 3816 1141 3854 cum
1170 3798 1341 3873 plane
1372 3802 1598 3856 constet
1626 3818 1672 3856 a.
1698 3819 1742 3855 s.
1769 3798 2010 3855 Petrum
2041 3805 2099 3855 et
2129 3798 2376 3855 Paulum
2414 3799 2520 3856 sub
2552 3798 2784 3855 Nerone
2813 3798 3046 3865 obiisse,

558 3919 663 3973 age
709 3919 822 3978 quo
862 3903 1015 3957 annd
1052 3902 1111 3958 id
1154 3903 1433 3960 acciderit
1468 3904 1790 3959 videamus
1853 3901 2106 3963 Quidam
2147 3903 2455 3977 scriptores
2505 3922 2658 3960 anno
2697 3908 2796 3959 Ae.
2833 3901 2904 3959 V.
2949 3905 3046 3957 74.

557 4005 817 4078 illigant3
866 4005 968 4063 alii
1004 4011 1103 4063 65.
1153 4012 1408 4081 ponunt,
1460 4007 1712 4084 denique
1757 4008 1950 4081 plures
1995 4006 2340 4080 Chronologi
2389 4006 2458 4063 ad
2506 4026 2560 4063 a.
2598 4010 2698 4064 66.
2747 4005 3046 4075 referunt,

558 4108 908 4184 interprctoe
954 4110 1191 4167 tandem
1236 4111 1394 4168 haud
1438 4110 1606 4185 pauci
1657 4113 1732 4167 A.
1787 4114 1886 4167 67.
1931 4112 2160 4167 malunt
2178 4108 2220 4167 ⁵.
2283 4110 2364 4167 Et
2405 4129 2543 4167 sane
2579 4109 2631 4166 si
2679 4110 2822 4186 quid
2855 4110 2920 4167 in
2953 4110 3048 4166 his

772 4297 809 4361 ¹)
848 4298 949 4361 Ep.
980 4299 1093 4347 113.
1119 4297 1292 4346 Leoni
1327 4298 1429 4362 Ep.
1468 4298 1617 4347 Rom.
1645 4297 1736 4359 IV,
1767 4299 1915 4347 1188.
1978 4296 2020 4360 ²)
2058 4300 2141 4347 Dc
2187 4304 2306 4347 ortu
2343 4304 2398 4347 et
2433 4298 2580 4347 obitu
2619 4299 2836 4348 Patrum
2877 4314 2923 4347 e.
2963 4300 3046 4348 68.

564 4384 677 4431 117.
716 4384 775 4443 V,
817 4385 930 4432 149.
988 4384 1028 4448 ³)
1066 4383 1146 4432 Ib.
1184 4386 1267 4447 69,
1304 4386 1419 4433 123.
1464 4400 1514 4449 p.
1554 4387 1669 4434 150.
1725 4384 1765 4448 ⁴)
1803 4387 1838 4448 †
1870 4386 1987 4433 412.
2024 4383 2190 4433 Serm.
2235 4384 2299 4433 de
2341 4384 2498 4434 Petro
2546 4390 2600 4434 et.
2643 4383 2812 4434 Paulo
2851 4384 2952 4433 Ed.
2987 4385 3048 4433 P.

561 4468 812 4519 Galeas-di
848 4470 1037 4519 PataV.
1066 4472 1215 4521 1720.
1240 4488 1292 4536 p.
1318 4472 1436 4520 235.
1484 4472 1524 4535 ⁶)
1554 4470 1689 4521 Sunt
1723 4476 1899 4521 autem
1937 4477 2247 4535 sequentes:
2287 4470 2652 4536 Gregorius
2691 4470 3048 4521 cortesius

558 4554 879 4628 Mutinensis
904 4554 957 4603 S.
984 4556 1046 4604 R.
1076 4556 1140 4604 Ε.
1168 4556 1251 4605 Pr.
1280 4556 1453 4618 card„
1480 4561 1618 4607 tract
1643 4557 1763 4607 adv.
1789 4573 1908 4622 neg.
1935 4558 1997 4606 B.
2023 4558 2236 4607 Petrum
2261 4557 2361 4623 Ap.
2386 4556 2550 4607 sitisse
2586 4558 2806 4621 Romae,
2843 4558 2928 4607 ed.
2963 4574 3048 4623 ep.
