3267 5259
1181 448 1361 493 rmn-
1387 446 1571 493 nomm.
2495 434 2618 504 195

199 630 438 701 Joeobum,
467 630 561 689 sed
590 630 969 705 magnificum
999 630 1149 688 illud
1179 630 1437 704 elogium
1468 630 1696 687 addidit
1710 629 1952 699 fratrem
1981 632 2222 701 Domini,
2267 649 2449 708 usque
2478 632 2619 689 adeo

198 736 311 793 liber
346 740 457 793 erat
488 736 561 793 ab
590 737 750 793 omni
797 734 1001 794 livore.
1062 735 1301 792 Etenim
1346 736 1395 791 si
1444 738 1680 792 tantum
1723 735 1982 793 indicare
2028 733 2308 794 voluisset
2352 754 2503 806 eum,
2547 736 2618 792 de

200 858 283 917 quo
316 838 641 917 loqueretur,
689 844 917 916 poterat
961 838 1081 897 alia
1109 844 1249 897 nota
1278 838 1590 909 declarare,
1624 841 1675 895 si
1705 840 1967 911 dixisset,
1999 838 2036 895 J
2038 840 2280 897 acobum
2311 838 2615 916 cleophae,

198 944 311 1019 quod
336 962 628 1017 cognomen
658 945 857 1019 posuit
892 943 1315 1018 Evangelista.‘
1376 944 1483 1018 Op.
1515 940 1597 1013 X,
1636 946 1780 1000 678.
1834 944 2022 1001 Favet
2049 944 2228 1001 etiam
2264 943 2404 1001 huic
2432 944 2616 1002 inter-

200 1048 450 1121 pretationi
478 1067 722 1122 magnus
752 1048 1168 1124 Hieronymus,
1216 1047 1287 1103 de
1316 1048 1463 1105 viris
1497 1047 1830 1106 illustribus
1859 1066 1908 1105 c.
1945 1054 2002 1105 2.
2047 1049 2307 1106 scribens
2350 1048 2618 1119 ‚Jacobus

195 1152 269 1227 qui
292 1152 587 1227 appellatur
614 1154 803 1210 frater
830 1151 1104 1221 Domini,
1146 1154 1527 1225 cognomento
1554 1150 1593 1207 J
1593 1156 1760 1209 ustus
1778 1196 1792 1223 ,
1831 1156 1902 1209 ut
1931 1151 2203 1209 nonnulli
2243 1152 2609 1223 existimant,

196 1254 359 1330 loseph
383 1274 451 1313 ex
470 1256 587 1315 alia
613 1276 818 1327 uxore,
844 1261 915 1315 ut
942 1254 1093 1313 mihi
1124 1261 1321 1313 autem
1349 1256 1605 1327 videtur,
1632 1255 1856 1313 Mariae
1885 1256 2096 1313 sororis
2118 1254 2330 1313 Matris
2353 1256 2613 1327 Domini,

196 1360 321 1417 cuius
340 1359 572 1418 Joaunes
600 1361 669 1419 in
701 1359 855 1419 libro
876 1378 981 1417 suo
1010 1360 1323 1417 meminit.‘
1368 1359 1895 1417 Ed.Bibliotheeae
1926 1360 2063 1417 eccl.
2089 1360 2364 1418 Fabricii.
2398 1360 2614 1417 Hamb.

198 1466 339 1521 1718.
360 1484 409 1540 p.
436 1468 530 1522 23.
582 1464 747 1523 Hinc
775 1466 955 1522 etiam
984 1462 1395 1535 Theodoretus,
1428 1464 1676 1539 interpr.
1703 1483 1793 1541 ep.
1819 1465 1910 1521 ad.
1937 1463 2068 1521 Gal.
2100 1469 2154 1534 1,
2188 1470 2286 1522 18.
2319 1462 2613 1521 affirmat:

197 1565 483 1633 ,Vocabatur
520 1569 760 1646 quidem
804 1568 989 1625 frater
1032 1568 1306 1639 Domini,
1354 1569 1453 1625 sed
1497 1587 1614 1626 non
1661 1574 1789 1627 erat
1839 1573 2072 1627 natura.
2150 1568 2274 1625 Nec
2316 1587 2456 1626 vero
2499 1568 2620 1625 fuit

192 1666 376 1745 Josephi
402 1670 549 1729 filius
565 1716 579 1743 ,
630 1675 704 1729 ut
746 1672 985 1749 quidam
1015 1672 1463 1743 existimarunt,
1513 1692 1589 1730 ex
1634 1674 1818 1748 priori
1863 1673 2239 1730 matrimonio
2269 1678 2468 1743 natus,
2517 1673 2616 1729 sed

194 1772 419 1849 Cleophae
442 1774 597 1833 filius
625 1782 759 1834 erat
785 1776 1027 1833 Domini
1058 1776 1465 1846 consobrinus;
1496 1775 1589 1832 τοῦ
1620 1772 1684 1831 δὲ
1712 1772 1894 1852 κυρίου
1925 1772 2183 1849 ἀνεψιόςέ
2227 1776 2350 1833 III.
2376 1796 2428 1846 a,
2467 1780 2612 1835 366.

196 1876 433 1936 Hactenus
459 1880 525 1937 de
554 1900 599 1937 s.
622 1879 660 1937 J
663 1880 863 1938 acobo.
926 1880 1163 1937 Fratres
1198 1881 1353 1958 quod
1398 1884 1621 1955 spectat
1660 1879 1946 1957 reliquos:
1992 1879 2029 1936 J
2043 1898 2154 1936 ose
2166 1880 2255 1955 ph
2292 1882 2396 1957 qui
2442 1881 2618 1938 dictis

195 1978 299 2035 locis
315 1988 685 2056 enumeratur,
712 1984 871 2041 idem
892 1983 1107 2042 Matth.
1130 1988 1229 2054 27,
1252 1988 1354 2041 56.
1387 1988 1447 2041 et
1474 1984 1657 2042 Marc.
1683 1988 1779 2055 15,
1806 1988 1906 2041 50.
1939 1984 2158 2041 dicitur
2188 2002 2320 2041 cum
2353 1985 2614 2059 praefato

193 2082 357 2143 Jaeoho
378 2084 527 2145 filius
555 2089 801 2159 Mariae,
834 2106 983 2165 quae
1012 2088 1133 2145 fuit
1160 2106 1321 2146 soror
1350 2088 1417 2145 B.
1434 2089 1517 2146 M.
1538 2088 1629 2159 V.,
1659 2092 1834 2166 atque
1861 2107 1984 2145 una
2011 2107 2088 2145 ex
2117 2087 2239 2145 illis
2269 2088 2617 2147 mulieribus

194 2204 303 2263 quae
325 2192 699 2268 sequebantur
720 2192 1042 2249 Dominum
1073 2210 1109 2249 a
1136 2191 1308 2265 longe
1337 2192 1684 2267 aspicientes
1713 2191 1750 2247 J
1751 2211 1912 2249 esum
1943 2191 2311 2250 crucifixum.
2359 2192 2616 2251 Tandem

192 2289 341 2362 Judss,
362 2296 455 2371 qui
475 2314 548 2352 ex
576 2299 835 2373 quatuor
856 2294 1141 2353 fratribus
1169 2298 1471 2353 recensitis
1492 2316 1646 2353 unus
1669 2301 1780 2365 est;
1813 2300 1873 2353 et
1894 2295 2099 2353 Simon
2116 2328 2200 2337 —
2215 2296 2338 2355 sive
2359 2296 2612 2369 Simeon,

194 2394 309 2452 idem
332 2398 471 2456 enim
499 2420 719 2458 nomen
748 2404 836 2457 est
862 2405 1195 2476 utrumque,
1228 2399 1381 2457 illud
1412 2420 1515 2475 per
1544 2402 1732 2475 κρᾶσιν
1762 2401 2014 2474 figuram
2044 2402 2264 2474 graecis
2303 2401 2616 2459 usitatissi-

192 2516 309 2556 mam
350 2505 734 2562 enunciatum.
768 2536 853 2545 -——
884 2524 920 2562 a
964 2503 1002 2561 J
1004 2504 1119 2561 uda
1170 2502 1475 2561 Thaddaeo
1528 2508 1586 2561 et
1636 2502 1872 2562 Simone
1925 2504 2272 2562 chananaeo
2325 2504 2620 2580 Apostolis

192 2604 377 2664 omnino
414 2607 813 2683 distinguendi
858 2612 1015 2665 sunt.
1077 2607 1307 2665 Horum
1353 2612 1577 2683 patrem
1618 2607 1934 2683 cleopham
1950 2653 1964 2679 ,
2013 2626 2258 2685 eumque
2301 2628 2347 2664 s.
2381 2607 2418 2663 J
2419 2608 2618 2683 osephi

190 2714 338 2779 sponsi
363 2710 639 2787 Deiparae
668 2712 916 2770 fratrem
944 2711 1125 2769 fuisse
1156 2730 1187 2767 c
1218 2711 1567 2770 testimoniis
1589 2711 1872 2769 Veterum
1901 2712 2212 2788 probatum
2241 2713 2359 2769 ivit
2379 2710 2616 2769 Bollan-

186 2808 279 2881 dus,
300 2814 361 2870 ad
388 2820 475 2873 18.
506 2816 841 2886 Februarii,
863 2817 933 2872 de
954 2836 1000 2873 a.
1018 2815 1285 2873 Simeone
1308 2835 1397 2890 ep.
1422 2815 1652 2873 Hieros.
1670 2815 1738 2873 in
1759 2818 1829 2873 A.
1850 2815 1908 2873 S.
1926 2815 1984 2872 S.
2002 2814 2070 2873 Τ.
2096 2814 2218 2886 ΙΠ,
2242 2818 2343 2873 54.
2363 2836 2378 2885 ;
2411 2820 2616 2873 aucto-

188 2932 279 2970 rem
297 2916 531 2993 allegans
548 2940 625 2978 ex
640 2920 898 2979 Eusebio
916 2919 1333 2995 Hegesippum,
1355 2921 1459 2997 qui
1478 2919 1557 2976 H.
1575 2920 1646 2976 Ε.
1671 2919 1794 2990 ΙΙΙ,
1817 2923 1918 2977 20.
1939 2920 2136 2994 prodit
2155 2923 2409 2995 ,nepotes
2431 2919 2468 2976 J
2469 2920 2617 2977 udae

188 3016 327 3091 illius,
354 3025 448 3100 qui
474 3025 799 3081 secundum
828 3042 1063 3081 carnem
1092 3023 1276 3081 frater
1305 3022 1524 3081 Christi
1556 3024 1893 3081 vocabatur‘
1925 3024 1998 3081 ad
2031 3022 2272 3081 Traiani
2301 3025 2618 3099 imperium

186 3124 475 3196 superfuisse
494 3172 507 3197 ,
557 3132 693 3203 post
736 3128 1141 3185 testimonium
1184 3128 1336 3205 quod
1366 3128 1475 3185 sub
1505 3127 1846 3185 Domitiano
1875 3126 2094 3185 Christi
2133 3127 2268 3184 fidei
2311 3128 2614 3185 dederunt.

186 3242 225 3297 p.
251 3232 335 3285 90.
386 3230 561 3289 Porro
600 3232 863 3290 eiusdem
904 3230 1205 3307 scriptoris
1242 3232 1670 3288 monimentum
1700 3230 1902 3288 laudat
1931 3230 2231 3303 Eusebius,
2273 3230 2352 3289 H.
2385 3232 2455 3289 E.
2490 3231 2612 3301 III,

189 3332 261 3384 11.
280 3349 329 3405 p.
360 3338 451 3391 89.
496 3336 565 3393 in
609 3336 757 3393 haec
799 3335 1013 3393 verba:
1076 3334 1307 3405 ,Omnes
1348 3336 1549 3413 itaque
1594 3354 1713 3394 uno
1757 3353 2037 3393 consensu
2065 3334 2394 3393 Simeonem
2423 3335 2614 3393 filium

182 3428 430 3509 Cleophae,
474 3438 642 3497 illius
674 3438 840 3497 cuius
870 3440 935 3495 in
964 3437 1307 3512 Evangeliis
1335 3438 1407 3496 fit
1443 3438 1681 3508 mentio,
1731 3438 2042 3514 episcopali
2066 3472 2150 3481 —
2173 3439 2611 3515 Hierosolyma-

182 3552 281 3593 fflm
302 3570 369 3581 -
388 3543 512 3599 sede
542 3544 795 3618 dignum
824 3544 1253 3602 iudicaverunt.
1315 3543 1586 3601 Creditur
1615 3547 1812 3601 autem
1849 3542 2084 3601 Simeon
2110 3575 2194 3584 —
2217 3563 2392 3621 quem
2421 3543 2614 3618 Hege-

180 3642 335 3715 ⁵‘imme
378 3651 434 3704 et
474 3648 767 3705 Eusebius
824 3647 1096 3705 undecim
1157 3650 1327 3705 aunis
1378 3646 1609 3705 Christo
1671 3652 1814 3705 natu
1868 3650 2147 3706 maiorem
2205 3650 2498 3705 testantur
2529 3680 2614 3689 —-

184 3746 409 3815 patruelis
452 3751 632 3809 fuisse
679 3751 1021 3810 Salvatoris.
1082 3752 1237 3810 Nam
1278 3750 1593 3827 Cleopham
1639 3751 1882 3810 fratrem
1926 3770 2044 3808 esse
2085 3750 2124 3807 J
2124 3751 2323 3828 osephi
2367 3756 2618 3809 testatur

180 3844 297 3905 idem
322 3851 719 3932 Hegesippus.‘
780 3853 949 3913 Unde
978 3854 1119 3913 hinc
1148 3854 1435 3929 eolligunt
1463 3854 1777 3931 cleopham
1817 3856 1959 3912 duas
1989 3855 2224 3913 duxisse
2271 3874 2508 3925 uxores,
2555 3862 2616 3911 et

182 3952 377 4021 {nimam
430 3960 671 4036 quidem
730 3977 1112 4035 anonymam,
1168 3978 1243 4016 ex
1301 3977 1419 4036 qua
1476 3960 1683 4033 genuit
1732 3958 2061 4016 Simeonem
2119 3957 2157 4015 J
2157 3958 2614 4035 erosolymorum

182 4056 451 4134 episcopum
480 4068 539 4120 et
568 4063 607 4120 J
608 4063 806 4134 udam,
838 4063 1151 4121 canonicae
1180 4066 1357 4121 unius
1384 4062 1662 4139 epistolae
1689 4064 2048 4137 scriptorem,
2093 4062 2196 4139 qui
2225 4081 2284 4119 se
2314 4062 2615 4138 praefatur

180 4152 281 4215 Jfflu
316 4161 371 4219 Ο.
412 4186 649 4225 servum
666 4210 679 4237 ,
728 4166 973 4224 fratrem
1017 4165 1219 4225 Jacobi
1258 4186 1335 4225 sc.
1377 4166 1766 4243 adelphothei.
1835 4167 1930 4223 Ex
1976 4165 2162 4223 altera
2212 4184 2350 4223 vero
2400 4166 2610 4237 Maria,

182 4256 411 4336 Deiparae
452 4290 484 4325 e
528 4276 851 4329 matertera
892 4288 1086 4328 sorore
1104 4314 1117 4340 ,
1166 4271 1209 4327 i.
1242 4290 1290 4328 e.
1325 4271 1695 4342 consobrina,
1746 4270 1946 4328 tulisse
1990 4269 2202 4327 liberos
2231 4268 2510 4326 Jacobum
2555 4274 2616 4327 et

179 4358 470 4441 Jmephum3
520 4370 993 4447 ἀντονομαστικῶς
1038 4393 1175 4450 prae
1219 4374 1354 4433 aliis
1398 4395 1473 4432 ex
1517 4375 1716 4433 eodem
1761 4380 1924 4449 patre
1968 4372 2184 4447 genitis
2229 4374 2612 4443 adelpkotheos

180 4464 345 4539 dicto&
386 4476 563 4555 idque
592 4478 833 4553 speciali
862 4477 1061 4555 aliquo
1092 4478 1239 4550 iure,
1276 4479 1426 4557 quod
1456 4479 1786 4554 acceperint
1815 4497 1851 4535 a
1881 4479 2072 4535 Matre
2103 4477 2424 4552 Deiparae,
2461 4497 2519 4535 u.
2550 4497 2616 4536 v.

176 4576 481 4639 consobrina.
543 4581 633 4639 Cf.
666 4580 736 4640 G.
770 4581 1132 4640 Henschenii
1152 4627 1167 4653 ,
1215 4582 1285 4640 de
1328 4602 1374 4639 s.
1404 4582 1599 4640 Maria
1633 4581 1938 4657 cleophae,
1980 4582 2053 4639 ad
2083 4582 2242 4639 diem
2274 4586 2332 4639 9.
2364 4580 2611 4656 Aprilis.

2203 4683 2302 4730 13*
