<?xml version="1.0" encoding="UTF-8"?>
<!DOCTYPE html PUBLIC "-//W3C//DTD XHTML 1.0 Transitional//EN"
    "http://www.w3.org/TR/xhtml1/DTD/xhtml1-transitional.dtd">
<html xmlns="http://www.w3.org/1999/xhtml" xml:lang="en" lang="en">
 <head>
  <title>
</title>
<meta http-equiv="Content-Type" content="text/html;charset=utf-8" />
  <meta name='ocr-system' content='tesseract 3.04.00' />
  <meta name='ocr-capabilities' content='ocr_page ocr_carea ocr_par ocr_line ocrx_word'/>
</head>
<body>
  <div class='ocr_page' id='page_1' title='image "./historiarevelat00unkngoog_0103.png"; bbox 0 0 3267 5259; ppageno 0'>
   <div class='ocr_carea' id='block_1_1' title="bbox 1115 434 2707 513">
    <p class='ocr_par' dir='ltr' id='par_1_1' title="bbox 1115 434 2707 513">
     <span class='ocr_line' id='line_1_1' title="bbox 1115 434 2707 513; baseline -0.004 -24"><span class='ocrx_word' id='word_1_1' title='bbox 1115 446 1398 489; x_wconf 68' lang='lat' dir='ltr'>chronotaxis</span> <span class='ocrx_word' id='word_1_2' title='bbox 1427 449 1691 499; x_wconf 74' lang='lat' dir='ltr'>Apostoliea.</span> <span class='ocrx_word' id='word_1_3' title='bbox 2352 434 2653 483; x_wconf 83' lang='lat' dir='ltr'>LXXXVII</span> <span class='ocrx_word' id='word_1_4' title='bbox 2696 507 2707 513; x_wconf 42' lang='lat'>—</span> 
     </span>
    </p>
   </div>
   <div class='ocr_carea' id='block_1_2' title="bbox 175 628 2654 1020">
    <p class='ocr_par' dir='ltr' id='par_1_2' title="bbox 175 628 2654 1020">
     <span class='ocr_line' id='line_1_2' title="bbox 177 628 2653 707; baseline -0.001 -20"><span class='ocrx_word' id='word_1_5' title='bbox 177 631 456 706; x_wconf 74' lang='lat' dir='ltr'><strong>Philippis</strong></span> <span class='ocrx_word' id='word_1_6' title='bbox 497 631 833 707; x_wconf 85' lang='lat' dir='ltr'>profectum</span> <span class='ocrx_word' id='word_1_7' title='bbox 869 630 1127 707; x_wconf 88' lang='lat' dir='ltr'>quinque</span> <span class='ocrx_word' id='word_1_8' title='bbox 1171 628 1400 685; x_wconf 88' lang='lat' dir='ltr'>dierum</span> <span class='ocrx_word' id='word_1_9' title='bbox 1445 630 1660 686; x_wconf 89' lang='lat' dir='ltr'>itinere</span> <span class='ocrx_word' id='word_1_10' title='bbox 1706 629 1989 686; x_wconf 87' lang='lat' dir='ltr'>Troadem</span> <span class='ocrx_word' id='word_1_11' title='bbox 2033 628 2276 700; x_wconf 81' lang='lat' dir='ltr'>venisse,</span> <span class='ocrx_word' id='word_1_12' title='bbox 2317 629 2519 707; x_wconf 86' lang='lat' dir='ltr'>ibique</span> <span class='ocrx_word' id='word_1_13' title='bbox 2550 648 2653 705; x_wconf 88' lang='lat' dir='ltr'>per</span> 
     </span>
     <span class='ocr_line' id='line_1_3' title="bbox 175 732 2654 810; baseline 0 -19"><span class='ocrx_word' id='word_1_14' title='bbox 175 740 423 810; x_wconf 83' lang='lat' dir='ltr'>septem</span> <span class='ocrx_word' id='word_1_15' title='bbox 455 734 614 791; x_wconf 89' lang='lat' dir='ltr'>dies</span> <span class='ocrx_word' id='word_1_16' title='bbox 645 735 924 791; x_wconf 87' lang='lat' dir='ltr'>mansisse</span> <span class='ocrx_word' id='word_1_17' title='bbox 954 733 1320 809; x_wconf 75' lang='lat' dir='ltr'><strong>Apostolum.</strong></span> <span class='ocrx_word' id='word_1_18' title='bbox 1367 732 1589 790; x_wconf 78' lang='lat' dir='ltr'>Troade</span> <span class='ocrx_word' id='word_1_19' title='bbox 1619 732 1841 790; x_wconf 85' lang='lat' dir='ltr'>Paulus</span> <span class='ocrx_word' id='word_1_20' title='bbox 1864 752 1997 790; x_wconf 89' lang='lat' dir='ltr'>cum</span> <span class='ocrx_word' id='word_1_21' title='bbox 2026 732 2195 790; x_wconf 88' lang='lat' dir='ltr'>sociis</span> <span class='ocrx_word' id='word_1_22' title='bbox 2218 734 2377 789; x_wconf 87' lang='lat' dir='ltr'>inter</span> <span class='ocrx_word' id='word_1_23' title='bbox 2402 738 2654 810; x_wconf 84' lang='lat' dir='ltr'>quatuor</span> 
     </span>
     <span class='ocr_line' id='line_1_4' title="bbox 177 822 2652 913; baseline -0.001 -18"><span class='ocrx_word' id='word_1_24' title='bbox 177 840 286 896; x_wconf 87' lang='lat' dir='ltr'>dies</span> <span class='ocrx_word' id='word_1_25' title='bbox 315 822 562 913; x_wconf 74' lang='lat' dir='ltr'>pertigit</span> <span class='ocrx_word' id='word_1_26' title='bbox 591 836 944 907; x_wconf 82' lang='lat' dir='ltr'>Miletum¹;</span> <span class='ocrx_word' id='word_1_27' title='bbox 988 838 1092 895; x_wconf 89' lang='lat' dir='ltr'>ubi</span> <span class='ocrx_word' id='word_1_28' title='bbox 1139 844 1294 895; x_wconf 87' lang='lat' dir='ltr'>certe</span> <span class='ocrx_word' id='word_1_29' title='bbox 1338 837 1636 896; x_wconf 86' lang='lat' dir='ltr'>biduum</span> <span class='ocrx_word' id='word_1_30' title='bbox 1682 838 1804 911; x_wconf 88' lang='lat' dir='ltr'>egit</span> <span class='ocrx_word' id='word_1_31' title='bbox 1822 834 1867 893; x_wconf 75' lang='lat'>2.</span> <span class='ocrx_word' id='word_1_32' title='bbox 1928 836 2133 895; x_wconf 84' lang='lat' dir='ltr'>Mileto</span> <span class='ocrx_word' id='word_1_33' title='bbox 2164 837 2369 895; x_wconf 86' lang='lat' dir='ltr'>relicta</span> <span class='ocrx_word' id='word_1_34' title='bbox 2408 836 2652 895; x_wconf 88' lang='lat' dir='ltr'>triduo</span> 
     </span>
     <span class='ocr_line' id='line_1_5' title="bbox 177 939 2653 1020; baseline -0.001 -21"><span class='ocrx_word' id='word_1_35' title='bbox 177 944 454 1013; x_wconf 75' lang='lat' dir='ltr'>Pataram,</span> <span class='ocrx_word' id='word_1_36' title='bbox 497 943 650 1001; x_wconf 85' lang='lat' dir='ltr'>hinc</span> <span class='ocrx_word' id='word_1_37' title='bbox 679 942 880 1001; x_wconf 89' lang='lat' dir='ltr'>diebus</span> <span class='ocrx_word' id='word_1_38' title='bbox 921 962 1058 1000; x_wconf 90' lang='lat' dir='ltr'>non</span> <span class='ocrx_word' id='word_1_39' title='bbox 1096 945 1330 1000; x_wconf 89' lang='lat' dir='ltr'>miuus</span> <span class='ocrx_word' id='word_1_40' title='bbox 1367 944 1689 1020; x_wconf 89' lang='lat' dir='ltr'>quinque</span> <span class='ocrx_word' id='word_1_41' title='bbox 1720 941 1945 1019; x_wconf 84' lang='lat' dir='ltr'>Tyrum</span> <span class='ocrx_word' id='word_1_42' title='bbox 1980 942 2287 1016; x_wconf 85' lang='lat' dir='ltr'>navigavit</span> <span class='ocrx_word' id='word_1_43' title='bbox 2306 939 2348 998; x_wconf 82' lang='lat'>3.</span> <span class='ocrx_word' id='word_1_44' title='bbox 2410 940 2653 998; x_wconf 79' lang='lat' dir='ltr'><strong>Exactis</strong></span> 
     </span>
    </p>
   </div>
   <div class='ocr_carea' id='block_1_3' title="bbox 177 1044 2771 1125">
    <p class='ocr_par' dir='ltr' id='par_1_3' title="bbox 177 1044 2771 1125">
     <span class='ocr_line' id='line_1_6' title="bbox 177 1044 2771 1125; baseline 0 -22"><span class='ocrx_word' id='word_1_45' title='bbox 177 1048 304 1123; x_wconf 76' lang='lat' dir='ltr'>Tyri</span> <span class='ocrx_word' id='word_1_46' title='bbox 335 1052 604 1122; x_wconf 83' lang='lat' dir='ltr'>septem</span> <span class='ocrx_word' id='word_1_47' title='bbox 637 1048 838 1105; x_wconf 87' lang='lat' dir='ltr'>diebus</span> <span class='ocrx_word' id='word_1_48' title='bbox 869 1046 1290 1105; x_wconf 84' lang='lat' dir='ltr'>Ptolemaidem</span> <span class='ocrx_word' id='word_1_49' title='bbox 1315 1047 1632 1122; x_wconf 73' lang='lat' dir='ltr'>Apostolus</span> <span class='ocrx_word' id='word_1_50' title='bbox 1662 1052 1721 1104; x_wconf 89' lang='lat' dir='ltr'>et</span> <span class='ocrx_word' id='word_1_51' title='bbox 1750 1048 1882 1105; x_wconf 82' lang='lat' dir='ltr'>viae</span> <span class='ocrx_word' id='word_1_52' title='bbox 1913 1048 2151 1105; x_wconf 87' lang='lat' dir='ltr'>comites</span> <span class='ocrx_word' id='word_1_53' title='bbox 2181 1046 2333 1103; x_wconf 83' lang='lat' dir='ltr'>vecti</span> <span class='ocrx_word' id='word_1_54' title='bbox 2356 1044 2397 1117; x_wconf 74' lang='lat'>⁴,</span> <span class='ocrx_word' id='word_1_55' title='bbox 2434 1066 2650 1103; x_wconf 90' lang='lat' dir='ltr'>unum</span> <span class='ocrx_word' id='word_1_56' title='bbox 2748 1116 2771 1125; x_wconf 56' lang='lat'>-</span> 
     </span>
    </p>
   </div>
   <div class='ocr_carea' id='block_1_4' title="bbox 173 1150 2652 2795">
    <p class='ocr_par' dir='ltr' id='par_1_4' title="bbox 177 1150 2652 1438">
     <span class='ocr_line' id='line_1_7' title="bbox 177 1150 2648 1229; baseline -0.001 -19"><span class='ocrx_word' id='word_1_57' title='bbox 177 1152 344 1210; x_wconf 88' lang='lat' dir='ltr'>diem</span> <span class='ocrx_word' id='word_1_58' title='bbox 393 1172 532 1211; x_wconf 89' lang='lat' dir='ltr'>cum</span> <span class='ocrx_word' id='word_1_59' title='bbox 585 1152 876 1211; x_wconf 83' lang='lat' dir='ltr'>fratribus</span> <span class='ocrx_word' id='word_1_60' title='bbox 921 1152 1144 1210; x_wconf 85' lang='lat' dir='ltr'>versati</span> <span class='ocrx_word' id='word_1_61' title='bbox 1194 1158 1352 1210; x_wconf 87' lang='lat' dir='ltr'>sunt.</span> <span class='ocrx_word' id='word_1_62' title='bbox 1414 1152 1526 1209; x_wconf 91' lang='lat' dir='ltr'>Die</span> <span class='ocrx_word' id='word_1_63' title='bbox 1578 1154 1909 1229; x_wconf 81' lang='lat' dir='ltr'>sequenti</span> <span class='ocrx_word' id='word_1_64' title='bbox 1966 1152 2305 1209; x_wconf 80' lang='lat' dir='ltr'>Caesaream</span> <span class='ocrx_word' id='word_1_65' title='bbox 2356 1150 2648 1220; x_wconf 83' lang='lat' dir='ltr'>adierunt,</span> 
     </span>
     <span class='ocr_line' id='line_1_8' title="bbox 179 1254 2652 1334; baseline -0.001 -21"><span class='ocrx_word' id='word_1_66' title='bbox 179 1257 254 1313; x_wconf 82' lang='lat' dir='ltr'>ibi</span> <span class='ocrx_word' id='word_1_67' title='bbox 295 1262 646 1315; x_wconf 83' lang='lat' dir='ltr'>manserunt</span> <span class='ocrx_word' id='word_1_68' title='bbox 699 1277 804 1333; x_wconf 88' lang='lat' dir='ltr'>per</span> <span class='ocrx_word' id='word_1_69' title='bbox 849 1257 972 1314; x_wconf 88' lang='lat' dir='ltr'>dies</span> <span class='ocrx_word' id='word_1_70' title='bbox 1025 1256 1250 1334; x_wconf 82' lang='lat' dir='ltr'>aliquot</span> <span class='ocrx_word' id='word_1_71' title='bbox 1271 1254 1326 1328; x_wconf 83' lang='lat'>⁵,</span> <span class='ocrx_word' id='word_1_72' title='bbox 1391 1276 1508 1315; x_wconf 90' lang='lat' dir='ltr'>non</span> <span class='ocrx_word' id='word_1_73' title='bbox 1560 1256 1861 1331; x_wconf 79' lang='lat' dir='ltr'>pauciores</span> <span class='ocrx_word' id='word_1_74' title='bbox 1913 1275 2087 1333; x_wconf 86' lang='lat' dir='ltr'>quam</span> <span class='ocrx_word' id='word_1_75' title='bbox 2142 1262 2309 1314; x_wconf 82' lang='lat' dir='ltr'>tres.</span> <span class='ocrx_word' id='word_1_76' title='bbox 2376 1254 2652 1313; x_wconf 85' lang='lat' dir='ltr'>Caesarea</span> 
     </span>
     <span class='ocr_line' id='line_1_9' title="bbox 177 1358 2124 1438; baseline 0.001 -21"><span class='ocrx_word' id='word_1_77' title='bbox 177 1360 374 1418; x_wconf 88' lang='lat' dir='ltr'>biduo</span> <span class='ocrx_word' id='word_1_78' title='bbox 417 1362 592 1419; x_wconf 74' lang='lat' dir='ltr'>venit</span> <span class='ocrx_word' id='word_1_79' title='bbox 641 1362 678 1420; x_wconf 89' lang='lat' dir='ltr'><strong>J</strong></span> <span class='ocrx_word' id='word_1_80' title='bbox 682 1362 1034 1438; x_wconf 85' lang='lat' dir='ltr'>erosolymas</span> <span class='ocrx_word' id='word_1_81' title='bbox 1063 1381 1196 1419; x_wconf 85' lang='lat' dir='ltr'>cum</span> <span class='ocrx_word' id='word_1_82' title='bbox 1227 1360 1484 1419; x_wconf 76' lang='lat' dir='ltr'>collectis</span> <span class='ocrx_word' id='word_1_83' title='bbox 1513 1366 1651 1419; x_wconf 90' lang='lat' dir='ltr'>ante</span> <span class='ocrx_word' id='word_1_84' title='bbox 1680 1361 2063 1418; x_wconf 82' lang='lat' dir='ltr'>Pentecosten</span> <span class='ocrx_word' id='word_1_85' title='bbox 2082 1358 2124 1418; x_wconf 68' lang='grc'><strong>6.</strong></span> 
     </span>
    </p>

    <p class='ocr_par' dir='ltr' id='par_1_5' title="bbox 173 1466 2650 2795">
     <span class='ocr_line' id='line_1_10' title="bbox 365 1466 2648 1537; baseline 0 -19"><span class='ocrx_word' id='word_1_86' title='bbox 365 1470 464 1522; x_wconf 83' lang='grc'>54.</span> <span class='ocrx_word' id='word_1_87' title='bbox 532 1467 888 1521; x_wconf 73' lang='lat' dir='ltr'>Vinctalorum</span> <span class='ocrx_word' id='word_1_88' title='bbox 943 1466 1375 1537; x_wconf 81' lang='lat' dir='ltr'>Solymaeorum,</span> <span class='ocrx_word' id='word_1_89' title='bbox 1446 1466 1889 1521; x_wconf 67' lang='lat' dir='ltr'>Gaesaremsium</span> <span class='ocrx_word' id='word_1_90' title='bbox 1948 1472 2109 1535; x_wconf 77' lang='lat' dir='ltr'>atque</span> <span class='ocrx_word' id='word_1_91' title='bbox 2154 1466 2523 1519; x_wconf 76' lang='lat' dir='ltr'>Romanorum</span> <span class='ocrx_word' id='word_1_92' title='bbox 2570 1483 2648 1519; x_wconf 73' lang='lat' dir='ltr'>se-</span> 
     </span>
     <span class='ocr_line' id='line_1_11' title="bbox 177 1569 2650 1647; baseline 0.002 -26"><span class='ocrx_word' id='word_1_93' title='bbox 177 1572 272 1623; x_wconf 69' lang='lat' dir='ltr'>ries</span> <span class='ocrx_word' id='word_1_94' title='bbox 313 1570 715 1643; x_wconf 74' lang='lat' dir='ltr'>chronoloqica.</span> <span class='ocrx_word' id='word_1_95' title='bbox 779 1570 1018 1642; x_wconf 86' lang='lat' dir='ltr'>Rerum,</span> <span class='ocrx_word' id='word_1_96' title='bbox 1067 1590 1210 1647; x_wconf 85' lang='lat' dir='ltr'>quas</span> <span class='ocrx_word' id='word_1_97' title='bbox 1247 1592 1294 1628; x_wconf 89' lang='lat' dir='ltr'>s.</span> <span class='ocrx_word' id='word_1_98' title='bbox 1326 1570 1514 1628; x_wconf 87' lang='lat' dir='ltr'>Lucas</span> <span class='ocrx_word' id='word_1_99' title='bbox 1545 1570 1683 1627; x_wconf 86' lang='lat' dir='ltr'>inde</span> <span class='ocrx_word' id='word_1_100' title='bbox 1714 1571 1787 1627; x_wconf 88' lang='lat' dir='ltr'>ab</span> <span class='ocrx_word' id='word_1_101' title='bbox 1820 1570 2083 1627; x_wconf 82' lang='lat' dir='ltr'>adventu</span> <span class='ocrx_word' id='word_1_102' title='bbox 2112 1570 2320 1646; x_wconf 88' lang='lat' dir='ltr'>quinto</span> <span class='ocrx_word' id='word_1_103' title='bbox 2352 1574 2411 1626; x_wconf 88' lang='lat' dir='ltr'>et</span> <span class='ocrx_word' id='word_1_104' title='bbox 2442 1569 2650 1627; x_wconf 90' lang='lat' dir='ltr'>ultimo</span> 
     </span>
     <span class='ocr_line' id='line_1_12' title="bbox 173 1672 2647 1753; baseline 0 -24"><span class='ocrx_word' id='word_1_105' title='bbox 173 1672 568 1751; x_wconf 79' lang='lat' dir='ltr'>Jerosolymas,</span> <span class='ocrx_word' id='word_1_106' title='bbox 619 1694 802 1753; x_wconf 90' lang='lat' dir='ltr'>usque</span> <span class='ocrx_word' id='word_1_107' title='bbox 847 1694 981 1733; x_wconf 89' lang='lat' dir='ltr'>cum</span> <span class='ocrx_word' id='word_1_108' title='bbox 1025 1694 1258 1733; x_wconf 85' lang='lat' dir='ltr'>causam</span> <span class='ocrx_word' id='word_1_109' title='bbox 1303 1695 1468 1733; x_wconf 88' lang='lat' dir='ltr'>suam</span> <span class='ocrx_word' id='word_1_110' title='bbox 1509 1695 1556 1731; x_wconf 90' lang='lat' dir='ltr'>s.</span> <span class='ocrx_word' id='word_1_111' title='bbox 1599 1675 1820 1732; x_wconf 81' lang='lat' dir='ltr'>Paulus</span> <span class='ocrx_word' id='word_1_112' title='bbox 1866 1692 2057 1731; x_wconf 90' lang='lat' dir='ltr'>coram</span> <span class='ocrx_word' id='word_1_113' title='bbox 2090 1672 2284 1731; x_wconf 89' lang='lat' dir='ltr'>Felice</span> <span class='ocrx_word' id='word_1_114' title='bbox 2332 1678 2647 1749; x_wconf 84' lang='lat' dir='ltr'>peroraret,</span> 
     </span>
     <span class='ocr_line' id='line_1_13' title="bbox 177 1776 2647 1857; baseline 0.001 -24"><span class='ocrx_word' id='word_1_115' title='bbox 177 1778 355 1847; x_wconf 82' lang='lat' dir='ltr'>refert,</span> <span class='ocrx_word' id='word_1_116' title='bbox 400 1779 585 1835; x_wconf 84' lang='lat' dir='ltr'>series</span> <span class='ocrx_word' id='word_1_117' title='bbox 606 1776 628 1815; x_wconf 77' lang='lat'>⁷</span> <span class='ocrx_word' id='word_1_118' title='bbox 657 1784 746 1837; x_wconf 91' lang='lat' dir='ltr'>est</span> <span class='ocrx_word' id='word_1_119' title='bbox 773 1798 1050 1857; x_wconf 86' lang='lat' dir='ltr'>sequens:</span> <span class='ocrx_word' id='word_1_120' title='bbox 1095 1780 1386 1837; x_wconf 80' lang='lat' dir='ltr'>Postridie</span> <span class='ocrx_word' id='word_1_121' title='bbox 1423 1797 1600 1857; x_wconf 86' lang='lat' dir='ltr'>quam</span> <span class='ocrx_word' id='word_1_122' title='bbox 1640 1779 1882 1836; x_wconf 81' lang='lat' dir='ltr'>advenit</span> <span class='ocrx_word' id='word_1_123' title='bbox 1912 1780 1985 1837; x_wconf 85' lang='lat' dir='ltr'>ad</span> <span class='ocrx_word' id='word_1_124' title='bbox 2016 1780 2074 1835; x_wconf 76' lang='lat' dir='ltr'>S.</span> <span class='ocrx_word' id='word_1_125' title='bbox 2106 1778 2387 1835; x_wconf 82' lang='lat' dir='ltr'>Jaoobum</span> <span class='ocrx_word' id='word_1_126' title='bbox 2422 1798 2482 1835; x_wconf 90' lang='lat' dir='ltr'>se</span> <span class='ocrx_word' id='word_1_127' title='bbox 2514 1798 2647 1835; x_wconf 92' lang='lat' dir='ltr'>con-</span> 
     </span>
     <span class='ocr_line' id='line_1_14' title="bbox 179 1881 2647 1961; baseline 0.001 -24"><span class='ocrx_word' id='word_1_128' title='bbox 179 1881 364 1951; x_wconf 71' lang='lat' dir='ltr'>tulit⁵;</span> <span class='ocrx_word' id='word_1_129' title='bbox 411 1883 507 1939; x_wconf 86' lang='lat' dir='ltr'>die</span> <span class='ocrx_word' id='word_1_130' title='bbox 549 1902 694 1941; x_wconf 81' lang='lat' dir='ltr'>mox</span> <span class='ocrx_word' id='word_1_131' title='bbox 725 1884 1058 1961; x_wconf 85' lang='lat' dir='ltr'>insequenti</span> <span class='ocrx_word' id='word_1_132' title='bbox 1087 1889 1292 1941; x_wconf 79' lang='lat' dir='ltr'>votum</span> <span class='ocrx_word' id='word_1_133' title='bbox 1331 1884 1388 1939; x_wconf 88' lang='lat' dir='ltr'>N</span> <span class='ocrx_word' id='word_1_134' title='bbox 1391 1888 1731 1941; x_wconf 84' lang='lat' dir='ltr'>azaraeatus</span> <span class='ocrx_word' id='word_1_135' title='bbox 1760 1882 1947 1941; x_wconf 87' lang='lat' dir='ltr'>colere</span> <span class='ocrx_word' id='word_1_136' title='bbox 1978 1884 2131 1958; x_wconf 87' lang='lat' dir='ltr'>cepit</span> <span class='ocrx_word' id='word_1_137' title='bbox 2163 1902 2265 1958; x_wconf 90' lang='lat' dir='ltr'>per</span> <span class='ocrx_word' id='word_1_138' title='bbox 2294 1883 2647 1957; x_wconf 86' lang='lat' dir='ltr'>septiduum,</span> 
     </span>
     <span class='ocr_line' id='line_1_15' title="bbox 177 1984 2650 2063; baseline 0.001 -22"><span class='ocrx_word' id='word_1_139' title='bbox 177 2004 277 2063; x_wconf 90' lang='lat' dir='ltr'>quo</span> <span class='ocrx_word' id='word_1_140' title='bbox 297 1987 560 2044; x_wconf 85' lang='lat' dir='ltr'>nondum</span> <span class='ocrx_word' id='word_1_141' title='bbox 593 1986 756 2063; x_wconf 87' lang='lat' dir='ltr'>lapso</span> <span class='ocrx_word' id='word_1_142' title='bbox 781 1988 1092 2062; x_wconf 82' lang='lat' dir='ltr'>Apostolus</span> <span class='ocrx_word' id='word_1_143' title='bbox 1123 1988 1188 2045; x_wconf 89' lang='lat' dir='ltr'>iu</span> <span class='ocrx_word' id='word_1_144' title='bbox 1212 1987 1451 2063; x_wconf 86' lang='lat' dir='ltr'>Templo</span> <span class='ocrx_word' id='word_1_145' title='bbox 1483 1988 1862 2063; x_wconf 84' lang='lat' dir='ltr'>intercipitur</span> <span class='ocrx_word' id='word_1_146' title='bbox 1876 1984 1919 2045; x_wconf 69' lang='lat'>⁹.</span> <span class='ocrx_word' id='word_1_147' title='bbox 1972 1986 2141 2049; x_wconf 75' lang='lat' dir='ltr'>Quod</span> <span class='ocrx_word' id='word_1_148' title='bbox 2174 1987 2364 2061; x_wconf 89' lang='lat' dir='ltr'>ipsum</span> <span class='ocrx_word' id='word_1_149' title='bbox 2395 1986 2650 2063; x_wconf 89' lang='lat' dir='ltr'>quinto</span> 
     </span>
     <span class='ocr_line' id='line_1_16' title="bbox 177 2091 2649 2168; baseline 0 -21"><span class='ocrx_word' id='word_1_150' title='bbox 177 2092 632 2149; x_wconf 80' lang='lat' dir='ltr'>commorationis</span> <span class='ocrx_word' id='word_1_151' title='bbox 663 2092 722 2148; x_wconf 83' lang='lat' dir='ltr'>S.</span> <span class='ocrx_word' id='word_1_152' title='bbox 741 2092 914 2150; x_wconf 87' lang='lat' dir='ltr'>Pauli</span> <span class='ocrx_word' id='word_1_153' title='bbox 939 2092 1004 2149; x_wconf 89' lang='lat' dir='ltr'>in</span> <span class='ocrx_word' id='word_1_154' title='bbox 1027 2092 1186 2150; x_wconf 87' lang='lat' dir='ltr'>Urbe</span> <span class='ocrx_word' id='word_1_155' title='bbox 1207 2100 1409 2151; x_wconf 84' lang='lat' dir='ltr'>sancta</span> <span class='ocrx_word' id='word_1_156' title='bbox 1430 2094 1525 2151; x_wconf 90' lang='lat' dir='ltr'>die</span> <span class='ocrx_word' id='word_1_157' title='bbox 1547 2091 1780 2151; x_wconf 84' lang='lat' dir='ltr'>accidit.</span> <span class='ocrx_word' id='word_1_158' title='bbox 1828 2092 1920 2148; x_wconf 89' lang='lat' dir='ltr'>Ad</span> <span class='ocrx_word' id='word_1_159' title='bbox 1951 2091 2293 2168; x_wconf 85' lang='lat' dir='ltr'>synedrium</span> <span class='ocrx_word' id='word_1_160' title='bbox 2325 2092 2649 2165; x_wconf 83' lang='lat' dir='ltr'>proximo</span> 
     </span>
     <span class='ocr_line' id='line_1_17' title="bbox 177 2193 2649 2271; baseline 0.001 -22"><span class='ocrx_word' id='word_1_161' title='bbox 177 2194 274 2249; x_wconf 83' lang='lat' dir='ltr'>die</span> <span class='ocrx_word' id='word_1_162' title='bbox 301 2195 622 2265; x_wconf 52' lang='lat' dir='ltr'>adductum</span> <span class='ocrx_word' id='word_1_163' title='bbox 667 2196 994 2271; x_wconf 85' lang='lat' dir='ltr'>apologiam</span> <span class='ocrx_word' id='word_1_164' title='bbox 1025 2217 1190 2255; x_wconf 89' lang='lat' dir='ltr'>suam</span> <span class='ocrx_word' id='word_1_165' title='bbox 1221 2198 1450 2267; x_wconf 87' lang='lat' dir='ltr'>dixit,</span> <span class='ocrx_word' id='word_1_166' title='bbox 1483 2198 1581 2254; x_wconf 89' lang='lat' dir='ltr'>sed</span> <span class='ocrx_word' id='word_1_167' title='bbox 1609 2198 1837 2254; x_wconf 85' lang='lat' dir='ltr'>frustra</span> <span class='ocrx_word' id='word_1_168' title='bbox 1863 2193 1928 2253; x_wconf 84' lang='lat'>¹⁰.</span> <span class='ocrx_word' id='word_1_169' title='bbox 1991 2196 2288 2253; x_wconf 87' lang='lat' dir='ltr'>Postero</span> <span class='ocrx_word' id='word_1_170' title='bbox 2319 2196 2413 2252; x_wconf 88' lang='lat' dir='ltr'>die</span> <span class='ocrx_word' id='word_1_171' title='bbox 2440 2194 2649 2253; x_wconf 85' lang='lat' dir='ltr'>Judaei</span> 
     </span>
     <span class='ocr_line' id='line_1_18' title="bbox 177 2298 2646 2377; baseline 0 -22"><span class='ocrx_word' id='word_1_172' title='bbox 177 2298 432 2357; x_wconf 70' lang='lat' dir='ltr'>adversus</span> <span class='ocrx_word' id='word_1_173' title='bbox 477 2320 620 2357; x_wconf 89' lang='lat' dir='ltr'>eum</span> <span class='ocrx_word' id='word_1_174' title='bbox 665 2304 1083 2371; x_wconf 80' lang='lat' dir='ltr'>coniurarunt3</span> <span class='ocrx_word' id='word_1_175' title='bbox 1131 2303 1230 2359; x_wconf 88' lang='lat' dir='ltr'>sed</span> <span class='ocrx_word' id='word_1_176' title='bbox 1269 2321 1518 2377; x_wconf 80' lang='lat' dir='ltr'>vespera</span> <span class='ocrx_word' id='word_1_177' title='bbox 1549 2302 1809 2359; x_wconf 90' lang='lat' dir='ltr'>eiusdem</span> <span class='ocrx_word' id='word_1_178' title='bbox 1844 2302 1961 2359; x_wconf 90' lang='lat' dir='ltr'>diei</span> <span class='ocrx_word' id='word_1_179' title='bbox 1996 2300 2334 2357; x_wconf 82' lang='lat' dir='ltr'>Caesaream</span> <span class='ocrx_word' id='word_1_180' title='bbox 2366 2298 2646 2369; x_wconf 83' lang='lat' dir='ltr'>mittitur,</span> 
     </span>
     <span class='ocr_line' id='line_1_19' title="bbox 176 2404 2644 2485; baseline -0 -25"><span class='ocrx_word' id='word_1_181' title='bbox 176 2422 276 2479; x_wconf 87' lang='lat' dir='ltr'>quo</span> <span class='ocrx_word' id='word_1_182' title='bbox 317 2405 678 2479; x_wconf 75' lang='lat' dir='ltr'>postridie</span> <span class='ocrx_word' id='word_1_183' title='bbox 721 2405 964 2463; x_wconf 86' lang='lat' dir='ltr'>advenit</span> <span class='ocrx_word' id='word_1_184' title='bbox 995 2404 1060 2465; x_wconf 86' lang='lat'>¹¹.</span> <span class='ocrx_word' id='word_1_185' title='bbox 1123 2405 1451 2485; x_wconf 81' lang='lat' dir='ltr'>Quinque</span> <span class='ocrx_word' id='word_1_186' title='bbox 1496 2408 1747 2465; x_wconf 89' lang='lat' dir='ltr'>diebus</span> <span class='ocrx_word' id='word_1_187' title='bbox 1793 2409 1979 2463; x_wconf 89' lang='lat' dir='ltr'>serius</span> <span class='ocrx_word' id='word_1_188' title='bbox 2020 2425 2086 2463; x_wconf 91' lang='lat' dir='ltr'>eo</span> <span class='ocrx_word' id='word_1_189' title='bbox 2116 2404 2349 2479; x_wconf 87' lang='lat' dir='ltr'>appulit</span> <span class='ocrx_word' id='word_1_190' title='bbox 2380 2406 2644 2461; x_wconf 85' lang='lat' dir='ltr'>Ananias</span> 
     </span>
     <span class='ocr_line' id='line_1_20' title="bbox 179 2506 2650 2589; baseline 0 -25"><span class='ocrx_word' id='word_1_191' title='bbox 179 2506 433 2567; x_wconf 84' lang='lat' dir='ltr'>Pontifex</span> <span class='ocrx_word' id='word_1_192' title='bbox 480 2529 622 2567; x_wconf 90' lang='lat' dir='ltr'>cum</span> <span class='ocrx_word' id='word_1_193' title='bbox 661 2511 1014 2580; x_wconf 79' lang='lat' dir='ltr'>senioribus3</span> <span class='ocrx_word' id='word_1_194' title='bbox 1061 2516 1236 2589; x_wconf 84' lang='lat' dir='ltr'>atque</span> <span class='ocrx_word' id='word_1_195' title='bbox 1281 2512 1500 2569; x_wconf 86' lang='lat' dir='ltr'>Paulus</span> <span class='ocrx_word' id='word_1_196' title='bbox 1544 2530 1739 2569; x_wconf 88' lang='lat' dir='ltr'>coram</span> <span class='ocrx_word' id='word_1_197' title='bbox 1785 2510 2027 2567; x_wconf 86' lang='lat' dir='ltr'>Felice</span> <span class='ocrx_word' id='word_1_198' title='bbox 2071 2508 2345 2565; x_wconf 87' lang='lat' dir='ltr'>Praeside</span> <span class='ocrx_word' id='word_1_199' title='bbox 2384 2508 2650 2579; x_wconf 71' lang='lat' dir='ltr'>,Romano</span> 
     </span>
     <span class='ocr_line' id='line_1_21' title="bbox 177 2612 2649 2691; baseline -0 -23"><span class='ocrx_word' id='word_1_200' title='bbox 177 2619 460 2672; x_wconf 83' lang='lat' dir='ltr'>accusatur</span> <span class='ocrx_word' id='word_1_201' title='bbox 479 2612 548 2672; x_wconf 76' lang='lat'>¹².</span> <span class='ocrx_word' id='word_1_202' title='bbox 586 2615 959 2691; x_wconf 87' lang='lat' dir='ltr'>Respondens</span> <span class='ocrx_word' id='word_1_203' title='bbox 981 2622 1178 2674; x_wconf 82' lang='lat' dir='ltr'>autem</span> <span class='ocrx_word' id='word_1_204' title='bbox 1195 2616 1413 2674; x_wconf 88' lang='lat' dir='ltr'>Paulus</span> <span class='ocrx_word' id='word_1_205' title='bbox 1437 2616 1523 2672; x_wconf 85' lang='lat' dir='ltr'>ait</span> <span class='ocrx_word' id='word_1_206' title='bbox 1541 2612 1614 2672; x_wconf 82' lang='lat'>¹3:</span> <span class='ocrx_word' id='word_1_207' title='bbox 1644 2636 1739 2685; x_wconf 83' lang='lat' dir='ltr'>,ex</span> <span class='ocrx_word' id='word_1_208' title='bbox 1764 2613 1969 2670; x_wconf 84' lang='lat' dir='ltr'>multis</span> <span class='ocrx_word' id='word_1_209' title='bbox 1991 2614 2161 2670; x_wconf 86' lang='lat' dir='ltr'>annis</span> <span class='ocrx_word' id='word_1_210' title='bbox 2186 2619 2242 2669; x_wconf 88' lang='lat' dir='ltr'>te</span> <span class='ocrx_word' id='word_1_211' title='bbox 2262 2632 2381 2669; x_wconf 86' lang='lat' dir='ltr'>esse</span> <span class='ocrx_word' id='word_1_212' title='bbox 2399 2612 2649 2669; x_wconf 77' lang='lat' dir='ltr'>iudicem</span> 
     </span>
     <span class='ocr_line' id='line_1_22' title="bbox 177 2716 2650 2795; baseline -0 -22"><span class='ocrx_word' id='word_1_213' title='bbox 177 2720 349 2788; x_wconf 85' lang='lat' dir='ltr'>gentis</span> <span class='ocrx_word' id='word_1_214' title='bbox 384 2718 570 2777; x_wconf 86' lang='lat' dir='ltr'>huius</span> <span class='ocrx_word' id='word_1_215' title='bbox 599 2719 786 2777; x_wconf 85' lang='lat' dir='ltr'>sciens</span> <span class='ocrx_word' id='word_1_216' title='bbox 818 2720 966 2777; x_wconf 88' lang='lat' dir='ltr'>bono</span> <span class='ocrx_word' id='word_1_217' title='bbox 1007 2719 1202 2777; x_wconf 87' lang='lat' dir='ltr'>animo</span> <span class='ocrx_word' id='word_1_218' title='bbox 1232 2740 1339 2795; x_wconf 91' lang='lat' dir='ltr'>pro</span> <span class='ocrx_word' id='word_1_219' title='bbox 1379 2740 1470 2777; x_wconf 86' lang='lat' dir='ltr'>me</span> <span class='ocrx_word' id='word_1_220' title='bbox 1499 2718 1876 2777; x_wconf 83' lang='lat' dir='ltr'>satisfaciam‘</span> <span class='ocrx_word' id='word_1_221' title='bbox 1906 2716 1970 2774; x_wconf 72' lang='lat'>¹⁴.</span> <span class='ocrx_word' id='word_1_222' title='bbox 2034 2716 2163 2780; x_wconf 80' lang='lat' dir='ltr'>Quo</span> <span class='ocrx_word' id='word_1_223' title='bbox 2194 2736 2491 2792; x_wconf 83' lang='lat' dir='ltr'>respons0‚</span> <span class='ocrx_word' id='word_1_224' title='bbox 2543 2716 2650 2773; x_wconf 76' lang='lat' dir='ltr'>etsi</span> 
     </span>
    </p>
   </div>
   <div class='ocr_carea' id='block_1_5' title="bbox 178 2975 2655 4692">
    <p class='ocr_par' dir='ltr' id='par_1_6' title="bbox 178 2975 2655 4692">
     <span class='ocr_line' id='line_1_23' title="bbox 369 2975 2650 3043; baseline -0.001 -16"><span class='ocrx_word' id='word_1_225' title='bbox 369 2976 404 3039; x_wconf 73' lang='grc'>1)</span> <span class='ocrx_word' id='word_1_226' title='bbox 441 2978 564 3027; x_wconf 78' lang='lat' dir='ltr'>Act.</span> <span class='ocrx_word' id='word_1_227' title='bbox 593 2980 678 3040; x_wconf 91' lang='grc'>20,</span> <span class='ocrx_word' id='word_1_228' title='bbox 709 2980 832 3027; x_wconf 83' lang='grc'><strong>13-</strong></span> <span class='ocrx_word' id='word_1_229' title='bbox 847 2980 928 3027; x_wconf 87' lang='lat'>15.</span> <span class='ocrx_word' id='word_1_230' title='bbox 989 2977 1030 3043; x_wconf 76' lang='grc'>2)</span> <span class='ocrx_word' id='word_1_231' title='bbox 1060 2977 1193 3027; x_wconf 88' lang='lat' dir='ltr'>Coll.</span> <span class='ocrx_word' id='word_1_232' title='bbox 1221 2978 1336 3027; x_wconf 83' lang='lat' dir='ltr'>Act.</span> <span class='ocrx_word' id='word_1_233' title='bbox 1363 2980 1448 3039; x_wconf 98' lang='grc'>20,</span> <span class='ocrx_word' id='word_1_234' title='bbox 1479 2978 1559 3027; x_wconf 82' lang='grc'>17.</span> <span class='ocrx_word' id='word_1_235' title='bbox 1585 2994 1628 3027; x_wconf 81' lang='grc' dir='ltr'><strong>ε.</strong></span> <span class='ocrx_word' id='word_1_236' title='bbox 1690 2978 1733 3042; x_wconf 73' lang='lat'>³)</span> <span class='ocrx_word' id='word_1_237' title='bbox 1768 2976 1881 3025; x_wconf 86' lang='lat' dir='ltr'>Act.</span> <span class='ocrx_word' id='word_1_238' title='bbox 1908 2978 1991 3038; x_wconf 93' lang='grc'>21,</span> <span class='ocrx_word' id='word_1_239' title='bbox 2022 2978 2067 3024; x_wconf 92' lang='grc'>1.</span> <span class='ocrx_word' id='word_1_240' title='bbox 2094 2991 2135 3026; x_wconf 90' lang='lat' dir='ltr'>s.</span> <span class='ocrx_word' id='word_1_241' title='bbox 2196 2976 2237 3041; x_wconf 75' lang='lat'>⁴)</span> <span class='ocrx_word' id='word_1_242' title='bbox 2276 2975 2391 3024; x_wconf 86' lang='lat' dir='ltr'>Act.</span> <span class='ocrx_word' id='word_1_243' title='bbox 2418 2978 2501 3035; x_wconf 87' lang='grc'>21,</span> <span class='ocrx_word' id='word_1_244' title='bbox 2526 2977 2575 3025; x_wconf 86' lang='grc'><strong>4.</strong></span> <span class='ocrx_word' id='word_1_245' title='bbox 2606 2978 2650 3025; x_wconf 87' lang='grc'>7.</span> 
     </span>
     <span class='ocr_line' id='line_1_24' title="bbox 181 3062 2649 3129; baseline 0 -18"><span class='ocrx_word' id='word_1_246' title='bbox 181 3062 216 3123; x_wconf 77' lang='lat'>⁵)</span> <span class='ocrx_word' id='word_1_247' title='bbox 249 3062 358 3113; x_wconf 77' lang='lat' dir='ltr'>Act.</span> <span class='ocrx_word' id='word_1_248' title='bbox 381 3066 466 3125; x_wconf 89' lang='grc'>21,</span> <span class='ocrx_word' id='word_1_249' title='bbox 497 3068 582 3115; x_wconf 90' lang='grc'>10.</span> <span class='ocrx_word' id='word_1_250' title='bbox 646 3064 685 3127; x_wconf 84' lang='lat'>⁶)</span> <span class='ocrx_word' id='word_1_251' title='bbox 713 3064 828 3115; x_wconf 85' lang='lat' dir='ltr'>Act.</span> <span class='ocrx_word' id='word_1_252' title='bbox 855 3068 938 3128; x_wconf 93' lang='grc'>20,</span> <span class='ocrx_word' id='word_1_253' title='bbox 969 3068 1048 3115; x_wconf 90' lang='grc'>16.</span> <span class='ocrx_word' id='word_1_254' title='bbox 1099 3065 1454 3115; x_wconf 81' lang='lat' dir='ltr'>Pentecosten</span> <span class='ocrx_word' id='word_1_255' title='bbox 1491 3064 1578 3114; x_wconf 89' lang='lat' dir='ltr'>die</span> <span class='ocrx_word' id='word_1_256' title='bbox 1615 3064 2055 3129; x_wconf 80' lang='lat' dir='ltr'>quinquagesimo</span> <span class='ocrx_word' id='word_1_257' title='bbox 2094 3064 2161 3113; x_wconf 84' lang='lat' dir='ltr'>ab</span> <span class='ocrx_word' id='word_1_258' title='bbox 2200 3063 2367 3113; x_wconf 84' lang='lat' dir='ltr'>altero</span> <span class='ocrx_word' id='word_1_259' title='bbox 2406 3063 2491 3111; x_wconf 86' lang='lat' dir='ltr'>die</span> <span class='ocrx_word' id='word_1_260' title='bbox 2528 3076 2649 3126; x_wconf 78' lang='lat' dir='ltr'>azy-</span> 
     </span>
     <span class='ocr_line' id='line_1_25' title="bbox 183 3148 2651 3217; baseline 0 -20"><span class='ocrx_word' id='word_1_261' title='bbox 183 3164 364 3199; x_wconf 86' lang='lat' dir='ltr'>morum</span> <span class='ocrx_word' id='word_1_262' title='bbox 400 3151 748 3213; x_wconf 79' lang='lat' dir='ltr'>celebratam,</span> <span class='ocrx_word' id='word_1_263' title='bbox 785 3153 842 3201; x_wconf 85' lang='lat' dir='ltr'>in</span> <span class='ocrx_word' id='word_1_264' title='bbox 878 3152 948 3201; x_wconf 89' lang='grc' dir='ltr'>Η.</span> <span class='ocrx_word' id='word_1_265' title='bbox 985 3152 1048 3201; x_wconf 88' lang='lat' dir='ltr'>R.</span> <span class='ocrx_word' id='word_1_266' title='bbox 1089 3153 1153 3201; x_wconf 91' lang='lat' dir='ltr'>D.</span> <span class='ocrx_word' id='word_1_267' title='bbox 1186 3152 1249 3201; x_wconf 90' lang='lat' dir='ltr'>V.</span> <span class='ocrx_word' id='word_1_268' title='bbox 1276 3152 1338 3201; x_wconf 88' lang='grc' dir='ltr'>Τ.</span> <span class='ocrx_word' id='word_1_269' title='bbox 1376 3168 1427 3217; x_wconf 90' lang='lat' dir='ltr'>p.</span> <span class='ocrx_word' id='word_1_270' title='bbox 1462 3152 1577 3201; x_wconf 78' lang='lat'>146.</span> <span class='ocrx_word' id='word_1_271' title='bbox 1617 3150 1911 3199; x_wconf 83' lang='lat' dir='ltr'>docuimus.</span> <span class='ocrx_word' id='word_1_272' title='bbox 1973 3148 2306 3214; x_wconf 77' lang='lat' dir='ltr'>computatis</span> <span class='ocrx_word' id='word_1_273' title='bbox 2344 3151 2523 3214; x_wconf 82' lang='lat' dir='ltr'>itaque</span> <span class='ocrx_word' id='word_1_274' title='bbox 2560 3166 2651 3199; x_wconf 81' lang='lat' dir='ltr'>sex</span> 
     </span>
     <span class='ocr_line' id='line_1_26' title="bbox 178 3234 2652 3304; baseline 0.001 -22"><span class='ocrx_word' id='word_1_275' title='bbox 178 3234 270 3283; x_wconf 81' lang='lat' dir='ltr'>illis</span> <span class='ocrx_word' id='word_1_276' title='bbox 304 3236 516 3299; x_wconf 84' lang='lat' dir='ltr'>(liebus,</span> <span class='ocrx_word' id='word_1_277' title='bbox 571 3240 664 3303; x_wconf 87' lang='lat' dir='ltr'>qui</span> <span class='ocrx_word' id='word_1_278' title='bbox 699 3244 988 3304; x_wconf 81' lang='lat' dir='ltr'>antequam</span> <span class='ocrx_word' id='word_1_279' title='bbox 1023 3238 1226 3288; x_wconf 86' lang='lat' dir='ltr'>Paulus</span> <span class='ocrx_word' id='word_1_280' title='bbox 1267 3238 1529 3303; x_wconf 79' lang='lat' dir='ltr'>Philippis</span> <span class='ocrx_word' id='word_1_281' title='bbox 1577 3237 1836 3299; x_wconf 84' lang='lat' dir='ltr'>solveret,</span> <span class='ocrx_word' id='word_1_282' title='bbox 1888 3236 1954 3285; x_wconf 86' lang='lat' dir='ltr'>ab</span> <span class='ocrx_word' id='word_1_283' title='bbox 2004 3235 2174 3285; x_wconf 86' lang='lat' dir='ltr'>altero</span> <span class='ocrx_word' id='word_1_284' title='bbox 2222 3252 2527 3300; x_wconf 78' lang='lat' dir='ltr'>azymorum</span> <span class='ocrx_word' id='word_1_285' title='bbox 2566 3235 2652 3284; x_wconf 76' lang='lat' dir='ltr'>«lie</span> 
     </span>
     <span class='ocr_line' id='line_1_27' title="bbox 181 3322 2651 3391; baseline 0.001 -22"><span class='ocrx_word' id='word_1_286' title='bbox 181 3322 332 3387; x_wconf 81' lang='lat' dir='ltr'>elapsi</span> <span class='ocrx_word' id='word_1_287' title='bbox 365 3332 516 3388; x_wconf 80' lang='lat' dir='ltr'>sunt3</span> <span class='ocrx_word' id='word_1_288' title='bbox 571 3324 768 3375; x_wconf 82' lang='lat' dir='ltr'>additis</span> <span class='ocrx_word' id='word_1_289' title='bbox 801 3326 1024 3391; x_wconf 84' lang='lat' dir='ltr'>iusuper</span> <span class='ocrx_word' id='word_1_290' title='bbox 1063 3327 1142 3373; x_wconf 91' lang='grc'>12.</span> <span class='ocrx_word' id='word_1_291' title='bbox 1191 3326 1282 3389; x_wconf 88' lang='lat' dir='ltr'>qui</span> <span class='ocrx_word' id='word_1_292' title='bbox 1329 3325 1526 3373; x_wconf 87' lang='lat' dir='ltr'>abhinc</span> <span class='ocrx_word' id='word_1_293' title='bbox 1564 3324 1735 3373; x_wconf 86' lang='lat' dir='ltr'>donec</span> <span class='ocrx_word' id='word_1_294' title='bbox 1771 3322 1981 3372; x_wconf 85' lang='lat' dir='ltr'>Troade</span> <span class='ocrx_word' id='word_1_295' title='bbox 2030 3323 2279 3371; x_wconf 88' lang='lat' dir='ltr'>abierunt</span> <span class='ocrx_word' id='word_1_296' title='bbox 2314 3324 2651 3387; x_wconf 82' lang='lat' dir='ltr'>praeteriere,</span> 
     </span>
     <span class='ocr_line' id='line_1_28' title="bbox 181 3408 2652 3477; baseline 0 -21"><span class='ocrx_word' id='word_1_297' title='bbox 181 3408 396 3461; x_wconf 80' lang='lat' dir='ltr'>collectis</span> <span class='ocrx_word' id='word_1_298' title='bbox 431 3412 564 3462; x_wconf 84' lang='lat' dir='ltr'>item</span> <span class='ocrx_word' id='word_1_299' title='bbox 600 3413 656 3461; x_wconf 86' lang='lat' dir='ltr'>in</span> <span class='ocrx_word' id='word_1_300' title='bbox 693 3426 950 3461; x_wconf 77' lang='lat' dir='ltr'>summam</span> <span class='ocrx_word' id='word_1_301' title='bbox 989 3414 1072 3461; x_wconf 87' lang='grc'>29.</span> <span class='ocrx_word' id='word_1_302' title='bbox 1124 3412 1214 3477; x_wconf 90' lang='lat' dir='ltr'>qui</span> <span class='ocrx_word' id='word_1_303' title='bbox 1253 3411 1322 3461; x_wconf 87' lang='lat' dir='ltr'>ad</span> <span class='ocrx_word' id='word_1_304' title='bbox 1360 3411 1647 3460; x_wconf 83' lang='lat' dir='ltr'>adventum</span> <span class='ocrx_word' id='word_1_305' title='bbox 1696 3426 1865 3474; x_wconf 88' lang='lat' dir='ltr'>usque</span> <span class='ocrx_word' id='word_1_306' title='bbox 1912 3410 2397 3473; x_wconf 74' lang='lat' dir='ltr'>ierosolymitanum</span> <span class='ocrx_word' id='word_1_307' title='bbox 2437 3410 2652 3458; x_wconf 83' lang='lat' dir='ltr'>effluxe-</span> 
     </span>
     <span class='ocr_line' id='line_1_29' title="bbox 183 3496 2650 3564; baseline 0.001 -22"><span class='ocrx_word' id='word_1_308' title='bbox 183 3502 312 3555; x_wconf 84' lang='lat' dir='ltr'>runt,</span> <span class='ocrx_word' id='word_1_309' title='bbox 358 3500 610 3549; x_wconf 83' lang='lat' dir='ltr'>universe</span> <span class='ocrx_word' id='word_1_310' title='bbox 657 3499 772 3549; x_wconf 85' lang='lat' dir='ltr'>dies</span> <span class='ocrx_word' id='word_1_311' title='bbox 821 3501 1157 3564; x_wconf 87' lang='lat' dir='ltr'>reperiuntur</span> <span class='ocrx_word' id='word_1_312' title='bbox 1207 3515 1314 3549; x_wconf 87' lang='lat' dir='ltr'>non</span> <span class='ocrx_word' id='word_1_313' title='bbox 1361 3499 1534 3547; x_wconf 84' lang='lat' dir='ltr'>minus</span> <span class='ocrx_word' id='word_1_314' title='bbox 1583 3500 1669 3548; x_wconf 83' lang='grc'><strong>47.</strong></span> <span class='ocrx_word' id='word_1_315' title='bbox 1744 3498 1785 3561; x_wconf 73' lang='grc'>7)</span> <span class='ocrx_word' id='word_1_316' title='bbox 1826 3498 1888 3547; x_wconf 86' lang='lat' dir='ltr'>V.</span> <span class='ocrx_word' id='word_1_317' title='bbox 1928 3512 1976 3545; x_wconf 88' lang='lat' dir='ltr'>a.</span> <span class='ocrx_word' id='word_1_318' title='bbox 2015 3496 2066 3545; x_wconf 85' lang='lat' dir='ltr'>h.</span> <span class='ocrx_word' id='word_1_319' title='bbox 2116 3514 2166 3561; x_wconf 89' lang='lat' dir='ltr'>p.</span> <span class='ocrx_word' id='word_1_320' title='bbox 2204 3498 2325 3545; x_wconf 83' lang='lat'>420.</span> <span class='ocrx_word' id='word_1_321' title='bbox 2363 3514 2404 3545; x_wconf 88' lang='lat' dir='ltr'>s.</span> <span class='ocrx_word' id='word_1_322' title='bbox 2452 3498 2569 3545; x_wconf 75' lang='grc'><strong>425.</strong></span> <span class='ocrx_word' id='word_1_323' title='bbox 2610 3512 2650 3545; x_wconf 91' lang='lat' dir='ltr'>s.</span> 
     </span>
     <span class='ocr_line' id='line_1_30' title="bbox 184 3580 2652 3650; baseline 0 -18"><span class='ocrx_word' id='word_1_324' title='bbox 184 3580 218 3644; x_wconf 71' lang='lat'>⁸³)</span> <span class='ocrx_word' id='word_1_325' title='bbox 243 3584 350 3633; x_wconf 79' lang='lat' dir='ltr'>Act.</span> <span class='ocrx_word' id='word_1_326' title='bbox 375 3588 456 3648; x_wconf 83' lang='lat'>21,</span> <span class='ocrx_word' id='word_1_327' title='bbox 486 3588 572 3637; x_wconf 88' lang='lat'>18.</span> <span class='ocrx_word' id='word_1_328' title='bbox 624 3586 666 3650; x_wconf 79' lang='lat'>⁹)</span> <span class='ocrx_word' id='word_1_329' title='bbox 693 3586 808 3637; x_wconf 84' lang='lat' dir='ltr'>Act.</span> <span class='ocrx_word' id='word_1_330' title='bbox 835 3588 918 3648; x_wconf 89' lang='grc'>21,</span> <span class='ocrx_word' id='word_1_331' title='bbox 947 3588 1030 3635; x_wconf 87' lang='grc'>26.</span> <span class='ocrx_word' id='word_1_332' title='bbox 1057 3600 1098 3635; x_wconf 89' lang='lat' dir='ltr'>s.</span> <span class='ocrx_word' id='word_1_333' title='bbox 1151 3585 1284 3635; x_wconf 89' lang='lat' dir='ltr'>Coll.</span> <span class='ocrx_word' id='word_1_334' title='bbox 1309 3586 1425 3635; x_wconf 84' lang='lat' dir='ltr'>Act.</span> <span class='ocrx_word' id='word_1_335' title='bbox 1453 3587 1535 3647; x_wconf 81' lang='lat'>24,</span> <span class='ocrx_word' id='word_1_336' title='bbox 1569 3588 1647 3634; x_wconf 88' lang='lat'>11.</span> <span class='ocrx_word' id='word_1_337' title='bbox 1715 3584 1773 3649; x_wconf 75' lang='grc'>10)</span> <span class='ocrx_word' id='word_1_338' title='bbox 1799 3584 1913 3633; x_wconf 86' lang='lat' dir='ltr'>Act.</span> <span class='ocrx_word' id='word_1_339' title='bbox 1944 3586 2024 3645; x_wconf 88' lang='grc'>22,</span> <span class='ocrx_word' id='word_1_340' title='bbox 2051 3586 2271 3645; x_wconf 84' lang='grc'><strong>30-23,</strong></span> <span class='ocrx_word' id='word_1_341' title='bbox 2302 3586 2379 3633; x_wconf 90' lang='grc'><strong>10.</strong></span> <span class='ocrx_word' id='word_1_342' title='bbox 2448 3584 2508 3647; x_wconf 90' lang='lat'>¹¹)</span> <span class='ocrx_word' id='word_1_343' title='bbox 2536 3584 2652 3633; x_wconf 86' lang='lat' dir='ltr'>Act.</span> 
     </span>
     <span class='ocr_line' id='line_1_31' title="bbox 185 3669 2652 3737; baseline 0 -19"><span class='ocrx_word' id='word_1_344' title='bbox 185 3669 256 3730; x_wconf 77' lang='lat'>23,</span> <span class='ocrx_word' id='word_1_345' title='bbox 281 3672 354 3720; x_wconf 85' lang='grc'>12,</span> <span class='ocrx_word' id='word_1_346' title='bbox 379 3687 420 3721; x_wconf 82' lang='lat' dir='ltr'>s.</span> <span class='ocrx_word' id='word_1_347' title='bbox 483 3672 546 3737; x_wconf 82' lang='lat'>¹²)</span> <span class='ocrx_word' id='word_1_348' title='bbox 574 3672 689 3723; x_wconf 86' lang='lat' dir='ltr'>Act.</span> <span class='ocrx_word' id='word_1_349' title='bbox 717 3675 800 3735; x_wconf 79' lang='grc'>24,</span> <span class='ocrx_word' id='word_1_350' title='bbox 830 3675 874 3723; x_wconf 90' lang='grc'>1.</span> <span class='ocrx_word' id='word_1_351' title='bbox 901 3689 944 3722; x_wconf 88' lang='lat' dir='ltr'>s.</span> <span class='ocrx_word' id='word_1_352' title='bbox 1007 3672 1068 3737; x_wconf 77' lang='lat'>¹³)</span> <span class='ocrx_word' id='word_1_353' title='bbox 1093 3673 1210 3723; x_wconf 87' lang='lat' dir='ltr'>Act.</span> <span class='ocrx_word' id='word_1_354' title='bbox 1237 3674 1322 3733; x_wconf 77' lang='lat'>24,</span> <span class='ocrx_word' id='word_1_355' title='bbox 1351 3676 1432 3722; x_wconf 90' lang='lat'>10.</span> <span class='ocrx_word' id='word_1_356' title='bbox 1493 3673 1553 3737; x_wconf 77' lang='lat'>¹⁴)</span> <span class='ocrx_word' id='word_1_357' title='bbox 1581 3672 1817 3721; x_wconf 78' lang='lat' dir='ltr'>Felicem</span> <span class='ocrx_word' id='word_1_358' title='bbox 1854 3676 1975 3735; x_wconf 86' lang='lat' dir='ltr'>post</span> <span class='ocrx_word' id='word_1_359' title='bbox 2012 3670 2309 3719; x_wconf 85' lang='lat' dir='ltr'>Cumanum</span> <span class='ocrx_word' id='word_1_360' title='bbox 2346 3671 2652 3719; x_wconf 86' lang='lat' dir='ltr'>damnatum</span> 
     </span>
     <span class='ocr_line' id='line_1_32' title="bbox 185 3757 2651 3823; baseline 0.002 -20"><span class='ocrx_word' id='word_1_361' title='bbox 185 3770 226 3803; x_wconf 75' lang='lat' dir='ltr'>a.</span> <span class='ocrx_word' id='word_1_362' title='bbox 249 3758 326 3806; x_wconf 77' lang='lat'>52.</span> <span class='ocrx_word' id='word_1_363' title='bbox 361 3764 606 3821; x_wconf 84' lang='lat' dir='ltr'>exeunte,</span> <span class='ocrx_word' id='word_1_364' title='bbox 645 3764 702 3809; x_wconf 88' lang='lat' dir='ltr'>ut</span> <span class='ocrx_word' id='word_1_365' title='bbox 740 3760 962 3822; x_wconf 83' lang='lat' dir='ltr'>videtur,</span> <span class='ocrx_word' id='word_1_366' title='bbox 1001 3759 1246 3809; x_wconf 81' lang='lat' dir='ltr'>Judaeae</span> <span class='ocrx_word' id='word_1_367' title='bbox 1273 3774 1306 3808; x_wconf 86' lang='lat' dir='ltr'>a</span> <span class='ocrx_word' id='word_1_368' title='bbox 1331 3758 1556 3809; x_wconf 83' lang='lat' dir='ltr'>Claudio</span> <span class='ocrx_word' id='word_1_369' title='bbox 1591 3758 1919 3823; x_wconf 85' lang='lat' dir='ltr'>praefectum</span> <span class='ocrx_word' id='word_1_370' title='bbox 1943 3772 2059 3806; x_wconf 85' lang='lat' dir='ltr'>esse</span> <span class='ocrx_word' id='word_1_371' title='bbox 2087 3759 2235 3807; x_wconf 87' lang='lat' dir='ltr'>testis</span> <span class='ocrx_word' id='word_1_372' title='bbox 2263 3764 2342 3807; x_wconf 86' lang='lat' dir='ltr'>est</span> <span class='ocrx_word' id='word_1_373' title='bbox 2366 3757 2651 3822; x_wconf 78' lang='lat' dir='ltr'>Josephus,</span> 
     </span>
     <span class='ocr_line' id='line_1_33' title="bbox 187 3841 2653 3911; baseline 0 -20"><span class='ocrx_word' id='word_1_374' title='bbox 187 3841 342 3909; x_wconf 75' lang='lat' dir='ltr'>Antiq.</span> <span class='ocrx_word' id='word_1_375' title='bbox 377 3846 493 3895; x_wconf 82' lang='lat' dir='ltr'>XX.</span> <span class='ocrx_word' id='word_1_376' title='bbox 535 3848 584 3907; x_wconf 75' lang='grc' dir='ltr'>Ἰ,</span> <span class='ocrx_word' id='word_1_377' title='bbox 627 3851 672 3895; x_wconf 91' lang='grc'>1.</span> <span class='ocrx_word' id='word_1_378' title='bbox 710 3864 760 3911; x_wconf 87' lang='lat' dir='ltr'>p.</span> <span class='ocrx_word' id='word_1_379' title='bbox 797 3848 916 3897; x_wconf 87' lang='grc'><strong>969.</strong></span> <span class='ocrx_word' id='word_1_380' title='bbox 977 3846 1118 3896; x_wconf 86' lang='lat' dir='ltr'>Eum</span> <span class='ocrx_word' id='word_1_381' title='bbox 1154 3846 1253 3896; x_wconf 90' lang='lat' dir='ltr'>sub</span> <span class='ocrx_word' id='word_1_382' title='bbox 1292 3846 1504 3895; x_wconf 87' lang='lat' dir='ltr'>Nerone</span> <span class='ocrx_word' id='word_1_383' title='bbox 1541 3845 1751 3909; x_wconf 78' lang='lat' dir='ltr'>aliquos</span> <span class='ocrx_word' id='word_1_384' title='bbox 1800 3852 1941 3894; x_wconf 80' lang='lat' dir='ltr'>certe</span> <span class='ocrx_word' id='word_1_385' title='bbox 1978 3844 2156 3893; x_wconf 87' lang='lat' dir='ltr'>adhuc</span> <span class='ocrx_word' id='word_1_386' title='bbox 2202 3860 2371 3893; x_wconf 81' lang='lat' dir='ltr'>annos</span> <span class='ocrx_word' id='word_1_387' title='bbox 2408 3843 2653 3893; x_wconf 59' lang='lat' dir='ltr'>andaone-</span> 
     </span>
     <span class='ocr_line' id='line_1_34' title="bbox 187 3930 2653 3999; baseline 0.001 -22"><span class='ocrx_word' id='word_1_388' title='bbox 187 3930 476 3994; x_wconf 76' lang='lat' dir='ltr'>praefuisse,</span> <span class='ocrx_word' id='word_1_389' title='bbox 503 3933 630 3983; x_wconf 86' lang='lat' dir='ltr'>inde</span> <span class='ocrx_word' id='word_1_390' title='bbox 655 3935 920 3999; x_wconf 82' lang='lat' dir='ltr'>sequitur:</span> <span class='ocrx_word' id='word_1_391' title='bbox 959 3933 1104 3999; x_wconf 87' lang='lat' dir='ltr'>quod</span> <span class='ocrx_word' id='word_1_392' title='bbox 1135 3932 1276 3983; x_wconf 89' lang='lat' dir='ltr'>idem</span> <span class='ocrx_word' id='word_1_393' title='bbox 1307 3933 1663 3982; x_wconf 82' lang='lat' dir='ltr'>Historiarum</span> <span class='ocrx_word' id='word_1_394' title='bbox 1689 3931 1932 3997; x_wconf 87' lang='lat' dir='ltr'>scriptor,</span> <span class='ocrx_word' id='word_1_395' title='bbox 1966 3932 2058 3980; x_wconf 89' lang='lat' dir='ltr'>ubi</span> <span class='ocrx_word' id='word_1_396' title='bbox 2082 3932 2242 3979; x_wconf 81' lang='lat' dir='ltr'>refert</span> <span class='ocrx_word' id='word_1_397' title='bbox 2268 3946 2407 3995; x_wconf 86' lang='lat' dir='ltr'>quae</span> <span class='ocrx_word' id='word_1_398' title='bbox 2433 3930 2653 3979; x_wconf 81' lang='lat' dir='ltr'>Judacis</span> 
     </span>
     <span class='ocr_line' id='line_1_35' title="bbox 187 4012 2652 4085; baseline -0.001 -17"><span class='ocrx_word' id='word_1_399' title='bbox 187 4012 272 4064; x_wconf 82' lang='lat' dir='ltr'>hoc</span> <span class='ocrx_word' id='word_1_400' title='bbox 305 4016 630 4083; x_wconf 82' lang='lat' dir='ltr'>Imperatore</span> <span class='ocrx_word' id='word_1_401' title='bbox 657 4024 709 4069; x_wconf 97' lang='lat' dir='ltr'>et</span> <span class='ocrx_word' id='word_1_402' title='bbox 733 4020 913 4070; x_wconf 81' lang='lat' dir='ltr'>Felice</span> <span class='ocrx_word' id='word_1_403' title='bbox 945 4026 1292 4085; x_wconf 85' lang='lat' dir='ltr'>procuratore</span> <span class='ocrx_word' id='word_1_404' title='bbox 1325 4019 1663 4083; x_wconf 84' lang='lat' dir='ltr'>acciderunt3</span> <span class='ocrx_word' id='word_1_405' title='bbox 1700 4018 1880 4083; x_wconf 80' lang='lat' dir='ltr'>Antiq.</span> <span class='ocrx_word' id='word_1_406' title='bbox 1908 4034 1952 4067; x_wconf 89' lang='lat' dir='ltr'>c.</span> <span class='ocrx_word' id='word_1_407' title='bbox 1981 4018 2013 4067; x_wconf 91' lang='lat'>1.</span> <span class='ocrx_word' id='word_1_408' title='bbox 2041 4018 2090 4080; x_wconf 90' lang='lat'>8,</span> <span class='ocrx_word' id='word_1_409' title='bbox 2120 4019 2167 4067; x_wconf 82' lang='lat'>6.</span> <span class='ocrx_word' id='word_1_410' title='bbox 2195 4034 2245 4081; x_wconf 90' lang='lat' dir='ltr'>p.</span> <span class='ocrx_word' id='word_1_411' title='bbox 2273 4020 2391 4066; x_wconf 82' lang='grc'><strong>972.</strong></span> <span class='ocrx_word' id='word_1_412' title='bbox 2418 4016 2485 4065; x_wconf 88' lang='lat' dir='ltr'>dc</span> <span class='ocrx_word' id='word_1_413' title='bbox 2513 4016 2652 4065; x_wconf 84' lang='lat' dir='ltr'>bello</span> 
     </span>
     <span class='ocr_line' id='line_1_36' title="bbox 188 4100 2655 4171; baseline 0.002 -23"><span class='ocrx_word' id='word_1_414' title='bbox 188 4100 295 4151; x_wconf 78' lang='lat' dir='ltr'>Jud.</span> <span class='ocrx_word' id='word_1_415' title='bbox 329 4104 394 4155; x_wconf 89' lang='lat'>11.</span> <span class='ocrx_word' id='word_1_416' title='bbox 435 4110 518 4169; x_wconf 84' lang='lat'>13,</span> <span class='ocrx_word' id='word_1_417' title='bbox 557 4109 606 4155; x_wconf 83' lang='lat'>5.</span> <span class='ocrx_word' id='word_1_418' title='bbox 652 4122 704 4171; x_wconf 87' lang='lat' dir='ltr'>p.</span> <span class='ocrx_word' id='word_1_419' title='bbox 745 4108 860 4156; x_wconf 78' lang='lat'>175.</span> <span class='ocrx_word' id='word_1_420' title='bbox 921 4107 1168 4171; x_wconf 82' lang='lat' dir='ltr'>Aegyptii</span> <span class='ocrx_word' id='word_1_421' title='bbox 1220 4105 1498 4155; x_wconf 87' lang='lat' dir='ltr'>cuiusdam</span> <span class='ocrx_word' id='word_1_422' title='bbox 1545 4106 1808 4168; x_wconf 88' lang='lat' dir='ltr'>meminit,</span> <span class='ocrx_word' id='word_1_423' title='bbox 1858 4106 1949 4168; x_wconf 84' lang='lat' dir='ltr'>qni</span> <span class='ocrx_word' id='word_1_424' title='bbox 1994 4106 2049 4152; x_wconf 89' lang='lat' dir='ltr'>in</span> <span class='ocrx_word' id='word_1_425' title='bbox 2094 4104 2361 4153; x_wconf 69' lang='lat' dir='ltr'>Judaeum</span> <span class='ocrx_word' id='word_1_426' title='bbox 2407 4104 2553 4151; x_wconf 79' lang='lat' dir='ltr'>venit</span> <span class='ocrx_word' id='word_1_427' title='bbox 2602 4108 2655 4152; x_wconf 86' lang='lat' dir='ltr'>et</span> 
     </span>
     <span class='ocr_line' id='line_1_37' title="bbox 189 4188 2653 4258; baseline 0 -21"><span class='ocrx_word' id='word_1_428' title='bbox 189 4190 454 4253; x_wconf 83' lang='lat' dir='ltr'>prophetae</span> <span class='ocrx_word' id='word_1_429' title='bbox 503 4209 696 4243; x_wconf 87' lang='lat' dir='ltr'>munus</span> <span class='ocrx_word' id='word_1_430' title='bbox 745 4194 849 4243; x_wconf 87' lang='lat' dir='ltr'>sibi</span> <span class='ocrx_word' id='word_1_431' title='bbox 905 4208 1162 4258; x_wconf 85' lang='lat' dir='ltr'>arrogans</span> <span class='ocrx_word' id='word_1_432' title='bbox 1218 4192 1580 4257; x_wconf 84' lang='lat' dir='ltr'>compluribus</span> <span class='ocrx_word' id='word_1_433' title='bbox 1633 4191 1951 4241; x_wconf 84' lang='lat' dir='ltr'>seditionem</span> <span class='ocrx_word' id='word_1_434' title='bbox 2004 4190 2190 4239; x_wconf 82' lang='lat' dir='ltr'>suasit.</span> <span class='ocrx_word' id='word_1_435' title='bbox 2264 4190 2383 4249; x_wconf 80' lang='lat' dir='ltr'>Quo</span> <span class='ocrx_word' id='word_1_436' title='bbox 2440 4188 2653 4251; x_wconf 81' lang='lat' dir='ltr'>cognito</span> 
     </span>
     <span class='ocr_line' id='line_1_38' title="bbox 191 4274 2651 4343; baseline 0 -20"><span class='ocrx_word' id='word_1_437' title='bbox 191 4274 322 4325; x_wconf 72' lang='lat' dir='ltr'>Felix</span> <span class='ocrx_word' id='word_1_438' title='bbox 353 4279 502 4329; x_wconf 85' lang='lat' dir='ltr'>iubet</span> <span class='ocrx_word' id='word_1_439' title='bbox 539 4280 730 4331; x_wconf 84' lang='lat' dir='ltr'>milites</span> <span class='ocrx_word' id='word_1_440' title='bbox 767 4280 1052 4331; x_wconf 80' lang='lat' dir='ltr'>seditiosos</span> <span class='ocrx_word' id='word_1_441' title='bbox 1090 4279 1370 4341; x_wconf 86' lang='lat' dir='ltr'>invadere,</span> <span class='ocrx_word' id='word_1_442' title='bbox 1417 4281 1697 4343; x_wconf 85' lang='lat' dir='ltr'>caesisque</span> <span class='ocrx_word' id='word_1_443' title='bbox 1736 4294 1915 4327; x_wconf 88' lang='lat' dir='ltr'>eorum</span> <span class='ocrx_word' id='word_1_444' title='bbox 1956 4276 2356 4341; x_wconf 85' lang='lat' dir='ltr'>quadringentis</span> <span class='ocrx_word' id='word_1_445' title='bbox 2396 4275 2651 4324; x_wconf 84' lang='lat' dir='ltr'>ducentos</span> 
     </span>
     <span class='ocr_line' id='line_1_39' title="bbox 191 4361 2653 4433; baseline 0.002 -26"><span class='ocrx_word' id='word_1_446' title='bbox 191 4361 321 4411; x_wconf 77' lang='lat' dir='ltr'>vivos</span> <span class='ocrx_word' id='word_1_447' title='bbox 355 4368 511 4431; x_wconf 88' lang='lat' dir='ltr'>cepit.</span> <span class='ocrx_word' id='word_1_448' title='bbox 561 4365 858 4431; x_wconf 75' lang='lat' dir='ltr'>Aegyptius</span> <span class='ocrx_word' id='word_1_449' title='bbox 893 4368 1010 4432; x_wconf 86' lang='lat' dir='ltr'>ipse</span> <span class='ocrx_word' id='word_1_450' title='bbox 1045 4380 1228 4431; x_wconf 82' lang='lat' dir='ltr'>pugna</span> <span class='ocrx_word' id='word_1_451' title='bbox 1264 4365 1482 4433; x_wconf 72' lang='lat' dir='ltr'>elapsus</span> <span class='ocrx_word' id='word_1_452' title='bbox 1519 4364 1797 4429; x_wconf 84' lang='lat' dir='ltr'>disparuit.</span> <span class='ocrx_word' id='word_1_453' title='bbox 1849 4364 1981 4413; x_wconf 85' lang='lat' dir='ltr'>Cum</span> <span class='ocrx_word' id='word_1_454' title='bbox 2008 4362 2159 4411; x_wconf 82' lang='lat' dir='ltr'>Felix</span> <span class='ocrx_word' id='word_1_455' title='bbox 2198 4362 2403 4411; x_wconf 87' lang='lat' dir='ltr'>audiret</span> <span class='ocrx_word' id='word_1_456' title='bbox 2428 4361 2653 4413; x_wconf 85' lang='lat' dir='ltr'>Paulum</span> 
     </span>
     <span class='ocr_line' id='line_1_40' title="bbox 193 4448 2653 4519; baseline 0 -22"><span class='ocrx_word' id='word_1_457' title='bbox 193 4462 358 4509; x_wconf 68' lang='lat' dir='ltr'>graece</span> <span class='ocrx_word' id='word_1_458' title='bbox 410 4452 744 4519; x_wconf 86' lang='lat' dir='ltr'>loquentem,</span> <span class='ocrx_word' id='word_1_459' title='bbox 802 4454 1040 4519; x_wconf 85' lang='lat' dir='ltr'>suspicio</span> <span class='ocrx_word' id='word_1_460' title='bbox 1097 4452 1172 4502; x_wconf 86' lang='lat' dir='ltr'>illi</span> <span class='ocrx_word' id='word_1_461' title='bbox 1229 4456 1360 4501; x_wconf 86' lang='lat' dir='ltr'>nata</span> <span class='ocrx_word' id='word_1_462' title='bbox 1410 4457 1517 4514; x_wconf 87' lang='lat' dir='ltr'>est,</span> <span class='ocrx_word' id='word_1_463' title='bbox 1579 4454 1789 4501; x_wconf 84' lang='lat' dir='ltr'>essetne</span> <span class='ocrx_word' id='word_1_464' title='bbox 1836 4449 2038 4499; x_wconf 86' lang='lat' dir='ltr'>Paulus</span> <span class='ocrx_word' id='word_1_465' title='bbox 2088 4448 2311 4498; x_wconf 83' lang='lat' dir='ltr'>forsitan</span> <span class='ocrx_word' id='word_1_466' title='bbox 2358 4448 2653 4513; x_wconf 77' lang='lat' dir='ltr'>Aegyptius</span> 
     </span>
     <span class='ocr_line' id='line_1_41' title="bbox 191 4532 2653 4607; baseline 0.001 -26"><span class='ocrx_word' id='word_1_467' title='bbox 191 4532 292 4597; x_wconf 86' lang='lat' dir='ltr'>ille,</span> <span class='ocrx_word' id='word_1_468' title='bbox 335 4540 421 4603; x_wconf 85' lang='lat' dir='ltr'>qui</span> <span class='ocrx_word' id='word_1_469' title='bbox 467 4538 615 4590; x_wconf 83' lang='lat' dir='ltr'>haud</span> <span class='ocrx_word' id='word_1_470' title='bbox 659 4541 733 4590; x_wconf 84' lang='lat' dir='ltr'>ita</span> <span class='ocrx_word' id='word_1_471' title='bbox 768 4541 972 4607; x_wconf 87' lang='lat' dir='ltr'>pridem</span> <span class='ocrx_word' id='word_1_472' title='bbox 1020 4540 1336 4589; x_wconf 81' lang='lat' dir='ltr'>seditionem</span> <span class='ocrx_word' id='word_1_473' title='bbox 1383 4540 1701 4589; x_wconf 79' lang='lat' dir='ltr'>excitasset?</span> <span class='ocrx_word' id='word_1_474' title='bbox 1736 4536 1851 4586; x_wconf 87' lang='lat' dir='ltr'>Act.</span> <span class='ocrx_word' id='word_1_475' title='bbox 1893 4538 1975 4597; x_wconf 89' lang='grc'>21,</span> <span class='ocrx_word' id='word_1_476' title='bbox 2014 4536 2099 4585; x_wconf 85' lang='grc'><strong>38.</strong></span> <span class='ocrx_word' id='word_1_477' title='bbox 2162 4534 2317 4585; x_wconf 77' lang='lat' dir='ltr'>Unde</span> <span class='ocrx_word' id='word_1_478' title='bbox 2355 4535 2653 4599; x_wconf 81' lang='lat' dir='ltr'>colligimus</span> 
     </span>
     <span class='ocr_line' id='line_1_42' title="bbox 195 4620 2653 4692; baseline -0.001 -18"><span class='ocrx_word' id='word_1_479' title='bbox 195 4620 503 4689; x_wconf 74' lang='lat' dir='ltr'>Aegyptium,</span> <span class='ocrx_word' id='word_1_480' title='bbox 539 4627 850 4692; x_wconf 84' lang='lat' dir='ltr'>priusquam</span> <span class='ocrx_word' id='word_1_481' title='bbox 887 4625 1180 4692; x_wconf 82' lang='lat' dir='ltr'>Apostolus</span> <span class='ocrx_word' id='word_1_482' title='bbox 1215 4626 1268 4674; x_wconf 87' lang='lat' dir='ltr'>in</span> <span class='ocrx_word' id='word_1_483' title='bbox 1319 4624 1536 4674; x_wconf 83' lang='lat' dir='ltr'>vincula</span> <span class='ocrx_word' id='word_1_484' title='bbox 1572 4624 1788 4673; x_wconf 85' lang='lat' dir='ltr'>daretur</span> <span class='ocrx_word' id='word_1_485' title='bbox 1822 4624 1857 4673; x_wconf 86' lang='lat' dir='ltr'>i.</span> <span class='ocrx_word' id='word_1_486' title='bbox 1897 4638 1941 4672; x_wconf 92' lang='lat' dir='ltr'>e.</span> <span class='ocrx_word' id='word_1_487' title='bbox 1972 4623 2257 4671; x_wconf 75' lang='lat' dir='ltr'>biennium</span> <span class='ocrx_word' id='word_1_488' title='bbox 2296 4626 2418 4671; x_wconf 80' lang='lat' dir='ltr'>ante</span> <span class='ocrx_word' id='word_1_489' title='bbox 2456 4620 2653 4671; x_wconf 81' lang='lat' dir='ltr'>Felicis</span> 
     </span>
    </p>
   </div>
  </div>
 </body>
</html>
