3267 5259
589 472 722 543 434
1329 484 1446 532 nist.
1475 482 1583 531 nov.
1612 482 1703 531 div.
1732 484 1899 531 Period.
1928 482 1985 531 11.
2006 500 2099 541 cap.
2128 484 2326 541 primum.

593 668 976 729 incertissimis,
1015 666 1125 717 fere
1164 667 1368 717 diceres
1406 667 1580 731 nug-is,
1617 670 1960 729 superstruat.
2012 666 2149 715 Cum
2176 672 2385 716 veteres
2424 682 2648 715 aureum
2678 664 2915 715 Actunm
2954 680 3081 729 opus

593 755 731 803 iuste
779 754 926 803 miris
973 753 1250 805 celebrant
1291 751 1571 815 laudibus3
1621 752 1809 803 horum
1856 752 2061 803 dierum
2108 753 2399 817 scriptores
2438 756 2561 818 quis
2611 751 2774 817 plura
2822 768 2867 801 s.
2906 752 3083 803 Lucae

593 846 821 905 peccata
843 841 1036 905 probro
1059 845 1282 902 vertere,
1311 840 1432 905 quis
1459 844 1679 904 propter
1696 853 1778 901 ea,
1804 854 1945 903 quae
1966 845 2061 889 aut
2076 840 2354 904 scripserit
2376 845 2473 890 aut
2494 840 2735 889 omiserit
2762 838 3083 889 malitiosius

594 934 648 977 et
667 929 904 979 odiosius
925 944 1044 977 eum
1071 927 1456 992 reprehendere
1481 928 1669 991 possit,
1698 928 1836 977 inter
1852 942 1911 976 se
1932 932 2154 976 certant.
2182 926 2416 991 Copiose
2443 926 2512 977 de
2538 926 2622 976 bis
2648 926 2893 991 aliisque
2919 928 3087 976 nostri

591 1016 844 1079 temporis
886 1011 1216 1083 παρερμείαις,
1265 1029 1368 1079 que
1412 1029 1518 1063 non
1562 1014 1680 1063 sine
1724 1013 1943 1064 fastidio
1988 1014 2095 1079 legi
2132 1019 2383 1077 possunt,
2424 1013 2733 1077 disputant:
2784 1013 2852 1063 G.
2890 1014 3085 1077 Meyer,

592 1101 998 1167 Apostelgescb.
1035 1101 1180 1151 Einl.
1206 1116 1257 1167 p.
1284 1104 1331 1151 8.
1355 1118 1398 1151 s.
1435 1101 1498 1150 A.
1523 1102 1711 1161 Maier,
1748 1103 1805 1150 in
1840 1116 1963 1151 ann.
1989 1101 2138 1151 Frib.
2165 1099 2330 1151 theol.
2356 1100 2681 1151 Zeitschrift.
2722 1101 2815 1150 VI.
2854 1106 2902 1162 l,
2930 1102 3015 1151 82.
3038 1116 3077 1149 s.

592 1189 736 1239 xlx.
762 1193 808 1251 1,
829 1191 914 1240 36.
935 1204 978 1239 s.
1015 1188 1242 1251 Ebrard,
1267 1190 1408 1238 wiss.
1435 1188 1616 1238 Kritik
1640 1204 1694 1253 p.
1721 1190 1839 1239 695.
1872 1188 1941 1238 E.
1958 1189 2023 1239 A.
2044 1186 2429 1250 Schwanbeck,
2454 1189 2590 1239 iiber
2614 1188 2703 1238 die
2728 1188 2967 1249 Quellen
2990 1188 3079 1237 der

591 1274 1140 1341 Apostelgeschichte.
1179 1276 1414 1325 Dsrmst.
1453 1276 1604 1325 1847.
1642 1290 1693 1340 p.
1724 1276 1809 1325 94.
1835 1290 1879 1324 s.
1915 1275 2332 1340 Hergenrother,
2370 1274 2437 1324 de
2477 1274 2634 1325 nath.
2669 1273 2827 1324 Eecl.
2864 1277 3081 1339 primor-

593 1363 694 1413 diis
719 1378 772 1428 p.
807 1364 855 1412 4.
883 1378 922 1411 s.
965 1362 1028 1413 G.
1056 1362 1266 1424 Sccchi,
1303 1362 1360 1413 la
1395 1362 1536 1412 Catt.
1575 1360 1749 1411 Aless.
1788 1362 1843 1411 di
1880 1378 1922 1411 s.
1960 1362 2144 1412 Marco
2182 1378 2235 1427 p.
2262 1363 2378 1414 162.
2406 1376 2448 1411 s.
2501 1362 2565 1411 E.
2604 1362 2955 1425 Lekebusch,
2994 1362 3079 1411 die

594 1450 966 1515 Composition
1003 1466 1055 1499 n.
1095 1450 1439 1515 Entstehung
1475 1449 1570 1499 der
1593 1447 2146 1514 Apostelgeschichte.
2186 1448 2366 1499 Gotha
2395 1450 2545 1499 1854.
2570 1466 2623 1514 p.
2650 1451 2773 1499 236.
2800 1464 2846 1498 s.
2885 1448 3081 1503 Schaff.

593 1536 916 1587 Geschichte
953 1538 1048 1588 der
1083 1552 1168 1601 ap.
1207 1536 1406 1587 Kirche
1442 1552 1495 1602 p.
1534 1538 1653 1587 593.
1681 1553 1724 1587 s.
1762 1536 1971 1599 Ranke,
2006 1536 2073 1587 de
2109 1536 2261 1587 libris
2297 1536 2424 1587 hist.
2461 1538 2526 1587 N.
2550 1537 2613 1587 T.
2651 1553 2703 1602 p.
2732 1538 2819 1587 24.
2844 1552 2888 1587 s.
2926 1537 2990 1586 P.
3016 1537 3083 1585 R.

589 1625 837 1687 Mertian,
877 1624 930 1674 S.
966 1623 1038 1687 J.,
1077 1624 1143 1675 de
1180 1624 1236 1675 la
1271 1623 1460 1675 valeur
1503 1623 1803 1689 historique
1852 1623 1950 1673 des
1998 1624 2159 1674 Actes
2208 1624 2303 1673 des
2349 1626 2595 1689 Apotres,
2645 1626 2704 1673 in
2740 1622 2956 1673 Etudes
2992 1623 3083 1673 rel.

589 1712 714 1762 hist.
752 1717 806 1761 et
841 1709 920 1761 lit.
957 1711 1082 1762 Par.
1122 1713 1271 1762 1862.
1311 1726 1362 1776 p.
1398 1713 1516 1761 577.
1555 1711 1879 1762 Refutantur
1915 1716 1969 1761 et
2004 1711 2383 1762 convelluntur
2415 1712 2553 1762 istae
2588 1712 2900 1761 sententiae
2935 1725 3079 1761 cum·

591 1800 774 1863 primis
823 1816 888 1849 ex
924 1798 1078 1849 Libri
1125 1804 1463 1865 argumento,
1515 1798 1662 1863 quod
1708 1798 2012 1849 cuiusmodi
2056 1800 2129 1849 sit
2172 1799 2513 1849 historiarum
2562 1804 2869 1849 nostrarum
2916 1799 3083 1847 series

591 1886 788 1936 docuit.
838 1886 1132 1951 Postquam
1159 1915 1224 1923 —
1249 1890 1310 1935 ut
1345 1887 1534 1950 paucis
1570 1900 1831 1936 summam
1868 1886 1946 1936 rei
1980 1887 2037 1935 in
2072 1886 2381 1937 memoriam
2416 1901 2732 1936 revocemus
2769 1912 2839 1923 —
2874 1884 3077 1935 Christi

588 1975 644 2023 in
681 1972 864 2024 coelos
899 1973 1147 2035 reditum,
1184 1974 1606 2038 promissamque
1642 1973 1699 2022 in
1726 1974 1843 2023 eius
1880 1972 2175 2037 discipulos
2202 1972 2515 2025 effusionem
2542 1972 2777 2038 Spiritus
2814 1972 2871 2023 S.
2896 1988 3083 2022 narra-

592 2066 746 2111 verat
781 2062 1032 2125 scriptor3
1081 2060 1244 2111 refert
1279 2074 1439 2125 quam
1477 2060 1883 2111 accommodate
1920 2059 1991 2110 ad
2026 2060 2095 2111 D.
2133 2061 2195 2111 N.
2231 2061 2284 2112 J.
2323 2060 2418 2111 ch.
2457 2060 2793 2111 voluntatem
2830 2058 3085 2110 Ecclesia

591 2153 726 2210 orta,
781 2148 1029 2198 maximis
1085 2147 1264 2197 subito
1320 2149 1663 2197 incrementis
1718 2154 1882 2197 aucta
1937 2152 1992 2197 et
2044 2147 2285 2198 stabilita
2337 2147 2515 2198 fuerit.
2574 2148 2755 2197 Huius
2803 2162 2933 2197 vero
2970 2147 3089 2196 fata

589 2237 816 2299 primum
841 2234 1199 2299 Jerosolymis
1235 2240 1398 2300 atque
1435 2236 1490 2283 in
1516 2232 1744 2296 Judaea,
1784 2234 1979 2285 deinde
2015 2236 2071 2283 in
2108 2234 2365 2297 Samaria,
2404 2240 2529 2299 post
2562 2236 2703 2284 inter
2738 2234 3087 2300 alienigenas

593 2322 772 2373 tradit.
828 2321 1244 2373 concedendum
1283 2326 1464 2372 tamen
1500 2326 1596 2384 est,
1632 2321 1781 2387 quod
1806 2337 1968 2387 supra
1990 2323 2099 2373 iam
2122 2324 2506 2386 concessimus,
2531 2339 2573 2373 s.
2598 2324 2808 2373 Lucam
2834 2329 3089 2373 exactam

591 2407 798 2459 saeculi
853 2410 1144 2474 apostolici
1202 2408 1480 2459 historiam
1545 2409 1848 2459 elucubrari
1901 2408 2156 2460 noluisse.
2216 2410 2339 2460 Hoc
2392 2410 2521 2461 inde
2572 2410 2863 2461 manifeste
2916 2417 3089 2476 patet,

590 2496 734 2561 quod
771 2496 940 2547 multa
976 2511 1118 2561 quae
1152 2497 1209 2545 in
1245 2495 1404 2546 Pauli
1452 2494 1692 2561 epistolis
1730 2495 1996 2563 leguntur,
2042 2496 2261 2548 silentio
2297 2499 2795 2563 praetermittantur
2832 2499 2893 2547 in
2929 2499 3085 2548 Actis

588 2584 714 2649 Ap.;
751 2599 908 2648 porro
946 2588 1092 2635 tacet
1127 2600 1169 2633 s.
1205 2582 1474 2634 Jacobum
1509 2599 1543 2633 a
1576 2582 1803 2634 Judaeis
1842 2589 2009 2635 morte
2046 2583 2320 2648 affectum3
2363 2600 2543 2649 neque
2578 2586 2918 2635 mentionem
2954 2585 3089 2635 facit

589 2672 896 2734 haereseon,
944 2685 1079 2736 quas
1125 2676 1304 2721 tamen
1351 2672 1622 2721 exstitisse
1668 2670 2052 2737 Apostolorum
2100 2670 2291 2722 literae
2326 2678 2611 2722 testantur.
2662 2671 2773 2722 Sed
2810 2672 2887 2723 ad
2920 2688 3087 2723 unum

591 2759 773 2808 omnia
807 2758 1062 2823 proferre,
1099 2756 1249 2808 nullo
1287 2758 1447 2808 modo
1485 2758 1534 2808 ei
1567 2760 1931 2809 necessarium
1968 2758 2085 2809 fuit.
2134 2759 2203 2812 D.
2229 2758 2443 2822 Aberle,
2481 2760 2575 2825 qui
2614 2760 2671 2809 in
2698 2758 3088 2811 dissertatione

591 2843 852 2909 peculiari
889 2860 1058 2910 esque
1095 2846 1231 2896 satis
1267 2846 1444 2911 ampla
1471 2876 1535 2883 —-
1573 2845 1761 2898 Theol.
1788 2845 2219 2907 Quartalschrift.
2246 2847 2383 2897 Tiib.
2412 2847 2565 2897 1855.
2589 2847 2729 2897 fiber
2755 2847 2863 2897 den
2892 2847 3087 2897 zweclt

590 2933 683 2983 der
734 2932 1140 2997 Apostelgesch.
1180 2948 1232 2998 p.
1273 2935 1388 2986 137.
1432 2948 1544 2999 seq.
1581 2962 1649 2971 —
1688 2934 1936 2985 doctrina
1990 2934 2411 2999 sagacitatisque
2464 2932 2805 2999 plenissima,
2864 2934 2935 2985 de
2986 2936 3087 2984 hac

589 3036 646 3069 re
684 3024 1087 3082 commentatur,
1125 3018 1414 3071 consilium
1449 3020 1576 3071 libri
1615 3022 1671 3071 in
1708 3020 1961 3071 vindiciis
2010 3022 2161 3087 ponit
2196 3019 2473 3086 religionis
2512 3020 2871 3081 christianae,
2908 3022 3085 3087 quoad

595 3121 686 3157 eas
723 3105 1014 3158 relationes
1050 3109 1261 3170 attinet,
1298 3109 1494 3173 quibus
1533 3123 1632 3158 ceu
1669 3108 1939 3158 institutio
1980 3113 2199 3158 externa
2235 3122 2355 3157 cum
2389 3107 2621 3159 Judaeis
2660 3114 2717 3159 et
2752 3111 3081 3175 magistratu

590 3208 808 3244 romano
865 3196 920 3243 in
971 3199 1274 3245 contactum
1325 3196 1600 3258 veniebat3
1663 3196 1741 3245 ita
1786 3200 1851 3245 ut
1901 3194 2098 3245 Judaei
2156 3200 2529 3257 accusatores,
2586 3195 2827 3247 Romani
2881 3197 3087 3247 iudices

588 3281 801 3332 fuerint.
863 3281 1110 3331 Proxime
1147 3286 1324 3332 autem
1370 3298 1411 3335 s.
1437 3283 1645 3333 Lucam
1680 3282 1941 3332 inservire
1977 3280 2216 3333 voluisse
2252 3281 2555 3333 defensioni
2593 3283 2647 3333 d.
2681 3282 2850 3334 Pauli
2902 3290 3083 3334 contra

587 3369 768 3433 capita
803 3369 1194 3421 criminationis
1231 3369 1432 3420 Romae
1467 3368 1636 3419 Plura.
1671 3369 1706 3419 l.
1746 3371 1801 3419 in
1838 3368 2155 3419 Protheoria
2190 3386 2243 3422 n.
2282 3372 2362 3420 19.
2402 3375 2458 3419 et
2492 3372 2578 3421 20.

1209 3649 1269 3727 ξ.
1317 3650 1420 3715 86.
1483 3644 1851 3732 Epistola
1894 3645 1986 3710 ad
2030 3643 2447 3731 Ephesios.

797 3834 860 3900 S.
894 3834 1134 3899 Paulus
1165 3835 1520 3922 Apostolus
1565 3836 1959 3923 praevidens
2003 3837 2234 3922 spiritu
2277 3836 2666 3923 prophetico
2718 3842 3083 3926 perieulum

591 3947 767 4035 quod
797 3947 1098 4035 Ephesiis
1144 3972 1186 4013 a
1229 3948 1406 4013 falsis
1446 3947 1822 4014 doctoribus
1852 3948 2232 4013 imminebat
2258 3952 2297 4033 ¹,
2342 3972 2511 4015 neve
2550 3950 2819 4036 pudore
2866 3957 3087 4019 vincu-

587 4060 818 4143 lorum,
867 4060 1100 4146 quibus
1144 4060 1394 4127 Romae
1450 4084 1570 4147 pro
1617 4061 1982 4147 Evangelio
2042 4061 2409 4145 tenebatur,
2456 4086 2497 4127 a
2540 4062 2677 4128 fide
2726 4076 2797 4129 et
2842 4069 3087 4153 pietate

591 4172 1028 4239 declinarent:
1090 4174 1404 4261 impulsus
1450 4198 1567 4239 suo
1615 4176 1681 4239 in
1726 4174 2050 4261 Ephesios
2096 4196 2347 4259 amore,
2408 4176 2528 4239 has
2576 4175 2767 4242 dedit
2812 4178 2901 4244 ad
2944 4178 3087 4243 illos

589 4284 826 4351 literas,
903 4286 981 4351 In
1027 4288 1164 4352 istis
1215 4287 1477 4374 quidem
1523 4288 1881 4375 praecipua
1926 4289 2235 4373 mysteria
2277 4288 2609 4374 religionis
2667 4290 3089 4375 christianae,

592 4406 656 4462 et
700 4399 1036 4485 perfectae
1078 4402 1251 4465 vitae
1285 4411 1661 4488 praecepta,
1706 4411 1840 4465 tam
1872 4399 2091 4465 subtili
2122 4399 2452 4465 scribendi
2491 4400 2695 4468 modo
2742 4410 3090 4492 exposuit3

595 4583 1001 4593 ——.—---—.‚-.⁶

802 4670 837 4736 ¹)
875 4672 1006 4721 0011.
1044 4671 1161 4722 Act.
1200 4675 1284 4736 20,
1323 4676 1404 4723 29.
1443 4675 1526 4723 30.
1579 4674 1641 4723 v,
1681 4672 1747 4725 Η.
1784 4673 1849 4723 N.
1886 4675 1948 4723 T.
1986 4691 2037 4741 p.
2075 4676 2194 4725 378.
