3267 5259
666 428 795 493 494
1399 443 1515 485 Hist.
1546 442 1652 485 Rev.
1681 442 1771 485 div.
1803 442 1968 486 Pei-iod.
1999 443 2054 485 11.
2075 457 2168 496 cap.
2197 444 2398 486 alterum.

667 618 1007 685 nicationis
1066 616 1549 683 misericordiae
1613 617 1902 701 divinae,
1967 641 2050 683 ex
2098 641 2230 705 qua
2274 621 2524 701 vocati3
2585 620 2770 704 pacis
2816 619 2902 683 ad
2947 641 3130 705 quam

667 732 916 812 vocati3
980 739 1042 794 et
1103 731 1386 795 caritatis
1446 740 1579 794 tam
1640 730 1769 795 Dei
1831 754 1988 817 erga
2048 731 2310 815 fideleS,
2378 753 2574 818 quam
2634 733 2928 818 ipsorum
2987 754 3131 817 erga

666 842 885 906 Deum
932 852 997 906 et
1052 843 1384 928 proximos
1412 846 1450 907 ¹.
1521 843 1688 908 Cum
1745 866 1903 909 vero
1951 843 2257 929 exempla
2318 868 2452 910 non
2517 843 2726 909 solum
2782 844 2870 908 ad
2913 844 3132 930 proba-

666 956 944 1038 tionem3
993 954 1109 1019 sed
1144 964 1209 1019 et
1239 954 1323 1019 ad
1355 958 1863 1021 commotionem
1895 957 2171 1021 affectus
2201 956 2551 1043 plurimum
2595 956 2890 1022 valeant:
2937 959 3134 1021 visum

668 1078 766 1133 est
796 1092 842 1133 s.
875 1067 1090 1133 Judae
1136 1070 1259 1133 tria
1303 1070 1619 1155 proferre,
1671 1069 1906 1155 quibus
1940 1092 2054 1135 eos
2085 1092 2124 1133 a
2155 1070 2465 1134 societate
2495 1068 3132 1155 flagitiosissimorum

664 1180 997 1245 hominum
1044 1181 1395 1248 abstrahat.
1441 1182 1529 1246 Et
1570 1182 2104 1269 quandoquidem
2136 1185 2262 1247 tria
2305 1184 2372 1247 in
2414 1182 2536 1247 illis
2581 1182 2918 1247 sceleratis
2963 1205 3132 1267 repe-

664 1292 1003 1358 riebantur
1049 1294 1336 1377 crimina,
1384 1294 1631 1360 scilicet
1675 1296 2094 1362 incredulitas
2139 1298 2206 1361 in
2251 1294 2546 1361 Verbum
2589 1296 2721 1361 Dei
2765 1294 3133 1375 revelatum,

666 1404 950 1472 defectio
997 1428 1037 1469 a
1081 1407 1489 1493 professione
1536 1408 1707 1491 fidei,
1759 1418 1825 1473 et
1869 1411 2286 1495 spurcissima
2330 1408 2626 1491 lascivia3
2675 1409 2954 1473 totidem
2997 1430 3132 1493 pro-

670 1517 880 1583 ductis
926 1520 991 1583 in
1036 1519 1319 1583 medium
1386 1520 1730 1607 exemplis:
1798 1522 2268 1605 Israelitarum,
2329 1523 2438 1608 qui
2497 1545 2631 1585 non
2693 1521 3132 1601 crediderunt3

662 1630 1093 1717 Angelorum,
1157 1636 1266 1719 qui
1313 1632 1724 1717 defecerunt3
1782 1644 1848 1699 et
1903 1634 2411 1717 Sodomitarum,
2475 1636 2585 1721 qui
2630 1633 3128 1699 libidinosissimi

665 1744 947 1809 fuerunt.
999 1745 1301 1811 Ostendit
1332 1756 1736 1833 quantopere
1767 1749 1892 1812 ista
1913 1747 2060 1813 Deo
2096 1747 2500 1834 displiceant,
2535 1758 2602 1811 et
2626 1770 2826 1833 quam
2857 1748 3135 1832 graviter

662 1858 729 1921 in
762 1880 841 1922 ea
870 1860 1029 1923 vitia
1075 1858 1551 1925 animadvertat
1572 1862 1615 1924 ².
1663 1859 1772 1926 Ad
1817 1860 1983 1925 haec
2029 1861 2212 1927 addit
2245 1869 2452 1943 notaS,
2501 1859 2738 1946 quibus
2783 1858 3022 1945 perditi
3051 1856 3129 1921 illi

662 1968 956 2035 homines
990 1972 1283 2058 dignosci
1318 1985 1579 2059 queant,
1628 1976 2022 2060 proterviam
2065 1976 2368 2039 nimirum
2402 1984 2468 2038 et
2499 1984 2906 2038 contemtum
2938 1973 3132 2036 cuius-

662 2086 761 2148 vis
821 2088 1189 2171 potestatis;
1250 2088 1405 2151 item
1461 2086 1899 2173 blasphemias
1962 2087 2300 2153 horribiles
2361 2090 2430 2151 in
2488 2088 2740 2166 omnia,
2807 2108 2978 2171 quae
3037 2081 3132 2147 vel

636 2197 1037 2293 'improbent
1078 2198 1185 2264 vel
1240 2223 1374 2265 non
1427 2200 1790 2285 intelligant
1807 2206 1848 2265 ³.
1917 2201 2256 2267 Laborant
2314 2223 2576 2287 quoque
2625 2210 2692 2263 et
2733 2198 2942 2263 altero
2989 2198 3132 2260 vitio

663 2308 950 2375 belluina
1010 2313 1296 2377 amentia
1313 2316 1357 2376 ·¹.
1427 2312 1595 2377 Nam
1659 2336 1827 2399 quae
1890 2313 2056 2379 duce
2105 2324 2338 2379 natura
2384 2314 2835 2399 experiuntur,
2883 2320 2954 2375 ut
2997 2319 3132 2374 sunt

878 2548 915 2611 ¹)
956 2549 1017 2597 V.
1058 2552 1103 2599 1.
1130 2552 1179 2597 2.
1216 2549 1365 2609 Quae
1404 2550 1656 2615 deinceps
1694 2566 1745 2598 v.
1783 2552 1971 2599 3—23.
2009 2550 2256 2615 leguntur
2291 2556 2415 2601 sunt
2451 2551 2674 2599 assertio
2713 2556 2768 2599 et
2811 2546 3132 2599 confirmatio

662 2636 1038 2701 propositionis
1092 2636 1357 2701 generalis
1402 2654 1451 2685 v.
1502 2640 1550 2686 3.
1608 2638 1784 2698 „Vera
1831 2637 2018 2702 religio
2065 2643 2118 2686 et
2153 2636 2420 2686 catholica
2469 2636 2600 2685 fides
2645 2644 2728 2686 est
2775 2637 2924 2685 omni
2969 2632 3131 2683 studio

660 2722 939 2784 servanda,
979 2728 1032 2771 et
1055 2738 1150 2788 pro
1189 2722 1373 2773 eadem
1411 2728 1624 2773 strenue
1663 2724 2023 2773 certandum.“
2064 2723 2244 2773 Causa
2280 2724 2561 2773 occasiove
2587 2722 2856 2773 scribendi
2895 2738 2937 2771 s.
2963 2720 3127 2769 Judae

660 2810 808 2860 fuere
842 2809 948 2872 illi,
986 2826 1121 2876 quos
1164 2816 1289 2860 ante
1323 2811 1735 2874 insinuavimus,
1785 2810 2066 2874 haeretici3
2113 2817 2167 2861 et
2202 2812 2292 2876 qui
2330 2828 2424 2877 per
2461 2811 2756 2860 doctrinam
2799 2809 3130 2871 nefariosque

660 2912 831 2947 mores
870 2902 1157 2947 extremam
1196 2897 1473 2947 Ecclesiae
1520 2900 1806 2963 perniciem
1853 2898 2206 2947 minabantur.
2262 2898 2658 2947 Profitebantur
2702 2896 2861 2946 fidem
2899 2895 3130 2946 sufficere

662 2984 865 3049 absque
892 2984 1157 3049 operibus,
1184 2986 1237 3033 in
1265 2984 1459 3050 quibus
1486 2985 1912 3050 depravatissimi
1941 2992 2106 3035 eraut.
2165 2986 2264 3033 His
2291 2984 2665 3051 oppugnandis
2691 3000 2901 3033 omnem
2927 2996 3130 3047 operam

660 3070 921 3136 impendit
957 3070 1009 3119 S.
1047 3070 1235 3120 Judas.
1286 3072 1545 3121 Hortatur
1582 3074 1842 3137 enixeque
1881 3078 2035 3136 rogat
2069 3071 2311 3133 lectoreS,
2363 3076 2424 3121 ut
2458 3086 2579 3119 cum
2615 3071 2733 3119 istis
2769 3068 3130 3119 seductoribus

660 3156 859 3207 nullam
898 3160 1319 3207 communionem
1357 3158 1603 3208 habeant.
1642 3160 1705 3208 V.
1743 3162 1792 3208 4.
1843 3160 1884 3223 2)
1925 3158 2126 3209 Suadet
2160 3175 2209 3207 V.
2236 3160 2285 3207 5.
2323 3158 2538 3207 omnino
2577 3155 2878 3206 cavendum
2916 3171 3032 3205 esse
3066 3154 3126 3201 ab

661 3245 933 3309 impietate
980 3247 1037 3295 in
1082 3246 1215 3307 Deo,
1264 3262 1329 3294 ne
1376 3246 1519 3311 quod
1566 3246 1766 3311 populo
1817 3246 2036 3311 contigit
2084 3245 2208 3295 olim
2255 3244 2506 3305 hebraee,
2557 3246 2770 3293 eveniat
2815 3246 2975 3293 etiam
3011 3242 3125 3291 illis.

660 3332 777 3381 Non
814 3332 1024 3383 suffecit
1058 3332 1314 3382 Israelitis
1352 3333 1487 3382 adeo
1524 3333 1744 3382 mirifice
1781 3332 1936 3381 educi
1975 3332 2040 3381 de
2067 3334 2326 3397 Aegypto,
2363 3332 2458 3381 sed
2493 3347 2614 3380 cum
2649 3348 2758 3381 non
2791 3333 3126 3397 persisterent

657 3418 713 3467 in
749 3418 853 3468 fide
890 3419 1049 3468 deleti
1086 3424 1223 3469 sunt.
1262 3420 1414 3469 Num.
1456 3422 1537 3481 14,
1564 3422 1645 3469 37.
1701 3420 1852 3480 Quae
1900 3426 2208 3484 quantaque
2255 3418 2523 3483 supplicia
2569 3426 2826 3467 maneant
2861 3420 3124 3483 apostatas

659 3504 815 3555 docet
838 3522 887 3554 ν.
912 3508 959 3555 6.
980 3505 1221 3555 horribili
1243 3506 1551 3570 angelorum
1570 3505 1724 3571 lapsu
1745 3512 1799 3557 et
1818 3506 2172 3555 damnatione.
2207 3504 2286 3554 cf.
2301 3506 2439 3555 Hist.
2457 3506 2520 3555 R.
2534 3506 2597 3554 V.
2611 3506 2674 3554 T.
2695 3522 2748 3570 p.
2765 3508 2848 3555 25.
2885 3503 3124 3553 Continet

659 3597 834 3642 autem
878 3599 1243 3659 argumentum
1288 3609 1323 3642 a
1364 3595 1609 3643 maiore
1657 3594 1733 3643 ad
1783 3594 2018 3655 minus,
2063 3594 2309 3657 negative
2357 3592 2460 3644 hoc
2501 3593 2688 3643 modo:
2745 3592 2790 3641 si
2833 3593 2981 3641 Deus
3027 3604 3122 3637 non

656 3681 895 3745 pepercit
928 3679 1147 3745 Angelis
1192 3681 1556 3745 peccantibus,
1599 3685 2082 3745 quantumcumque
2122 3680 2522 3745 praestantioris
2564 3679 2766 3728 fuerint
2799 3678 3122 3733 conditionis,

656 3766 751 3816 sed
788 3781 907 3815 cum
943 3766 1177 3831 gloriosa
1210 3782 1384 3817 rerum
1420 3782 1633 3817 suarum
1673 3767 1800 3817 sede
1837 3784 1894 3817 se
1931 3772 2201 3829 exuerent,
2240 3766 2590 3816 defectionem
2629 3782 2814 3815 eorum
2852 3767 2956 3814 iam
2992 3763 3123 3811 ultus

657 3858 763 3915 est,
802 3858 855 3903 et
888 3855 1125 3904 severius
1160 3854 1335 3903 adhuc
1368 3855 1423 3904 in
1456 3870 1703 3919 supremo
1729 3854 1815 3903 die
1853 3854 2163 3917 ulciscetur;
2201 3853 2367 3903 multo
2403 3854 2576 3903 minus
2611 3858 2800 3918 parcet
2837 3850 3122 3901 hominibus

655 3940 869 4006 perfidis
893 3941 1019 3990 fidei
1044 3954 1109 3990 ac
1134 3941 1411 3991 Ecclesiae
1437 3955 1567 3991 suae
1593 3942 1968 3991 desertoribus.
2007 3941 2154 3990 Idem
2179 3944 2418 4007 sequitur
2442 3956 2490 3989 v.
2516 3942 2562 3990 7.
2587 3956 2654 3989 ex
2679 3940 2835 3989 ruina
2859 3938 3122 3989 notissima

656 4026 1095 4092 Sodomaeorum,
1141 4029 1391 4093 peribunt
1439 4029 1756 4093 quicumque
1803 4044 1997 4094 corpus
2034 4029 2150 4079 Deo
2201 4028 2530 4079 subtractum
2565 4028 2875 4092 mancipant
2907 4024 3121 4075 libidini.

654 4114 727 4164 Et
764 4114 1033 4165 concludit
1068 4132 1117 4164 v.
1155 4117 1203 4165 8.
1242 4115 1429 4181 quales
1467 4115 1684 4165 suerunt
1715 4116 1950 4165 Hebraei
1987 4115 2260 4177 increduli,
2298 4115 2722 4165 cacodaemones
2761 4120 2814 4164 et
2849 4110 3118 4163 Sodomaei

654 4201 789 4251 tales
825 4217 963 4266 pene
1000 4207 1054 4251 et
1087 4202 1173 4251 isti
1210 4203 1540 4266 impostores.
1602 4199 1642 4266 ³)
1681 4201 1834 4262 Quod
1875 4218 1980 4251 non
2025 4202 2152 4251 fecit
2187 4202 2725 4267 praecellentissimus
2761 4198 3117 4265 Archangelus

652 4288 881 4338 Michael
920 4288 1229 4339 altercando
1266 4305 1386 4338 cum
1424 4289 1820 4339 damnatissimo
1859 4289 2148 4353 daemone;
2196 4290 2396 4341 audent
2439 4290 2572 4339 viles
2607 4290 2698 4339 isti
2733 4288 3118 4339 homunciones.

653 4376 1018 4441 Archangelus
1056 4392 1167 4425 rem
1202 4380 1369 4425 totam
1404 4376 1642 4441 permisit
1677 4375 1875 4427 iudicio
1915 4376 2146 4439 Domini,
2174 4404 2238 4413 —
2265 4393 2314 4425 v.
2339 4376 2478 4427 Hist.
2505 4376 2637 4426 Rev.
2661 4376 2726 4427 V.
2753 4376 2813 4425 Τ.
2839 4392 2890 4441 p.
2919 4375 3032 4423 127.
3057 4396 3118 4407 -

654 4460 707 4510 hi
745 4464 801 4511 in
838 4478 992 4513 omne
1030 4464 1306 4528 imperium
1342 4462 1737 4513 contumeliosi:
1787 4464 2021 4529 seposito
2057 4464 2160 4513 Dei
2197 4465 2384 4513 timore
2417 4462 2795 4528 hominumque
2831 4458 3116 4510 reverentia

654 4554 849 4598 cuncta
883 4549 1083 4599 audent
1118 4548 1433 4599 convellere.
1494 4550 1537 4613 ⁴)
1574 4549 1638 4599 L.
1675 4550 1894 4613 Ritschl‚
1933 4554 1983 4599 ii.
2021 4550 2072 4599 d.
2109 4551 2178 4599 im
2215 4550 2391 4599 Briefe
2429 4550 2480 4598 d.
2513 4549 2688 4599 Judas
2725 4548 2866 4599 char.
2901 4546 3115 4596 Antino-

652 4634 858 4695 misten‚
896 4636 971 4684 St.
999 4651 1050 4685 u.
1076 4636 1165 4685 Kr.
1195 4637 1345 4685 1861.
1372 4654 1422 4703 p.
1451 4638 1566 4686 103.
1593 4652 1633 4686 s.
