3267 5259
606 400 733 465 160
1272 414 1390 457 niet.
1421 414 1525 457 Rev.
1555 414 1644 456 div.
1673 413 1728 457 N.
1759 416 1809 455 Τ.
1839 414 2005 457 Pon-iod.
2033 414 2070 455 1.
2091 425 2186 466 cap.
2215 414 2414 457 alterum.

601 594 709 651 bus
754 598 813 651 et
858 594 1216 651 documentis
1262 594 1728 653 Resurrectionis
1772 594 2113 653 Dominicae
2157 595 2366 673 quavis
2395 594 2736 671 exceptione
2765 596 3062 654 maioribus

601 697 780 755 dubia
824 702 881 755 et
926 699 1263 773 negationes
1308 704 1686 775 opponerent,
1737 718 1886 776 quae
1931 700 2000 755 de
2047 699 2360 757 temeraria
2404 700 2780 757 inventorum
2821 699 3062 766 audacia,

600 822 718 859 non
765 808 960 860 autern
992 804 1061 859 de
1090 802 1511 861 incertitudine
1557 803 1716 875 facti,
1765 804 1916 881 quod
1963 823 2301 879 oppugnare
2345 805 2722 875 contendunt,
2767 810 3063 872 testantur3

600 902 716 962 imo
763 908 955 983 potius
1000 927 1124 965 rem
1168 907 1329 965 omni
1373 907 1745 966 dubitatione
1805 912 2096 965 exemtam
2153 908 2522 967 confirmant.
2593 909 2812 967 Verum
2869 910 3066 967 acriter

598 1030 825 1089 quoque
855 1010 1004 1069 illud
1036 1011 1176 1069 tuiti
1220 1016 1359 1069 sunt
1403 1011 1526 1084 alii,
1576 1032 1752 1090 quam
1791 1010 2056 1087 plurimi.
2103 1012 2192 1069 De
2235 1013 2684 1072 Resurrectione
2715 1014 2786 1070 D.
2823 1014 2896 1071 N.
2923 1014 2978 1071 J.
3008 1008 3063 1069 ff.

597 1116 958 1192 scripserunt
1002 1116 1356 1193 Apologetae
1402 1116 1579 1192 prisci
1624 1136 1670 1173 S.
1717 1117 1923 1174 Patres
1969 1122 2028 1175 et
2064 1116 2388 1193 Scriptores
2417 1118 2507 1189 E„
2558 1118 2820 1175 homiliis
2861 1124 2916 1175 et
2955 1138 3064 1174 ser-

597 1220 867 1279 monibus
912 1220 1071 1279 inter
1113 1241 1173 1278 se
1217 1221 1530 1279 convenire
1574 1220 1981 1295 Evangelistas
2025 1222 2513 1280 demonstrantes:
2559 1222 2627 1279 in
2671 1242 2914 1301 quorum
2943 1242 3062 1298 ope-

598 1326 763 1383 ribus
823 1345 939 1383 non
1000 1344 1068 1383 ea
1132 1324 1319 1383 solum
1386 1344 1534 1403 quae
1593 1331 1764 1382 erant
1821 1327 1894 1383 ab
1955 1326 2412 1400 Evangeliorum
2457 1327 2841 1403 scriptoribus
2897 1327 3064 1384 relata

598 1429 1104 1505 deprehendimus3
1192 1450 1399 1487 verum
1472 1429 1650 1487 etiam
1730 1428 1919 1487 multa
1977 1430 2095 1487 alia
2163 1431 2384 1489 tradita
2447 1432 2761 1504 habemu5‚
2823 1452 2962 1510 quae
3011 1433 3066 1487 in

598 1532 1042 1592 Resurrectione
1086 1539 1147 1592 et
1192 1534 1541 1593 Ascensione
1602 1532 1982 1592 aestimandis
2025 1540 2200 1613 atque
2243 1536 2686 1612 comprobandis
2739 1536 3066 1611 gravissima

596 1644 787 1697 sunto.
834 1638 1236 1697 Invalesoente
1285 1638 1595 1696 recentiori
1643 1644 1900 1714 tempore
1945 1640 2414 1699 adversariorum
2460 1643 2662 1713 turba,
2729 1646 2896 1699 aucta
2935 1660 3064 1718 quo-

595 1762 705 1821 que
750 1748 837 1800 est
882 1744 967 1801 rei
1012 1748 1244 1801 nostrae
1289 1748 1790 1819 propugnatorum
1850 1762 2062 1802 corona
2089 1744 2136 1815 ¹,
2199 1744 2302 1823 qui
2359 1744 2753 1802 temeritatem
2811 1746 3065 1802 adversa-

596 1846 820 1905 riorum
864 1868 970 1925 pro
1014 1848 1224 1905 merito
1266 1848 1657 1922 castigarunt,
1705 1853 1766 1906 et
1809 1848 1894 1905 rei
1941 1848 2252 1907 veritatem
2311 1847 2374 1907 in
2421 1854 2624 1925 aperta
2669 1848 2796 1907 luce
2839 1848 3065 1907 colloca-

596 1958 756 2011 runt.
820 1953 878 2011 S.
912 1954 979 2010 P.
1028 1958 1087 2011 et
1130 1952 1188 2011 S.
1224 1952 1292 2009 E.
1342 1952 1593 2027 vestigia
1635 1953 1890 2027 legentes
1935 1973 2039 2011 nos
2083 1973 2310 2032 quoque
2354 1954 2706 2031 mysterium
2751 1954 2924 2023 istud,
2972 1972 3068 2029 pro

594 2076 700 2115 sua
742 2058 1036 2132 gravitate
1082 2062 1141 2115 et
1182 2056 1475 2131 dignitate
1520 2062 1878 2133 pertractare
1922 2057 2218 2129 volumus;
2267 2055 2700 2134 ἐναντισφανείας
2745 2066 3066 2135 ceterasque

594 2160 973 2219 difficultates
1012 2182 1087 2219 ex
1132 2160 1273 2236 ipsis
1316 2160 1715 2235 Evangelistis
1759 2163 1991 2220 obortas
2036 2182 2155 2220 non
2201 2162 2599 2234 reticebimus,
2661 2164 2762 2220 sed
2807 2162 3065 2239 expedie-

594 2284 751 2334 mus3
802 2264 1061 2341 persuasi
1106 2264 1315 2321 Libros
1360 2264 1677 2340 inspiratos
1722 2286 1899 2341 supra
1943 2270 2160 2325 ceteros
2205 2266 2314 2324 hac
2351 2267 2760 2342 praerogativa
2805 2267 3066 2335 eminere,

592 2370 743 2447 quod
808 2369 962 2427 nihil
1020 2368 1083 2426 in
1145 2369 1217 2425 iis
1282 2368 1641 2445 reperiatur,
1705 2372 1858 2448 quod
1919 2370 2089 2429 fallat
2147 2370 2240 2427 vel
2306 2366 2590 2427 deficiat2.

593 2592 739 2657 leges
798 2595 1185 2659 impugnarent,
1224 2609 1331 2659 quo
1388 2594 1467 2643 sic
1522 2610 1712 2644 everso
1781 2594 2064 2659 principali
2109 2594 2356 2659 dog-mate
2411 2609 2618 2643 omnem
2665 2592 2878 2643 tandem
2921 2592 3066 2643 fidem

594 2679 701 2728 labi
740 2696 959 2731 necesse
995 2681 1079 2730 sit.

806 2766 841 2833 ¹)
878 2766 1323 2817 Enumerabimus
1348 2766 1523 2817 denuo
1559 2766 1731 2817 solum
1766 2769 2100 2833 praecipuos.
2139 2767 2354 2817 Dcistas
2391 2766 2494 2815 sibi
2516 2766 2838 2816 refellendos
2863 2766 3066 2815 sumsit:

592 2853 690 2903 Th.
717 2852 1022 2915 Scherlock,
1050 2852 1137 2901 the
1156 2852 1321 2917 Tryal
1347 2853 1407 2901 of
1427 2852 1513 2902 the
1526 2853 1822 2903 Witnesses
1848 2853 1908 2902 of
1928 2852 2016 2902 the
2040 2852 2418 2903 Resurrection
2443 2852 2502 2903 of
2521 2853 2558 2903 J
2561 2869 2701 2903 esus.
2733 2853 2904 2903 Lond.
2927 2854 3067 2901 1729.

592 2941 857 3005 Egregius
893 2940 1029 2989 liber
1066 2940 1153 2989 cui
1189 2956 1257 2989 ne
1292 2939 1641 2990 Woolstonus
1679 2940 1892 3005 quidem
1927 2939 2140 2989 laudem
2177 2939 2443 3004 denegare
2487 2941 2679 3006 potuit.
2729 2940 2800 2989 Μ.
2841 2940 3067 2998 Crusius,

592 3028 776 3077 Han-m.
802 3028 941 3077 Hist.
967 3044 1048 3077 ev.
1085 3027 1151 3077 de
1183 3028 1249 3075 iis
1288 3041 1425 3092 quae
1460 3028 1605 3076 eirca
1639 3026 1901 3093 sepulchr.
1939 3026 1999 3076 O.
2037 3042 2236 3091 resur-g.
2263 3027 2299 3076 f.
2339 3026 2478 3077 Gott.
2509 3029 2663 3077 1737.
2701 3026 2785 3075 Εἰ.
2821 3026 2974 3075 Anal.
3011 3024 3068 3073 dc

594 3116 757 3180 antiq.
785 3114 971 3169 Harm.
996 3131 1077 3164 ev.
1104 3114 1249 3163 circa
1274 3129 1465 3164 resurr.
1492 3113 1551 3163 C.
1579 3130 1701 3179 opp.
1739 3119 1794 3163 et
1825 3114 1930 3163 def.
1954 3115 2010 3162 in
2035 3113 2257 3163 Miscell.
2299 3112 2554 3178 Groning.
2584 3115 2737 3162 1743.
2775 3112 2864 3174 lv,
2895 3114 3008 3162 140.
3031 3128 3070 3161 s.

591 3202 644 3252 J.
669 3202 734 3251 E.
761 3201 1023 3263 Scheibel,
1050 3216 1187 3250 neue
1213 3200 1425 3251 Unters.
1454 3204 1505 3249 fl.
1528 3200 1575 3249 d.
1598 3200 1791 3250 Gcsch.
1819 3200 1912 3249 der
1931 3199 2228 3250 Aufcrsteh.
2248 3200 2300 3250 J.
2317 3198 2376 3249 C.
2403 3200 2572 3249 Brcsl.
2595 3201 2748 3249 1797.
2787 3198 2842 3248 S.
2869 3197 3069 3248 Chand·

590 3289 686 3351 ler,
713 3288 800 3339 the
824 3289 1122 3339 Witnesses
1146 3288 1206 3337 of
1226 3286 1315 3337 the
1339 3289 1718 3337 Resurrection
1743 3288 1802 3337 of
1819 3288 1984 3338 Jesus
2009 3286 2362 3337 reexamined.
2387 3287 2562 3337 Lond.
2587 3288 2740 3336 1743.
2777 3287 2830 3337 J.
2843 3286 2908 3335 H.
2926 3286 3068 3345 Reae,

593 3375 677 3425 die
700 3374 1301 3440 Auferstehungsgesch.
1334 3374 1501 3424 vei-th.
1538 3374 1836 3425 Braunsch.
1864 3376 2014 3425 1774.
2075 3374 2137 3424 G.
2162 3374 2324 3436 Less,
2362 3374 2450 3423 die
2474 3371 3068 3439 Auferstehungsgesch.

590 3478 641 3511 ιι.
676 3476 723 3511 a.
763 3478 811 3511 v.
838 3462 937 3511 Ev.
977 3460 1121 3511 (ἐδτι.
1150 3462 1299 3523 1779,
1359 3461 1420 3511 Α.
1455 3460 1694 3523 Pseiffer‚
1741 3462 1852 3511 nati
1890 3476 1955 3511 ox
1991 3478 2118 3512 sem.
2144 3462 2281 3511 Dav.
2307 3460 2370 3509 F.
2397 3461 2464 3509 D.
2503 3476 2697 3511 resurr.
2735 3462 2882 3527 Lips.
2925 3458 3068 3508 1780.

591 3548 643 3597 J.
669 3548 720 3597 J.
750 3548 1058 3611 Griesbach,
1084 3548 1371 3613 inquiritur
1384 3548 1447 3597 'in
1473 3548 1648 3598 fontes
1674 3549 1775 3598 Ev.
1802 3547 1868 3597 de
1893 3562 2086 3598 resurr.
2112 3548 2196 3609 D.‚
2222 3548 2276 3597 in
2303 3564 2386 3613 op.
2413 3546 2496 3597 ed.
2524 3546 2741 3597 Gabler.
2777 3546 2814 3596 J
2818 3562 2899 3597 en.
2929 3546 3068 3595 1825.

592 3634 662 3696 ΙΙ,
690 3636 809 3684 241.
837 3650 877 3684 s.
928 3636 979 3684 J.
1008 3634 1067 3685 C.
1094 3634 1405 3697 Velthusen‚
1442 3634 1583 3684 Hist.
1622 3650 1722 3685 res.
1748 3635 1800 3685 J.
1829 3634 1887 3684 C.
1913 3632 2241 3695 confirmata,
2278 3635 2334 3684 in
2361 3650 2546 3683 comm.
2583 3634 2676 3695 IV,
2706 3635 2790 3683 77.
2817 3650 2857 3683 s.
2907 3632 2969 3681 C.
2989 3631 3068 3680 Fr.

590 3720 857 3784 Brescius,
883 3721 1145 3787 Apologia
1172 3721 1265 3771 der
1289 3721 1893 3787 Auferstehungsgeseh.
1922 3722 2073 3787 Lips.
2102 3724 2252 3779 1804.
2302 3722 2364 3771 1⁴¹.
2389 3722 2452 3771 L.
2481 3720 2706 3787 Gelpke,
2736 3720 2835 3769 das
2854 3718 3070 3769 Unhalt·

589 3809 719 3859 bare
758 3807 851 3857 der
876 3808 1099 3858 Ansiclit
1136 3808 1229 3858 des
1266 3808 1330 3858 L.
1355 3808 1404 3858 J.
1434 3825 1483 3858 ιι.
1510 3808 1577 3858 D.
1618 3808 1718 3858 Str.
1749 3810 1898 3858 1836.
1941 3809 1992 3859 J.
2017 3808 2069 3858 J.
2095 3807 2328 3871 Doedes,
2367 3808 2432 3857 de
2457 3808 2631 3859 Jesu'
2615 3824 2672 3857 m
2696 3807 2862 3856 vitam
2887 3805 3068 3855 reditu.

589 3896 732 3945 'Ii-ai.
758 3895 829 3945 ad
850 3895 1021 3945 Rhen.
1062 3896 1213 3945 1841.
1249 3911 1302 3961 p.
1328 3898 1409 3945 33.
1446 3909 1487 3945 s.
1534 3896 1756 3960 Bur-ger,
1792 3896 1850 3944 in
1887 3910 2010 3945 ann.
2039 3894 2295 3944 zeitschr.
2333 3894 2369 3944 f.
2405 3895 2548 3943 Prot.
2584 3910 2635 3943 u.
2669 3892 2886 3942 Kirche.
2927 3893 3069 3941 1841.

589 3982 817 4045 Ebrard,
855 3984 995 4032 wiss.
1020 3983 1112 4031 Kr.
1140 3981 1189 4031 d.
1217 3998 1299 4032 ον.
1325 3981 1516 4031 Gesch.
1556 3998 1607 4047 p.
1634 3983 1752 4032 574.
1802 3982 1944 4046 Hug,
1985 3980 2234 4031 Gutacht.
2260 3981 2330 4043 ΙΙ,
2370 3982 2488 4031 208.
2513 3994 2554 4029 s.
2591 3981 2645 4029 J.
2671 3979 2852 4041 Evelt,
2879 3978 2944 4028 de
2969 3979 3070 4025 vita

589 4074 755 4120 morte
794 4074 848 4119 et
883 4069 1287 4119 resurrectione.
1325 4067 1553 4117 Paderb.
1583 4070 1732 4117 1851.
1770 4084 1820 4133 Ρ.
1848 4070 1930 4118 55.
1957 4085 1998 4118 s.
2035 4067 2323 4130 Auberlen,
2351 4067 2400 4117 d.
2427 4066 2578 4133 gottl.
2605 4066 2817 4116 Offenb.
2855 4066 2898 4128 Ι,
2925 4066 3005 4115 28.
3033 4078 3070 4112 s.

588 4156 658 4206 H.
686 4154 976 4217 Gebhardt,
1016 4155 1101 4205 die
1128 4155 1523 4220 Auferstehung
1549 4155 1748 4205 Christi
1783 4172 1836 4205 u.
1873 4154 1987 4205 ihre
2011 4160 2220 4205 neuest.
2247 4154 2477 4220 Gegner.
2517 4153 2709 4204 Gotha.
2739 4155 2892 4203 1864.
2931 4152 2988 4201 C·-
3013 4152 3070 4200 A.

588 4244 958 4305 Weidemann,
1001 4242 1087 4291 dic
1129 4247 1352 4293 neueste
1384 4242 1639 4291 Darstell.
1691 4241 1740 4290 d.
1778 4243 1841 4292 L.
1867 4242 1920 4292 J.
1945 4242 2017 4292 ib.
2046 4244 2195 4292 1864.
2223 4258 2275 4307 p.
2303 4242 2420 4291 172.
2447 4257 2490 4291 s.
2539 4240 2624 4290 W.
2650 4239 2953 4304 Beischlag‚
2991 4238 3070 4286 die

588 4330 981 4395 Auferstehung
1006 4328 1203 4379 Christi
1228 4344 1279 4379 u.
1306 4328 1419 4379 ihre
1444 4332 1647 4378 neuest.
1674 4328 1918 4379 Bestreit.
1949 4328 2092 4378 Berl.
2121 4329 2272 4379 1865.
2335 4326 2376 4391 ²)
2415 4327 2586 4393 quue
2625 4343 2689 4377 eo
2727 4328 2895 4392 magis
2935 4322 3072 4391 quod

588 4416 767 4467 multis
802 4416 905 4465 hoc
942 4422 1179 4481 tempore
1216 4415 1349 4465 nihil
1394 4414 1603 4466 avidius
1647 4420 1958 4481 exspectent
2001 4414 2087 4465 vel
2125 4418 2410 4481 quaerant,
2449 4428 2608 4480 quam
2647 4416 2739 4479 qui
2775 4414 2908 4479 ipsis
2949 4427 3072 4477 „pro

587 4501 802 4552 Junone
839 4503 1069 4564 nubes“,
1118 4518 1211 4567 pro
1259 4502 1381 4553 luce
1428 4502 1676 4553 tenebras
1723 4502 1974 4553 vendant.
2025 4502 2158 4551 Nam
2205 4501 2288 4551 his
2325 4500 2516 4551 diebus
2553 4501 2779 4551 simulac
2816 4515 3072 4566 nugarum

587 4593 835 4654 portenta
870 4589 1133 4655 quaedam
1160 4589 1455 4651 traduntur,
1494 4594 1620 4638 sunt
1657 4590 1751 4655 qui
1787 4604 1852 4639 ea
1887 4589 2134 4638 credant!
