3267 5259
614 449 743 520 372
1352 462 1465 511 nint.
1494 462 1601 511 Rev.
1630 466 1720 511 div.
1750 463 1918 511 Porio-1.
1949 464 2006 511 11.
2029 480 2124 521 cap.
2153 464 2353 519 prinum.

763 750 822 828 ξ.
872 750 975 815 75.
1042 745 1467 833 Epistolae
1514 747 1611 812 ad
1658 746 2424 812 Thessalonicenses
2471 748 2946 833 posterioris

1574 870 2139 945 argumentum.

820 1052 925 1115 Ex
974 1050 1289 1116 divisione
1338 1050 1776 1135 agendorum,
1845 1073 2014 1139 quae
2062 1074 2112 1115 s.
2157 1050 2402 1116 Paulus
2447 1050 2574 1115 hac
2619 1049 2893 1137 epistola
2947 1052 3074 1115 scri-

612 1165 833 1231 benda
886 1164 1008 1229 sibi
1067 1173 1535 1250 proposuerat,
1596 1166 1920 1250 tripartita
1980 1173 2097 1229 est.
2175 1162 2343 1228 Cum
2388 1164 2518 1227 Dei
2563 1166 2628 1227 in
2689 1162 3074 1227 Thessaloni-

612 1300 843 1343 censes
890 1276 1127 1342 collata
1169 1275 1514 1359 beneficia,
1562 1299 1680 1340 sua
1727 1299 1870 1341 esse
1915 1286 2178 1361 reputet
2219 1275 2609 1362 Apostolus,
2678 1277 2921 1361 gratias
2965 1276 3076 1359 agit

612 1392 896 1454 Domino
960 1388 1044 1455 ob
1101 1389 1299 1453 fidem
1357 1398 1422 1453 et
1476 1391 1812 1454 caritatem
1875 1412 2132 1473 eorum,
2195 1412 2364 1475 quae
2410 1388 2764 1454 maioribus
2830 1390 2898 1452 in
2962 1388 3076 1451 dies

611 1503 869 1591 proficit
910 1504 1347 1566 incrementis.
1423 1501 1688 1566 Laudat
1730 1512 2002 1589 propter
2046 1502 2476 1566 constantiam
2521 1503 2588 1565 in
2633 1502 3076 1587 persecutioni-

611 1616 755 1698 bus,
802 1624 1153 1699 narratque
1201 1636 1271 1679 se
1318 1614 1494 1700 apud
1542 1624 1796 1679 ceteras
1841 1613 2174 1679 Ecclesiae
2219 1612 2478 1699 gloriari
2526 1612 2609 1677 de
2653 1613 2910 1678 illorum
2955 1636 3079 1700 per·

612 1730 996 1793 severantia.
1073 1725 1243 1790 Tum
1306 1728 1497 1811 erigit
1555 1728 1808 1791 animos
1855 1750 2102 1811 eorum,
2165 1725 2516 1792 ostendens
2561 1737 2878 1813 quantum
2924 1728 3079 1813 ipsos

610 1842 1004 1928 praemium,
1079 1839 1488 1904 adversarios
1547 1862 1705 1903 vero
1754 1839 2146 1925 supplicium
2190 1850 2482 1921 maneat,
2559 1862 2710 1903 cum
2775 1838 3080 1904 Dominus

610 1956 832 2017 veniet
876 1952 959 2017 de
1008 1951 1192 2016 coelo
1238 1954 1306 2015 in
1350 1952 1660 2015 iudicium
1685 1956 1724 2017 ¹.
1772 1950 2058 2037 Corrigit
2103 1974 2390 2016 errorem
2437 1975 2523 2016 ex
2566 1954 2780 2039 prima
2825 1950 3083 2039 epistola

608 2088 958 2153 perperam
1002 2063 1332 2128 intellecta
1377 2063 1491 2147 ,de
1538 2066 1884 2129 instante
1933 2062 2037 2129 die
2083 2064 2304 2130 iudicii
2351 2068 2670 2131 extremi!
2719 2064 2888 2130 Cum
2925 2067 3076 2129 enim

612 2177 878 2266 quidam
938 2178 1325 2263 impostores
1386 2172 1727 2241 turbarent
1788 2176 2440 2261 Thessalonicenses3
2505 2180 2690 2263 quasi
2746 2201 2832 2241 ex
2881 2190 3080 2242 mente

610 2290 795 2355 Pauli
841 2291 909 2355 in
955 2288 1243 2374 singulas
1287 2288 1482 2354 horas
1527 2289 1888 2355 adventum
1934 2290 2170 2355 Christi
2211 2288 2728 2376 exspectandum
2759 2290 3082 2369 haberent,

612 2403 1049 2490 explicatione
1097 2402 1413 2488 ampliore
1461 2425 1627 2488 opus
1691 2412 1832 2467 erat
1845 2404 1891 2468 ².
1967 2403 2148 2467 Dicit
2208 2406 2396 2489 signa
2454 2426 2624 2489 quae
2683 2412 3087 2468 anteverterit

612 2517 965 2581 adventum
1010 2516 1240 2580 iudicis
1302 2513 1595 2581 nondum
1653 2518 2056 2602 apparuisse.
2133 2514 2268 2581 Ore
2317 2539 2538 2581 coram
2586 2538 2656 2579 se
2706 2514 3083 2602 explicuisse

611 2629 993 2695 Antichristi
1038 2640 1190 2694 ante
1240 2640 1605 2694 extremum
1638 2628 1950 2694 iudicium
1980 2627 2298 2716 prodituri
2333 2628 2813 2715 catastrophen.
2859 2629 3083 2693 Denuo

608 2754 831 2808 tamen
900 2742 1269 2807 doctrinam
1339 2742 1455 2825 ,de
1516 2742 1864 2807 secundo
1929 2742 2241 2807 Christi
2302 2742 2667 2807 adventu
2727 2743 3084 2828 exponit.⁴

607 2856 759 2919 Non
802 2858 983 2941 prius
1028 2856 1257 2920 Jesum
1304 2854 1385 2918 de
1436 2854 1635 2920 coelis
1679 2854 2074 2939 rediturum,
2143 2878 2340 2943 quam
2408 2858 2537 2920 iam
2599 2858 2976 2942 apparuerit
3028 2856 3086 2916 in

608 2968 873 3051 mund0,
950 2990 1120 3053 quae
1180 2970 1309 3031 iam
1357 2968 1571 3033 adhuc
1616 2966 1778 3033 latet
1834 2970 1900 3033 in
1962 2972 2093 3034 suis
2163 2970 2404 3051 causis,
2474 2968 2859 3033 discessio
2927 2969 3086 3033 sive

610 3082 1031 3166 apostasia
1076 3091 1151 3145 et
1195 3080 1417 3145 homo
1469 3081 2170 3165 flagitiosissimus.
2247 3081 2375 3146 Hic
2421 3082 2617 3145 talem
2663 3102 2736 3145 se
2783 3081 2981 3159 feret,
3025 3089 3086 3141 ut

611 3195 964 3275 exstincto,
1030 3203 1343 3278 quantum
1394 3195 1669 3278 poterit,
1732 3196 1872 3258 veri
1918 3194 2044 3257 Dei
2095 3194 2270 3259 cultu
2319 3195 2606 3261 fastuose
2654 3194 2882 3258 sedem
2942 3192 3086 3277 figat

610 3329 809 3392 super
839 3304 1005 3369 aede
1039 3307 1462 3370 sanctissima.
1514 3304 1688 3386 Quid
1720 3329 1895 3371 nunc
1927 3305 2104 3371 illum
2147 3306 2467 3389 cohibeat,
2501 3307 2850 3392 quominus
2881 3304 3086 3391 palam

570 3420 739 3506 'vim
788 3440 971 3483 suam
1029 3417 1224 3502 longe
1270 3418 1533 3503 lateque
1580 3419 1904 3504 proferat,
1967 3420 2084 3502 ait,
2139 3418 2310 3483 bene
2359 3420 2580 3483 nostis.
2657 3418 2716 3481 N
2723 3442 2809 3483 on
2865 3418 3087 3483 deesse

608 3530 732 3593 hac
779 3533 973 3595 etiam
1021 3539 1235 3594 aetate
1282 3529 1450 3594 illius
1492 3552 1992 3616 praecursores,
2065 3533 2174 3615 qui
2236 3531 2493 3595 occulta
2553 3533 2882 3616 nequitiae
2928 3529 3088 3593 illius

612 3642 891 3707 hominis
948 3641 1357 3729 praeludunt.
1436 3643 1764 3708 Christum
1833 3653 2121 3708 attamen
2182 3642 2596 3709 Assertorem
2658 3654 2950 3707 nostrum
3011 3640 3090 3703 ad

608 3754 949 3821 Ecclesiae
1020 3779 1177 3821 suae
1224 3759 1289 3821 in
1339 3767 1631 3822 extremo
1702 3779 1872 3842 pene
1938 3756 2309 3821 discrimine
2370 3756 2725 3823 laborantis
2785 3754 3090 3821 auxilium

609 3869 1065 3951 adventurum,
1113 3879 1179 3933 et
1223 3890 1381 3933 suae
1426 3870 1840 3956 praesentiae
1885 3869 2113 3934 illustri
2157 3870 2725 3935 manifestatione³
2774 3868 3088 3933 Antichri-

820 4133 857 4202 ι)
894 4135 1087 4184 Veniet
1120 4136 1341 4199 inquam
1376 4140 1437 4183 ut
1470 4132 1798 4199 glorificetur
1832 4135 1888 4183 in
1924 4134 2105 4196 vobis,
2154 4148 2289 4199 quos
2325 4138 2478 4183 tanta
2511 4134 2708 4183 virtute
2747 4133 2994 4192 armavit,
3033 4138 3094 4179 ut

608 4224 787 4271 omnia
824 4222 1053 4272 adversa
1088 4226 1305 4287 propter
1340 4222 1514 4287 ipsum
1550 4221 1730 4271 animo
1765 4221 1966 4270 invicto
2003 4219 2258 4271 toleretis.
2295 4218 2427 4282 Cap.
2466 4224 2512 4270 1.
2575 4219 2617 4285 ²)
2655 4220 2978 4270 Exhomtur
3025 4234 3094 4267 ne

608 4308 982 4358 dimoveantur
1018 4322 1053 4357 a
1086 4308 1381 4368 sententia,
1444 4320 1603 4372 quam
1659 4322 1726 4357 ea
1777 4306 1844 4356 de
1897 4323 1956 4357 re
2009 4306 2218 4369 docuit,
2277 4322 2456 4372 neque
2502 4322 2601 4372 per
2643 4306 3094 4372 praedicationem

608 4396 977 4459 cuiuscunque
1014 4410 1079 4443 ex
1118 4392 1170 4443 S.
1199 4392 1270 4455 S.,
1309 4400 1403 4444 aut
1440 4394 1758 4443 coniecturis
1795 4394 2044 4443 viciniam
2096 4392 2242 4443 illius
2295 4393 2402 4443 diei
2457 4394 2855 4456 annunciantis;
2915 4406 3096 4456 neque

608 4496 705 4545 per
742 4479 1021 4545 epistolam
1060 4494 1219 4545 quam
1256 4480 1535 4542 supposito
1572 4481 1789 4530 nomine
1823 4479 2066 4545 Apostoli
2103 4479 2420 4545 impostores
2456 4479 2675 4545 quidam
2711 4478 3098 4529 confinxerant..

610 4567 651 4630 ³)
690 4567 775 4615 Ex
810 4568 913 4615 Dei
960 4565 1261 4617 desertione
1314 4564 1555 4616 homines
1610 4583 1706 4632 per
1756 4565 2138 4619 Antichristum
2194 4566 2403 4632 decepti
2459 4566 2776 4617 exultabunt
2824 4567 2877 4614 iu
2929 4564 3098 4615 rebus
3208 4614 3210 4623 ,

610 4654 869 4717 pessimis,
908 4653 1003 4703 sed
1037 4652 1235 4703 iudicio
1274 4653 1453 4703 divino
1492 4653 1901 4704 damnabuntur.
1941 4656 1990 4716 2,
2027 4656 2216 4703 4—11.
